Name,Price,Price per Unit,Category,Subcategory,Date
Everyday Essentials Strawberries 227g,£1.69,£7.45 per kg,fresh_food,fruits,2024-11-19
Nature's Pick Bananas 5 Pack,£0.78,£0.16 each,fresh_food,fruits,2024-11-19
Specially Selected Easy Peelers 600g,£1.69,£2.82 per kg,fresh_food,fruits,2024-11-19
The Foodie Market Raspberry Dinos 20g,£0.33,£1.65 per 100g,fresh_food,fruits,2024-11-19
The Foodie Market Strawberry Dinos 20g,£0.33,£1.65 per 100g,fresh_food,fruits,2024-11-19
The Foodie Market Strawberry Dinos 5x20g,£1.69,£1.69 per 100g,fresh_food,fruits,2024-11-19
The Foodie Market Raspberry Dinos 5x20g,£1.69,£1.69 per 100g,fresh_food,fruits,2024-11-19
Nature's Pick Blueberries 150g,£1.69,£11.27 per kg,fresh_food,fruits,2024-11-19
Nature's Pick Pineapple Each,£0.99,£0.99 each,fresh_food,fruits,2024-11-19
Nature's Pick Pomegranate Seeds 80g,£0.89,£11.13 per kg,fresh_food,fruits,2024-11-19
Nature's Pick Grapefruit Each,£0.49,£0.49 each,fresh_food,fruits,2024-11-19
Nature's Pick XL Ripe And Ready Avocado Each,£1.39,£1.39 each,fresh_food,fruits,2024-11-19
Nature's Pick Large Ripe And Ready Avocado Each,£0.89,£0.89 each,fresh_food,fruits,2024-11-19
Nature's Pick Red Seedless Grapes 500g,£1.89,£3.78 per kg,fresh_food,fruits,2024-11-19
Nature's Pick Best Of British Apples 6 Pack,£1.49,£0.25 each,fresh_food,fruits,2024-11-19
Nature's Pick Ripe & Ready Conference Pears 4 Pack,£1.99,£0.50 each,fresh_food,fruits,2024-11-19
Nature's Pick Large Oranges 4 Pack,£1.89,£0.47 each,fresh_food,fruits,2024-11-19
Nature's Pick Ripe & Ready Medium Avocado 2 Pack,£1.59,£0.80 each,fresh_food,fruits,2024-11-19
Nature's Pick Kiwi Fruit 6 Pack,£1.19,£0.20 each,fresh_food,fruits,2024-11-19
Nature's Pick Snack Pack Grapes 170g,£0.85,£5.00 per kg,fresh_food,fruits,2024-11-19
Organic Bananas 6 Pack,£1.39,£0.23 each,fresh_food,fruits,2024-11-19
Nature's Pick Large Loose Mango Each,£0.69,£0.69 each,fresh_food,fruits,2024-11-19
Nature's Pick Pomegranate Each,£0.95,£0.95 each,fresh_food,fruits,2024-11-19
The Foodie Market Raisins Mini Snacks 12x14g,£0.89,£0.53 per 100g,fresh_food,fruits,2024-11-19
Nature's Pick Royal Gala Apples 6 Pack,£1.49,£0.25 each,fresh_food,fruits,2024-11-19
Nature's Pick Braeburn Apples 6 Pack,£0.99,£0.17 each,fresh_food,fruits,2024-11-19
Nature's Pick Mini Apples 6 Pack,£1.09,£0.18 each,fresh_food,fruits,2024-11-19
Nature's Pick Conference Pears 610g,£0.99,£1.62 per kg,fresh_food,fruits,2024-11-19
Nature's Pick Mini Pears 550g,£0.99,£0.20 per kg,fresh_food,fruits,2024-11-19
Nature's Pick Cherries 200g,£2.85,£14.25 per kg,fresh_food,fruits,2024-11-19
Nature's Pick Cox Apples 6 Pack,£1.49,£0.25 each,fresh_food,fruits,2024-11-19
Nature's Pick Raspberries 150g,£1.79,£11.94 per kg,fresh_food,fruits,2024-11-19
Nature's Pick Raspberries 225g,£2.49,£11.07 per kg,fresh_food,fruits,2024-11-19
Nature's Pick Strawberries 227g,£2.19,£9.65 per kg,fresh_food,fruits,2024-11-19
"Nature's Pick Apple, Pineapple & Grape 200g",£0.99,£4.95 per kg,fresh_food,fruits,2024-11-19
Specially Selected Raspberries 150g,£2.19,£14.60 per kg,fresh_food,fruits,2024-11-19
Specially Selected Sable Grapes 400g,£1.99,£4.98 per kg,fresh_food,fruits,2024-11-19
Nature's Pick Plums 1kg,£1.89,£1.89 per kg,fresh_food,fruits,2024-11-19
Nature's Pick Satsumas 600g,£0.99,£1.65 per kg,fresh_food,fruits,2024-11-19
The Pantry Sultanas 500g,£0.95,£1.90 per kg,fresh_food,fruits,2024-11-19
The Pantry Raisins 500g,£1.19,£2.38 per kg,fresh_food,fruits,2024-11-19
Foodie Market Sweet Cranberries 150g,£1.19,£7.93 per kg,fresh_food,fruits,2024-11-19
Foodie Market Raisins & Cranberries 300g,£1.35,£4.50 per kg,fresh_food,fruits,2024-11-19
Nature's Pick Apple Snack Pack 80g,£0.39,£4.88 per kg,fresh_food,fruits,2024-11-19
Nature's Pick Apple & Grape Snack Pack 80g,£0.39,£4.88 per kg,fresh_food,fruits,2024-11-19
Everyday Essentials Easy Peelers 600g,£0.99,£1.65 per kg,fresh_food,fruits,2024-11-19
Nature's Pick Oranges 5 Pack,£1.39,£0.28 each,fresh_food,fruits,2024-11-19
Nature's Pick Mini Easy Peelers 500g,£0.89,£1.78 per kg,fresh_food,fruits,2024-11-19
Nature's Pick Easy Peelers 600g,£1.19,£1.99 per kg,fresh_food,fruits,2024-11-19
Nature's Pick White Seedless Grapes 500g,£1.69,£3.38 per kg,fresh_food,fruits,2024-11-19
Nature's Pick Mixed Seedless Grapes 500g,£1.89,£3.78 per kg,fresh_food,fruits,2024-11-19
Nature's Pick Black Seedless Grapes 500g,£1.89,£3.78 per kg,fresh_food,fruits,2024-11-19
Nature's Pick Granny Smith Apples 6 Pack,£1.49,£0.25 each,fresh_food,fruits,2024-11-19
Nature's Pick Ripen At Home Avocado 4 Pack,£1.29,£0.32 each,fresh_food,fruits,2024-11-19
Everyday Essentials Lemons 4 Pack,£0.69,£0.17 each,fresh_food,fruits,2024-11-19
Everyday Essentials Raspberries 125g,£1.49,£11.92 per kg,fresh_food,fruits,2024-11-19
Nature's Pick Watermelon Each,£2.99,£2.99 each,fresh_food,fruits,2024-11-19
Nature's Pick Galia Melon Each,£1.79,£1.79 each,fresh_food,fruits,2024-11-19
Nature's Pick Kiwi Ripe & Ready 4 Pack,£1.29,£0.32 each,fresh_food,fruits,2024-11-19
Nature's Pick Twin Pack Mango 2 Pack,£1.69,£0.85 each,fresh_food,fruits,2024-11-19
Everyday Essentials Blueberries 125g,£1.39,£11.12 per kg,fresh_food,fruits,2024-11-19
Nature's Pick Sweet Pears 610g,£1.39,£2.28 per kg,fresh_food,fruits,2024-11-19
Nature's Pick Pink Lady Apples 6 Pack,£2.59,£0.43 each,fresh_food,fruits,2024-11-19
Nature's Pick Mini Bananas 7 Pack,£0.88,£0.13 each,fresh_food,fruits,2024-11-19
Nature's Pick Jazz Apples 6 Pack,£2.09,£0.35 each,fresh_food,fruits,2024-11-19
The Foodie Market Dried Prunes 500g,£2.59,£5.18 per kg,fresh_food,fruits,2024-11-19
Nature's Pick Golden Delicious Apples 6 Pack,£1.49,£0.25 each,fresh_food,fruits,2024-11-19
Nature's Pick Plums 400g,£1.19,£2.98 per kg,fresh_food,fruits,2024-11-19
Nature's Pick Unwaxed Lemons Min 4 Pack,£0.99,£0.25 each,fresh_food,fruits,2024-11-19
Nature's Pick Limes 5 Pack,£1.19,£0.24 each,fresh_food,fruits,2024-11-19
Nature's Pick Blackberries 150g,£1.89,£12.60 per kg,fresh_food,fruits,2024-11-19
Nature's Pick Blueberries 400g,£3.39,£8.48 per kg,fresh_food,fruits,2024-11-19
Pinkids Pink Lady Kids Apples 6 Pack,£1.99,£0.33 each,fresh_food,fruits,2024-11-19
Everyday Essentials Grapes 500g,£1.69,£3.38 per kg,fresh_food,fruits,2024-11-19
Nature's Pick Loose Bramley Apples Each,£0.59,£0.59 each,fresh_food,fruits,2024-11-19
Nature's Pick Watermelon Fans 300g,£1.29,£4.30 per kg,fresh_food,fruits,2024-11-19
The Foodie Market Pitted Dates 500g,£2.59,£5.18 per kg,fresh_food,fruits,2024-11-19
Nature's Pick Pineapple Chunks 300g,£1.49,£4.97 per kg,fresh_food,fruits,2024-11-19
The Foodie Market Dino Gems Fruit Sweets 5x20g/5 Pack,£1.09,£1.09 per 100g,fresh_food,fruits,2024-11-19
The Foodie Market Dino Tails Fruit Sweets 5x20g/5 Pack,£1.09,£1.09 per 100g,fresh_food,fruits,2024-11-19
Nature's Pick Dual Mixed Berries 190g,£2.39,£12.58 per kg,fresh_food,fruits,2024-11-19
"Nature's Pick Apples, Grapes & Cheese 105g",£0.99,£9.43 per kg,fresh_food,fruits,2024-11-19
"Nature's Pick Melon, Mango & Pineapple Fingers. 240g",£1.79,£7.46 per kg,fresh_food,fruits,2024-11-19
Nature's Pick Loose Bananas Each,£0.16,£0.16 each,fresh_food,fruits,2024-11-19
Nature's Pick Pomegranate Seeds 200g,£1.89,£9.45 per kg,fresh_food,fruits,2024-11-19
Nature's Pick Crownless Pineapple Each,£0.99,£0.99 each,fresh_food,fruits,2024-11-19
Nature's Pick Honeydew Melon Each,£1.89,£1.89 each,fresh_food,fruits,2024-11-19
Everyday Essentials Blackberries 150g,£1.59,£10.60 per kg,fresh_food,fruits,2024-11-19
Everyday Essentials Oranges 10 Pack,£1.89,£0.19 each,fresh_food,fruits,2024-11-19
The Foodie Market Yogurt Coated Raisins 5x25g,£1.59,£1.27 per 100g,fresh_food,fruits,2024-11-19
The Foodie Market Strawberry Yogurt Bites 5x25g,£1.59,£1.27 per 100g,fresh_food,fruits,2024-11-19
Nature's Pick Melon Medley 300g,£1.69,£5.64 per kg,fresh_food,fruits,2024-11-19
Specially Selected Blueberries 250g,£2.89,£11.56 per kg,fresh_food,fruits,2024-11-19
Nature's Pick Red Apples 2kg,£2.99,£1.50 per kg,fresh_food,fruits,2024-11-19
The Foodie Market Banana Chips 230g,£1.39,£6.04 per kg,fresh_food,fruits,2024-11-19
Everyday Essentials Apples 6 Pack,£1.19,£0.20 each,fresh_food,fruits,2024-11-19
Nature's Pick Mini Watermelon Each,£1.99,£1.99 each,fresh_food,fruits,2024-11-19
Nature's Pick Mango Chunks 240g,£1.99,£8.30 per kg,fresh_food,fruits,2024-11-19
The Foodie Market Blackcurrant Dinos 5x20g,£1.69,£1.69 per 100g,fresh_food,fruits,2024-11-19
The Foodie Market Dried Mango 100g,£1.39,£13.90 per kg,fresh_food,fruits,2024-11-19
The Foodie Market Strawberry & Banana Dino Fruit Bars 5,£1.79,£1.19 per 100g,fresh_food,fruits,2024-11-19
The Foodie Market Mango & Banana Dino Fruit Bars 5x30g,£1.79,£1.19 per 100g,fresh_food,fruits,2024-11-19
Snackrite Strawberry Yogurt Bites 25g,£0.45,£1.80 per 100g,fresh_food,fruits,2024-11-19
Snackrite Yogurt Coated Raisins 25g,£0.45,£1.80 per 100g,fresh_food,fruits,2024-11-19
Snackrite Banana Yogurt Bites 25g,£0.45,£1.80 per 100g,fresh_food,fruits,2024-11-19
The Foodie Market Yogurt Coated Cranberries 170g,£1.19,£7.00 per kg,fresh_food,fruits,2024-11-19
Organic Cucumber Each,£0.99,£0.99 each,fresh_food,vegetables,2024-11-19
Everyday Essentials Baby Plum Tomatoes 250g,£0.69,£2.76 per kg,fresh_food,vegetables,2024-11-19
Nature's Pick Sweetcorn Cobettes 4 Pack,£1.29,£0.32 each,fresh_food,vegetables,2024-11-19
Nature's Pick Lettuce Sweet Gem 2 Pack,£0.89,£0.45 each,fresh_food,vegetables,2024-11-19
Specially Selected Mini San Marzano Tomatoes 250g,£1.69,£6.76 per kg,fresh_food,vegetables,2024-11-19
Nature's Pick Celery Sticks 350g,£0.99,£2.83 per kg,fresh_food,vegetables,2024-11-19
Nature's Pick Tenderstem Broccoli 200g,£1.39,£6.95 per kg,fresh_food,vegetables,2024-11-19
Nature's Pick Carrot Batons 400g,£0.89,£2.23 per kg,fresh_food,vegetables,2024-11-19
"Nature's Pick Peas, Cabbage & Tenderstem Broccoli 240g",£1.79,£7.46 per kg,fresh_food,vegetables,2024-11-19
Specially Selected Piccolato Tomatoes 220g,£1.69,£7.69 per kg,fresh_food,vegetables,2024-11-19
Nature's Pick Red Chillies 65g,£0.57,£8.77 per kg,fresh_food,vegetables,2024-11-19
Nature's Pick Loose Red Peppers Each,£0.59,£0.59 each,fresh_food,vegetables,2024-11-19
Nature's Pick Bistro Salad 160g,£0.69,£4.32 per kg,fresh_food,vegetables,2024-11-19
Nature's Pick Baby Leaf Salad 110g,£0.79,£7.19 per kg,fresh_food,vegetables,2024-11-19
"Nature's Pick Watercress, Spinach & Rocket 80g",£0.59,£7.38 per kg,fresh_food,vegetables,2024-11-19
Nature's Pick Classic Salad 145g,£0.69,£4.76 per kg,fresh_food,vegetables,2024-11-19
Nature's Pick Sweet & Crispy Salad 190g,£0.99,£5.22 per kg,fresh_food,vegetables,2024-11-19
Nature's Pick Italian Style Salad 100g,£0.69,£6.90 per kg,fresh_food,vegetables,2024-11-19
Nature's Pick Loose Sweet Potatoes Each,£0.69,£0.69 each,fresh_food,vegetables,2024-11-19
Nature's Pick Baby Cucumbers 200g,£0.95,£4.75 per kg,fresh_food,vegetables,2024-11-19
Nature's Pick Broccoli & Cauliflower Florets 400g,£1.29,£3.23 per kg,fresh_food,vegetables,2024-11-19
Nature's Pick Mixed Leaf Salad 120g,£0.57,£4.75 per kg,fresh_food,vegetables,2024-11-19
Nature's Pick Crispy Leaf Salad 120g,£0.69,£5.75 per kg,fresh_food,vegetables,2024-11-19
Nature's Pick Rocket & Baby Leaf Salad 90g,£0.79,£8.78 per kg,fresh_food,vegetables,2024-11-19
Nature's Pick Butternut Squash Each,£0.95,£0.95 each,fresh_food,vegetables,2024-11-19
Nature's Pick Beansprouts 400g,£0.75,£1.88 per kg,fresh_food,vegetables,2024-11-19
Nature's Pick Oriental Style Stir Fry 320g,£0.89,£2.79 per kg,fresh_food,vegetables,2024-11-19
Nature's Pick Mixed Pepper Stir Fry 320g,£0.89,£2.79 per kg,fresh_food,vegetables,2024-11-19
Nature's Pick Spring Onions 100g,£0.65,£6.50 per kg,fresh_food,vegetables,2024-11-19
Nature's Pick Rice Noodles 300g,£0.99,£3.30 per kg,fresh_food,vegetables,2024-11-19
Nature's Pick Cucumber Each.,£0.89,£0.89 each,fresh_food,vegetables,2024-11-19
Nature's Pick Sweet Mini Peppers 190g,£1.29,£6.79 per kg,fresh_food,vegetables,2024-11-19
Nature's Pick Sweetheart Cabbage Each,£0.69,£0.69 each,fresh_food,vegetables,2024-11-19
Nature's Pick Singapore Style Noodles 300g,£0.99,£3.30 per kg,fresh_food,vegetables,2024-11-19
Nature's Pick Beef Tomato Each,£0.69,£0.69 each,fresh_food,vegetables,2024-11-19
Nature's Pick Herby Baby Potatoes 385g,£0.99,£2.58 per kg,fresh_food,vegetables,2024-11-19
Nature's Pick British Shredded Kale 200g,£0.85,£4.25 per kg,fresh_food,vegetables,2024-11-19
Nature's Pick Parsnips 500g,£0.69,£1.38 per kg,fresh_food,vegetables,2024-11-19
Everyday Essentials Potatoes 2.5kg,£1.49,£0.60 per kg,fresh_food,vegetables,2024-11-19
Nature's Pick Asparagus Tips 100g,£1.40,£14.00 per kg,fresh_food,vegetables,2024-11-19
Nature's Pick Garlic 4 Pack,£0.95,£0.24 each,fresh_food,vegetables,2024-11-19
Specially Selected Extra Fine Green Beans 200g,£0.89,£4.05 per kg,fresh_food,vegetables,2024-11-19
Nature's Pick Radish 240g,£0.56,£2.34 per kg,fresh_food,vegetables,2024-11-19
Nature's Pick Little Gem Lettuce 2 Pack,£0.79,£0.40 each,fresh_food,vegetables,2024-11-19
Nature's Pick Romaine Hearts 2pk,£1.09,£0.55 each,fresh_food,vegetables,2024-11-19
Everyday Essentials Brown Onions 1kg,£0.80,£0.80 per kg,fresh_food,vegetables,2024-11-19
Nature's Pick Iceberg Lettuce 200g,£0.65,£3.25 per kg,fresh_food,vegetables,2024-11-19
Nature's Pick Wild Rocket 60g,£0.75,£12.50 per kg,fresh_food,vegetables,2024-11-19
Nature's Pick Casserole Vegetables 600g,£0.99,£1.65 per kg,fresh_food,vegetables,2024-11-19
Nature's Pick Shallots/ Echalion Shallots 400g,£0.99,£2.48 per kg,fresh_food,vegetables,2024-11-19
Organic Broccoli 300g,£1.09,£3.64 per kg,fresh_food,vegetables,2024-11-19
Nature's Pick Red Onions 3 Pack,£0.95,£0.32 each,fresh_food,vegetables,2024-11-19
Nature's Pick Vegetable Medley 480g,£1.39,£2.90 per kg,fresh_food,vegetables,2024-11-19
Nature's Pick British Sliced Mushrooms 250g,£0.95,£3.80 per kg,fresh_food,vegetables,2024-11-19
Nature's Pick Courgettes 500g,£1.29,£2.58 per kg,fresh_food,vegetables,2024-11-19
Nature's Pick Brussels Sprouts 500g,£0.85,£1.70 per kg,fresh_food,vegetables,2024-11-19
Nature's Pick Red Onions 1kg,£0.95,£0.95 per kg,fresh_food,vegetables,2024-11-19
Just Organic Carrots 750g,£0.99,£1.32 per kg,fresh_food,vegetables,2024-11-19
Nature's Pick Baby Potatoes 1kg,£1.09,£1.09 per kg,fresh_food,vegetables,2024-11-19
Nature's Pick Closed Cup Mushrooms 400g,£1.19,£2.98 per kg,fresh_food,vegetables,2024-11-19
Nature's Pick Green Beans 220g,£0.85,£3.87 per kg,fresh_food,vegetables,2024-11-19
Nature's Pick Sweetcorn 2 Pack,£1.29,£0.65 each,fresh_food,vegetables,2024-11-19
Nature's Pick Cooked Beetroot 500g,£0.59,£1.18 per kg,fresh_food,vegetables,2024-11-19
Nature's Pick Mixed Chillies 65g,£0.57,£8.77 per kg,fresh_food,vegetables,2024-11-19
Nature's Pick Stringless Beans 225g,£0.99,£4.40 per kg,fresh_food,vegetables,2024-11-19
Nature's Pick Baby Spinach 240g,£0.99,£4.13 per kg,fresh_food,vegetables,2024-11-19
Nature's Pick Purple Sprouting Broccoli 200g,£1.39,£6.95 per kg,fresh_food,vegetables,2024-11-19
"Ready, Set…Cook! Cut Coriander 30g",£0.52,£17.34 per kg,fresh_food,vegetables,2024-11-19
"Ready, Set…Cook! Cut Thyme 20g",£0.52,£26.00 per kg,fresh_food,vegetables,2024-11-19
"Ready, Set…Cook! Cut Parsley 30g",£0.52,£17.34 per kg,fresh_food,vegetables,2024-11-19
"Ready, Set…Cook! Cut Mint 30g",£0.52,£17.34 per kg,fresh_food,vegetables,2024-11-19
Halloween Aaahmazing Mixed Squash Each,£0.95,£0.95 each,fresh_food,vegetables,2024-11-19
Nature's Pick Celery Each,£0.75,£0.75 each,fresh_food,vegetables,2024-11-19
Nature's Pick Medium Baking Potatoes 4 Pack,£0.79,£0.20 each,fresh_food,vegetables,2024-11-19
"Ready, Set…Cook! Cut Basil 30g",£0.52,£17.34 per kg,fresh_food,vegetables,2024-11-19
"Ready, Set…Cook! Cut Rosemary 20g",£0.52,£26.00 per kg,fresh_food,vegetables,2024-11-19
Nature's Pick Leeks 500g,£1.39,£2.78 per kg,fresh_food,vegetables,2024-11-19
Nature's Pick Large Flat Mushrooms 250g,£0.99,£3.96 per kg,fresh_food,vegetables,2024-11-19
Nature's Pick Potted Curly Leaf Parsley Each,£0.79,£0.79 each,fresh_food,vegetables,2024-11-19
Nature's Pick Potted Basil Each,£0.79,£0.79 each,fresh_food,vegetables,2024-11-19
Nature's Pick Potted Coriander Each,£0.79,£0.79 each,fresh_food,vegetables,2024-11-19
Nature's Pick Iceberg Lettuce Each,£0.89,£0.89 each,fresh_food,vegetables,2024-11-19
Everyday Essentials Carrots 1.5kg,£0.79,£0.53 per kg,fresh_food,vegetables,2024-11-19
Nature's Pick Ginger 125g,£0.89,£7.12 per kg,fresh_food,vegetables,2024-11-19
Everyday Essentials Mushrooms 650g,£1.79,£2.76 per kg,fresh_food,vegetables,2024-11-19
Nature's Pick Mixed Sweet Peppers 3 Pack,£1.69,£0.56 each,fresh_food,vegetables,2024-11-19
Nature's Pick Potatoes 2.5 Kg,£1.65,£0.66 per kg,fresh_food,vegetables,2024-11-19
Nature's Pick Asparagus Spears 250g,£1.99,£7.96 per kg,fresh_food,vegetables,2024-11-19
Nature's Pick Rainbow Salad 150g,£0.99,£6.60 per kg,fresh_food,vegetables,2024-11-19
Nature's Pick Extra Large Onions 3 Pack,£1.49,£0.50 each,fresh_food,vegetables,2024-11-19
Nature's Pick Egg Noodles 410g,£0.99,£2.42 per kg,fresh_food,vegetables,2024-11-19
Nature's Pick Carrots 1kg,£0.69,£0.69 per kg,fresh_food,vegetables,2024-11-19
Nature's Pick Brown Onions 3 Pack,£0.69,£0.23 each,fresh_food,vegetables,2024-11-19
Nature's Pick Mediterranean Style Vegetables 400g,£1.59,£3.98 per kg,fresh_food,vegetables,2024-11-19
Nature's Pick Broccoli 360g,£0.79,£2.20 per kg,fresh_food,vegetables,2024-11-19
Nature's Pick Savoy Cabbage Each,£0.75,£0.75 each,fresh_food,vegetables,2024-11-19
Nature's Pick Red Cabbage Each,£0.75,£0.75 each,fresh_food,vegetables,2024-11-19
Nature's Pick White Cabbage Each,£0.75,£0.75 each,fresh_food,vegetables,2024-11-19
Nature's Pick Cauliflower Each,£0.99,£0.99 each,fresh_food,vegetables,2024-11-19
Nature's Pick Brown Onions 1kg,£0.99,£0.99 per kg,fresh_food,vegetables,2024-11-19
Nature's Pick Carrots 500g,£0.38,£0.76 per kg,fresh_food,vegetables,2024-11-19
Nature's Pick Chantenay Carrots 500g,£0.95,£1.90 per kg,fresh_food,vegetables,2024-11-19
Nature's Pick Red Potatoes 2.5kg,£1.85,£0.74 per kg,fresh_food,vegetables,2024-11-19
Nature's Pick Maris Piper Potatoes 2.5kg,£2.25,£0.90 per kg,fresh_food,vegetables,2024-11-19
Nature's Pick Baking Potatoes 2.5kg,£1.99,£0.80 per kg,fresh_food,vegetables,2024-11-19
Nature's Pick Salad Potatoes 1kg,£1.19,£1.19 per kg,fresh_food,vegetables,2024-11-19
Nature's Pick Miniature Potatoes 500g,£0.79,£1.58 per kg,fresh_food,vegetables,2024-11-19
Nature's Pick Button Mushrooms 200g,£0.95,£4.75 per kg,fresh_food,vegetables,2024-11-19
Nature's Pick Chestnut Mushrooms 250g,£0.89,£3.56 per kg,fresh_food,vegetables,2024-11-19
Nature's Pick Mixed Peppers 3 Pack,£1.59,£0.53 each,fresh_food,vegetables,2024-11-19
Nature's Pick Tomato Large Vine 500g,£1.19,£2.38 per kg,fresh_food,vegetables,2024-11-19
Nature's Pick Tomato Salad 6 Pack,£0.95,£0.16 each,fresh_food,vegetables,2024-11-19
Nature's Pick Sweet Potato 1kg,£1.19,£1.19 per kg,fresh_food,vegetables,2024-11-19
Nature's Pick Young Spinach 450g,£1.49,£3.32 per kg,fresh_food,vegetables,2024-11-19
Everyday Essentials Parsnips 500g,£0.55,£1.10 per kg,fresh_food,vegetables,2024-11-19
"Ready, Set...Cook! Sweet & Crunchy Stir Fry 600g",£1.29,£2.15 per kg,fresh_food,vegetables,2024-11-19
Nature's Pick Tomato Baby Plum 325g,£0.99,£3.05 per kg,fresh_food,vegetables,2024-11-19
Nature's Pick Gl: Baby Corn 145g,£0.95,£6.56 per kg,fresh_food,vegetables,2024-11-19
Nature's Pick Mangetout 160g,£0.95,£5.94 per kg,fresh_food,vegetables,2024-11-19
Nature's Pick Sugar Snap Peas 160g,£0.95,£5.94 per kg,fresh_food,vegetables,2024-11-19
Nature's Pick Sweet Leaf Salad 240g,£0.75,£3.13 per kg,fresh_food,vegetables,2024-11-19
Nature's Pick Crispy Potato Slices 350g,£1.29,£3.69 per kg,fresh_food,vegetables,2024-11-19
Albert Bartlett Potatoes 2kg,£2.25,£1.13 per kg,fresh_food,vegetables,2024-11-19
Nature's Pick Baking Potatoes Each Minimum 275g,£0.24,£0.24 each,fresh_food,vegetables,2024-11-19
Ready Set Cook Edamame Bean & Broccoli Stir Fry 320g,£0.89,£2.79 per kg,fresh_food,vegetables,2024-11-19
Ready Set Cook Mushroom Stir Fry 320g,£0.89,£2.79 per kg,fresh_food,vegetables,2024-11-19
"Ready, Set...Cook! Teriyaki Stir Fry Sauce 175g",£0.75,£4.29 per kg,fresh_food,vegetables,2024-11-19
"Ready, Set…Cook! Sweet Chilli Stir Fry Sauce 175g",£0.75,£4.29 per kg,fresh_food,vegetables,2024-11-19
"Ready, Set...Cook! Coconut & Lemongrass Stir Fry Sauce",£0.75,£4.29 per kg,fresh_food,vegetables,2024-11-19
"Ready, Set…Cook! Plum & Hoisin Stir Fry Sauce 175g",£0.75,£4.29 per kg,fresh_food,vegetables,2024-11-19
"Ready, Set…Cook! Chow Mein Stir Fry Sauce 175g",£0.75,£4.29 per kg,fresh_food,vegetables,2024-11-19
"Ready, Set...Cook! Katsu Stir Fry Sauce 175g",£0.75,£4.29 per kg,fresh_food,vegetables,2024-11-19
Just Organic Broccoli 300g,£1.09,£3.64 per kg,fresh_food,vegetables,2024-11-19
Natures Pick Washed And Ready To Cook Mini Carrots 320g,£0.89,£2.79 per kg,fresh_food,vegetables,2024-11-19
Nature's Pick Scotch Bonnet/ Finger Chillies 50g/80g,£0.69,£8.63 per kg,fresh_food,vegetables,2024-11-19
Nature's Pick British Shredded Spring Greens 300g,£0.95,£3.17 per kg,fresh_food,vegetables,2024-11-19
Specially Selected Sweet Pointed Peppers Min 2 Pack,£1.19,£0.59 each,fresh_food,vegetables,2024-11-19
Nature's Pick Jumbo Spring Onions 130g,£0.89,£6.85 per kg,fresh_food,vegetables,2024-11-19
Specially Selected Cavolo Nero 150g,£0.95,£6.34 per kg,fresh_food,vegetables,2024-11-19
Nature's Pick Sliced Runner Beans 120g,£0.99,£8.25 per kg,fresh_food,vegetables,2024-11-19
"Ready, Set...Cook! Diced Onion 200g",£0.45,£2.25 per kg,fresh_food,vegetables,2024-11-19
Nature's Pick Extra Large Garlic Each,£0.37,£0.37 each,fresh_food,vegetables,2024-11-19
Nature's Pick Vegetable Soup Mix 600g,£0.99,£1.65 per kg,fresh_food,vegetables,2024-11-19
Nature's Pick Swede Each - Minimum 600g,£0.62,£0.62 each,fresh_food,vegetables,2024-11-19
Specially Selected Sugardrop Tomatoes 220g,£1.69,£7.69 per kg,fresh_food,vegetables,2024-11-19
Nature's Pick Pak Choi 250g,£0.99,£3.96 per kg,fresh_food,vegetables,2024-11-19
Everyday Essentials Family Pack Peppers 600g,£1.60,£2.67 per kg,fresh_food,vegetables,2024-11-19
Nature's Pick Large Cucumber Each,£0.99,£0.99 each,fresh_food,vegetables,2024-11-19
Nature's Pick Sweet Vine Ripened Tomatoes 255g,£0.95,£3.73 per kg,fresh_food,vegetables,2024-11-19
Nature's Pick Cherry Tomatoes 330g,£0.95,£2.88 per kg,fresh_food,vegetables,2024-11-19
Nature's Pick Family Pack Salad Tomatoes 650g,£1.29,£1.99 per kg,fresh_food,vegetables,2024-11-19
Specially Selected Regal Vine Tomatoes 450g,£1.69,£3.76 per kg,fresh_food,vegetables,2024-11-19
Everyday Essentials Cherry Tomatoes 250g,£0.69,£2.76 per kg,fresh_food,vegetables,2024-11-19
Nature's Pick Bunched Beetroot Each - Minimum 500g,£1.39,£1.39 each,fresh_food,vegetables,2024-11-19
Nature's Pick Chinese Leaf Each,£0.99,£0.99 each,fresh_food,vegetables,2024-11-19
Nature's Pick Pea Shoot Salad 80g,£0.69,£8.63 per kg,fresh_food,vegetables,2024-11-19
Nature's Pick Butterhead Salad 80g,£0.69,£8.63 per kg,fresh_food,vegetables,2024-11-19
Nature's Pick Aubergine Each,£0.95,£0.95 each,fresh_food,vegetables,2024-11-19
Nature's Pick British Trimmed Brussels Sprouts 200g,£0.95,£4.75 per kg,fresh_food,vegetables,2024-11-19
Specially Selected Piccolato Tomatoes 400g,£2.49,£6.23 per kg,fresh_food,vegetables,2024-11-19
The Foodie Market Raspberry Dinos 20g,£0.33,£1.65 per 100g,fresh_food,fresh_food_vegan,2024-11-19
The Foodie Market Strawberry Dinos 20g,£0.33,£1.65 per 100g,fresh_food,fresh_food_vegan,2024-11-19
The Foodie Market Strawberry Dinos 5x20g,£1.69,£1.69 per 100g,fresh_food,fresh_food_vegan,2024-11-19
Nature's Pick Carrot Batons 400g,£0.89,£2.23 per kg,fresh_food,fresh_food_vegan,2024-11-19
The Foodie Market Raspberry Dinos 5x20g,£1.69,£1.69 per 100g,fresh_food,fresh_food_vegan,2024-11-19
"Nature's Pick Peas, Cabbage & Tenderstem Broccoli 240g",£1.79,£7.46 per kg,fresh_food,fresh_food_vegan,2024-11-19
Nature's Pick Bistro Salad 160g,£0.69,£4.32 per kg,fresh_food,fresh_food_vegan,2024-11-19
Nature's Pick Baby Leaf Salad 110g,£0.79,£7.19 per kg,fresh_food,fresh_food_vegan,2024-11-19
"Nature's Pick Watercress, Spinach & Rocket 80g",£0.59,£7.38 per kg,fresh_food,fresh_food_vegan,2024-11-19
Nature's Pick Classic Salad 145g,£0.69,£4.76 per kg,fresh_food,fresh_food_vegan,2024-11-19
Nature's Pick Sweet & Crispy Salad 190g,£0.99,£5.22 per kg,fresh_food,fresh_food_vegan,2024-11-19
Nature's Pick Pomegranate Seeds 80g,£0.89,£11.13 per kg,fresh_food,fresh_food_vegan,2024-11-19
Nature's Pick Italian Style Salad 100g,£0.69,£6.90 per kg,fresh_food,fresh_food_vegan,2024-11-19
Nature's Pick Mixed Leaf Salad 120g,£0.57,£4.75 per kg,fresh_food,fresh_food_vegan,2024-11-19
Nature's Pick Crispy Leaf Salad 120g,£0.69,£5.75 per kg,fresh_food,fresh_food_vegan,2024-11-19
Nature's Pick Rocket & Baby Leaf Salad 90g,£0.79,£8.78 per kg,fresh_food,fresh_food_vegan,2024-11-19
Nature's Pick Beansprouts 400g,£0.75,£1.88 per kg,fresh_food,fresh_food_vegan,2024-11-19
Nature's Pick Oriental Style Stir Fry 320g,£0.89,£2.79 per kg,fresh_food,fresh_food_vegan,2024-11-19
Nature's Pick Mixed Pepper Stir Fry 320g,£0.89,£2.79 per kg,fresh_food,fresh_food_vegan,2024-11-19
Nature's Pick Rice Noodles 300g,£0.99,£3.30 per kg,fresh_food,fresh_food_vegan,2024-11-19
Nature's Pick Singapore Style Noodles 300g,£0.99,£3.30 per kg,fresh_food,fresh_food_vegan,2024-11-19
Nature's Pick Herby Baby Potatoes 385g,£0.99,£2.58 per kg,fresh_food,fresh_food_vegan,2024-11-19
Nature's Pick British Shredded Kale 200g,£0.85,£4.25 per kg,fresh_food,fresh_food_vegan,2024-11-19
The Foodie Market Raisins Mini Snacks 12x14g,£0.89,£0.53 per 100g,fresh_food,fresh_food_vegan,2024-11-19
Nature's Pick Iceberg Lettuce 200g,£0.65,£3.25 per kg,fresh_food,fresh_food_vegan,2024-11-19
Nature's Pick Wild Rocket 60g,£0.75,£12.50 per kg,fresh_food,fresh_food_vegan,2024-11-19
Nature's Pick Casserole Vegetables 600g,£0.99,£1.65 per kg,fresh_food,fresh_food_vegan,2024-11-19
Nature's Pick Vegetable Medley 480g,£1.39,£2.90 per kg,fresh_food,fresh_food_vegan,2024-11-19
Nature's Pick British Sliced Mushrooms 250g,£0.95,£3.80 per kg,fresh_food,fresh_food_vegan,2024-11-19
Nature's Pick Cooked Beetroot 500g,£0.59,£1.18 per kg,fresh_food,fresh_food_vegan,2024-11-19
"Nature's Pick Apple, Pineapple & Grape 200g",£0.99,£4.95 per kg,fresh_food,fresh_food_vegan,2024-11-19
Nature's Pick Baby Spinach 240g,£0.99,£4.13 per kg,fresh_food,fresh_food_vegan,2024-11-19
The Pantry Sultanas 500g,£0.95,£1.90 per kg,fresh_food,fresh_food_vegan,2024-11-19
The Pantry Raisins 500g,£1.19,£2.38 per kg,fresh_food,fresh_food_vegan,2024-11-19
Foodie Market Sweet Cranberries 150g,£1.19,£7.93 per kg,fresh_food,fresh_food_vegan,2024-11-19
Foodie Market Raisins & Cranberries 300g,£1.35,£4.50 per kg,fresh_food,fresh_food_vegan,2024-11-19
Nature's Pick Apple Snack Pack 80g,£0.39,£4.88 per kg,fresh_food,fresh_food_vegan,2024-11-19
Nature's Pick Apple & Grape Snack Pack 80g,£0.39,£4.88 per kg,fresh_food,fresh_food_vegan,2024-11-19
Nature's Pick Rainbow Salad 150g,£0.99,£6.60 per kg,fresh_food,fresh_food_vegan,2024-11-19
Nature's Pick Egg Noodles 410g,£0.99,£2.42 per kg,fresh_food,fresh_food_vegan,2024-11-19
Nature's Pick Mediterranean Style Vegetables 400g,£1.59,£3.98 per kg,fresh_food,fresh_food_vegan,2024-11-19
The Foodie Market Dried Prunes 500g,£2.59,£5.18 per kg,fresh_food,fresh_food_vegan,2024-11-19
"Ready, Set...Cook! Sweet & Crunchy Stir Fry 600g",£1.29,£2.15 per kg,fresh_food,fresh_food_vegan,2024-11-19
Nature's Pick Sweet Leaf Salad 240g,£0.75,£3.13 per kg,fresh_food,fresh_food_vegan,2024-11-19
Nature's Pick Crispy Potato Slices 350g,£1.29,£3.69 per kg,fresh_food,fresh_food_vegan,2024-11-19
Nature's Pick Watermelon Fans 300g,£1.29,£4.30 per kg,fresh_food,fresh_food_vegan,2024-11-19
The Foodie Market Pitted Dates 500g,£2.59,£5.18 per kg,fresh_food,fresh_food_vegan,2024-11-19
Nature's Pick Pineapple Chunks 300g,£1.49,£4.97 per kg,fresh_food,fresh_food_vegan,2024-11-19
The Foodie Market Dino Gems Fruit Sweets 5x20g/5 Pack,£1.09,£1.09 per 100g,fresh_food,fresh_food_vegan,2024-11-19
Ready Set Cook Edamame Bean & Broccoli Stir Fry 320g,£0.89,£2.79 per kg,fresh_food,fresh_food_vegan,2024-11-19
Ready Set Cook Mushroom Stir Fry 320g,£0.89,£2.79 per kg,fresh_food,fresh_food_vegan,2024-11-19
"Ready, Set...Cook! Teriyaki Stir Fry Sauce 175g",£0.75,£4.29 per kg,fresh_food,fresh_food_vegan,2024-11-19
"Ready, Set…Cook! Sweet Chilli Stir Fry Sauce 175g",£0.75,£4.29 per kg,fresh_food,fresh_food_vegan,2024-11-19
"Ready, Set...Cook! Coconut & Lemongrass Stir Fry Sauce",£0.75,£4.29 per kg,fresh_food,fresh_food_vegan,2024-11-19
"Ready, Set…Cook! Plum & Hoisin Stir Fry Sauce 175g",£0.75,£4.29 per kg,fresh_food,fresh_food_vegan,2024-11-19
"Ready, Set…Cook! Chow Mein Stir Fry Sauce 175g",£0.75,£4.29 per kg,fresh_food,fresh_food_vegan,2024-11-19
"Ready, Set...Cook! Katsu Stir Fry Sauce 175g",£0.75,£4.29 per kg,fresh_food,fresh_food_vegan,2024-11-19
"Nature's Pick Apples, Grapes & Cheese 105g",£0.99,£9.43 per kg,fresh_food,fresh_food_vegan,2024-11-19
"Nature's Pick Melon, Mango & Pineapple Fingers. 240g",£1.79,£7.46 per kg,fresh_food,fresh_food_vegan,2024-11-19
Nature's Pick Pomegranate Seeds 200g,£1.89,£9.45 per kg,fresh_food,fresh_food_vegan,2024-11-19
Natures Pick Washed And Ready To Cook Mini Carrots 320g,£0.89,£2.79 per kg,fresh_food,fresh_food_vegan,2024-11-19
Nature's Pick British Shredded Spring Greens 300g,£0.95,£3.17 per kg,fresh_food,fresh_food_vegan,2024-11-19
Nature's Pick Sliced Runner Beans 120g,£0.99,£8.25 per kg,fresh_food,fresh_food_vegan,2024-11-19
"Ready, Set...Cook! Diced Onion 200g",£0.45,£2.25 per kg,fresh_food,fresh_food_vegan,2024-11-19
Nature's Glen Large Whole Chicken 1.7kg - 1.99kg,£4.79,£2.59 per kg,fresh_food,fresh_food_vegan,2024-11-19
Nature's Pick Melon Medley 300g,£1.69,£5.64 per kg,fresh_food,fresh_food_vegan,2024-11-19
Nature's Pick Vegetable Soup Mix 600g,£0.99,£1.65 per kg,fresh_food,fresh_food_vegan,2024-11-19
The Foodie Market Banana Chips 230g,£1.39,£6.04 per kg,fresh_food,fresh_food_vegan,2024-11-19
Nature's Pick Pea Shoot Salad 80g,£0.69,£8.63 per kg,fresh_food,fresh_food_vegan,2024-11-19
Nature's Pick Butterhead Salad 80g,£0.69,£8.63 per kg,fresh_food,fresh_food_vegan,2024-11-19
Nature's Pick Mango Chunks 240g,£1.99,£8.30 per kg,fresh_food,fresh_food_vegan,2024-11-19
The Foodie Market Blackcurrant Dinos 5x20g,£1.69,£1.69 per 100g,fresh_food,fresh_food_vegan,2024-11-19
The Foodie Market Dried Mango 100g,£1.39,£13.90 per kg,fresh_food,fresh_food_vegan,2024-11-19
Nature's Pick British Trimmed Brussels Sprouts 200g,£0.95,£4.75 per kg,fresh_food,fresh_food_vegan,2024-11-19
The Foodie Market Strawberry & Banana Dino Fruit Bars 5,£1.79,£1.19 per 100g,fresh_food,fresh_food_vegan,2024-11-19
The Foodie Market Mango & Banana Dino Fruit Bars 5x30g,£1.79,£1.19 per 100g,fresh_food,fresh_food_vegan,2024-11-19
Snackrite Strawberry Yogurt Bites 25g,£0.45,£1.80 per 100g,fresh_food,fresh_food_vegan,2024-11-19
Snackrite Yogurt Coated Raisins 25g,£0.45,£1.80 per 100g,fresh_food,fresh_food_vegan,2024-11-19
Snackrite Banana Yogurt Bites 25g,£0.45,£1.80 per 100g,fresh_food,fresh_food_vegan,2024-11-19
Let's Party Cocktail Blinis 135g/16 Pack,£1.49,£11.04 per kg,fresh_food,fresh_food_vegan,2024-11-19
Cowbelle British Semi-skimmed Milk 1.7% Fat 4 Pints,£1.45,£0.64 per litre,fresh_food,milk_butter_eggs,2024-11-19
Merevale Large British Free Range Eggs 12 Pack,£2.79,£0.23 each,fresh_food,milk_butter_eggs,2024-11-19
Specially Selected British Free Range Eggs 6 Pack/6 Pac,£1.99,£0.33 each,fresh_food,milk_butter_eggs,2024-11-19
Cowbelle British Semi-skimmed Milk 1.7% Fat 2 Pints,£1.20,£1.06 per litre,fresh_food,milk_butter_eggs,2024-11-19
Lurpak Spreadable Slightly Salted Butter Blended With R,£4.29,£8.58 per kg,fresh_food,milk_butter_eggs,2024-11-19
McCallums Scottish Semi-skimmed Milk 1.7% Fat 2 Pints/1,£1.20,£1.06 per litre,fresh_food,milk_butter_eggs,2024-11-19
McCallums Scottish Whole Milk 2 Pints,£1.20,£1.06 per litre,fresh_food,milk_butter_eggs,2024-11-19
McCallums Scottish Skimmed Milk 2 Pints,£1.20,£1.06 per litre,fresh_food,milk_butter_eggs,2024-11-19
McCallums Scottish Organic Semi- Skimmed Milk 1.7% Fat,£1.25,£1.10 per litre,fresh_food,milk_butter_eggs,2024-11-19
Cowbelle Welsh Semi-skimmed Milk Llaeth Cymreig Hanner,£0.85,£1.50 per litre,fresh_food,milk_butter_eggs,2024-11-19
Cowbelle Welsh Whole Milk Llaeth Cymreig Hanner 1 Pint,£0.85,£1.50 per litre,fresh_food,milk_butter_eggs,2024-11-19
Cowbelle Welsh Semi-skimmed Milk Llaeth Cymreig Hanner,£2.15,£0.63 per litre,fresh_food,milk_butter_eggs,2024-11-19
Cowbelle Organic Semi-skimmed Milk 4 Pints,£1.79,£0.79 per litre,fresh_food,milk_butter_eggs,2024-11-19
Elmlea Double Alternative To Cream 270ml,£1.15,£0.43 per 100ml,fresh_food,milk_butter_eggs,2024-11-19
Cowbelle British Semi-skimmed Lactose Free* Milk Drink,£0.99,£0.99 per litre,fresh_food,milk_butter_eggs,2024-11-19
Cowbelle Chocolate Fudge Shuk Up Thick Milkshake 330ml,£0.59,£1.79 per litre,fresh_food,milk_butter_eggs,2024-11-19
Shuk Up Thick Chocolate Milkshake 330ml,£0.59,£1.79 per litre,fresh_food,milk_butter_eggs,2024-11-19
Cowbelle Strawberry Shuk Up Thick Milkshake 330ml,£0.59,£1.79 per litre,fresh_food,milk_butter_eggs,2024-11-19
Cowbelle Banana Shuk Up Thick Milkshake 330ml,£0.59,£1.79 per litre,fresh_food,milk_butter_eggs,2024-11-19
Specially Selected Scottish Salted Butter 250g,£2.19,£8.76 per kg,fresh_food,milk_butter_eggs,2024-11-19
Merevale Large Scottish Free Range Eggs 12 Pack,£2.79,£0.23 each,fresh_food,milk_butter_eggs,2024-11-19
Cowbelle Espresso Macchiato Coffee 1l,£1.75,£1.75 per litre,fresh_food,milk_butter_eggs,2024-11-19
Cowbelle Latte Cappuccino 1l,£1.75,£1.75 per litre,fresh_food,milk_butter_eggs,2024-11-19
Greenvale Meadow Flower 500g,£1.35,£2.70 per kg,fresh_food,milk_butter_eggs,2024-11-19
Greenvale Valley Spreadable 500g,£2.09,£4.18 per kg,fresh_food,milk_butter_eggs,2024-11-19
Nordpak Spreadable Softest 500g,£2.19,£4.38 per kg,fresh_food,milk_butter_eggs,2024-11-19
Greenvale Perfect For Cakes 500g,£1.09,£2.18 per kg,fresh_food,milk_butter_eggs,2024-11-19
Merevale Medium Scottish Free Range Eggs 6 Pack,£1.39,£0.23 each,fresh_food,milk_butter_eggs,2024-11-19
Merevale Large Scottish Free Range Eggs 6 Pack,£1.69,£0.28 each,fresh_food,milk_butter_eggs,2024-11-19
Organic Mixed Weight Scottish Eggs 6 Pack,£2.25,£0.38 each,fresh_food,milk_butter_eggs,2024-11-19
Merevale Large Scottish Free Range Golden Yolk Eggs 6 P,£1.99,£0.33 each,fresh_food,milk_butter_eggs,2024-11-19
Cowbelle British Unsalted Butter 250g,£1.89,£7.56 per kg,fresh_food,milk_butter_eggs,2024-11-19
Cowbelle Organic Semi-skimmed 4 Pints,£1.79,£0.79 per litre,fresh_food,milk_butter_eggs,2024-11-19
Cowbelle British Skimmed Milk 2 Pints,£1.20,£1.06 per litre,fresh_food,milk_butter_eggs,2024-11-19
Cowbelle British Skimmed Milk 4 Pints,£1.45,£0.64 per litre,fresh_food,milk_butter_eggs,2024-11-19
Cowbelle British Semi-skimmed Milk 1.7% Fat 1 Pint,£0.85,£1.50 per litre,fresh_food,milk_butter_eggs,2024-11-19
Cowbelle British Semi-skimmed Milk 1.7% Fat 6 Pints/3.4,£2.15,£0.63 per litre,fresh_food,milk_butter_eggs,2024-11-19
Cowbelle British Whole Milk 1 Pint,£0.85,£1.50 per litre,fresh_food,milk_butter_eggs,2024-11-19
Cowbelle British Whole Milk 3.6% Fat 2 Pints,£1.20,£1.06 per litre,fresh_food,milk_butter_eggs,2024-11-19
Cowbelle British Whole Milk 4 Pints,£1.45,£0.64 per litre,fresh_food,milk_butter_eggs,2024-11-19
Cowbelle Filtered British Whole Milk 2l,£1.65,£0.83 per litre,fresh_food,milk_butter_eggs,2024-11-19
Cowbelle Filtered British Semi-skimmed Milk 2l,£1.65,£0.83 per litre,fresh_food,milk_butter_eggs,2024-11-19
Cowbelle British Skimmed Long Life Milk 1l,£0.89,£0.89 per litre,fresh_food,milk_butter_eggs,2024-11-19
Specially Selected Traditional Cornish Clotted Cream 20,£1.89,£0.95 per 100g,fresh_food,milk_butter_eggs,2024-11-19
Cowbelle Fresh British Double Cream 300ml,£1.15,£0.38 per 100ml,fresh_food,milk_butter_eggs,2024-11-19
Cowbelle Fresh British Single Cream 300ml,£0.99,£0.33 per 100ml,fresh_food,milk_butter_eggs,2024-11-19
Cowbelle Fresh British Soured Cream 300ml,£0.99,£0.33 per 100ml,fresh_food,milk_butter_eggs,2024-11-19
Cowbelle Fresh British Crème Fraîche 300ml,£0.85,£0.28 per 100ml,fresh_food,milk_butter_eggs,2024-11-19
Cowbelle Fresh British Lighter Creme Fraiche 300ml,£0.85,£0.28 per 100ml,fresh_food,milk_butter_eggs,2024-11-19
Nordpak Spreadable Slightly Salted 500g,£2.09,£4.18 per kg,fresh_food,milk_butter_eggs,2024-11-19
Nordpak Spreadable Lighter 500g,£2.09,£4.18 per kg,fresh_food,milk_butter_eggs,2024-11-19
Acti Leaf Sweetened UHT Soya Drink 1l,£0.99,£0.99 per litre,fresh_food,milk_butter_eggs,2024-11-19
Acti Leaf Unsweetened UHT Soya Drink 1l,£0.85,£0.85 per litre,fresh_food,milk_butter_eggs,2024-11-19
Specially Selected Rich & Creamy Jersey Milk 1l,£1.29,£1.29 per litre,fresh_food,milk_butter_eggs,2024-11-19
Merevale Large Welsh Free Range Eggs 12 Pack,£2.79,£0.23 each,fresh_food,milk_butter_eggs,2024-11-19
Merevale Very Large Scottish Free Range Eggs 6 Pack,£1.85,£0.31 each,fresh_food,milk_butter_eggs,2024-11-19
McCallums Scottish Whole Milk 3.6% Fat 1 Pint/568ml,£0.85,£1.50 per litre,fresh_food,milk_butter_eggs,2024-11-19
McCallums Scottish Semi-skimmed Milk 1.7% Fat 1 Pint/56,£0.85,£1.50 per litre,fresh_food,milk_butter_eggs,2024-11-19
Cowbelle British Salted Butter 250g,£1.89,£7.56 per kg,fresh_food,milk_butter_eggs,2024-11-19
Cowbelle Welsh Salted Butter 250g,£1.89,£7.56 per kg,fresh_food,milk_butter_eggs,2024-11-19
Cowbelle Welsh Unsalted Butter 250g,£1.89,£7.56 per kg,fresh_food,milk_butter_eggs,2024-11-19
Cowbelle British Semi-skimmed Milk 1 Pint,£0.85,£1.50 per litre,fresh_food,milk_butter_eggs,2024-11-19
Cowbelle British Semi-skimmed Milk 2 Pints,£1.20,£1.06 per litre,fresh_food,milk_butter_eggs,2024-11-19
Cowbelle British Semi-skimmed Milk 4 Pints,£1.45,£0.64 per litre,fresh_food,milk_butter_eggs,2024-11-19
Cowbelle British Semi-skimmed Milk 6 Pints,£2.15,£0.63 per litre,fresh_food,milk_butter_eggs,2024-11-19
Cowbelle British Whole Milk 2 Pints,£1.20,£1.06 per litre,fresh_food,milk_butter_eggs,2024-11-19
Cowbelle Llaeth Cymreig Hanner Sgim Welsh Semi-skimmed,£1.20,£1.06 per litre,fresh_food,milk_butter_eggs,2024-11-19
Cowbelle Welsh Semi-skimmed Milk Llaeth Cymreig Hanner,£1.45,£0.64 per litre,fresh_food,milk_butter_eggs,2024-11-19
Cowbelle Welsh Skimmed Milk Llaeth Cymreig Sgim 2 Pints,£1.20,£1.06 per litre,fresh_food,milk_butter_eggs,2024-11-19
Cowbelle Welsh Skimmed Milk Llaeth Cymreig Sgim 4 Pints,£1.45,£0.64 per litre,fresh_food,milk_butter_eggs,2024-11-19
Cowbelle Welsh Whole Milk Llaeth Cymreig 2 Pints,£1.20,£1.06 per litre,fresh_food,milk_butter_eggs,2024-11-19
Cowbelle Welsh Whole Milk Llaeth Cymreig Llawn 4 Pints,£1.45,£0.64 per litre,fresh_food,milk_butter_eggs,2024-11-19
Cowbelle British Filtered Semi-skimmed Milk 2l,£1.65,£0.83 per litre,fresh_food,milk_butter_eggs,2024-11-19
Cowbelle British Semi-skimmed Long Life Milk 1l,£0.89,£0.89 per litre,fresh_food,milk_butter_eggs,2024-11-19
Specially Selected Extra Thick Brandy Cream 250ml,£1.99,£0.80 per 100ml,fresh_food,milk_butter_eggs,2024-11-19
Specially Selected Brandy Butter 200g,£1.89,£0.95 per 100g,fresh_food,milk_butter_eggs,2024-11-19
Cowbelle British Brandy Sauce 500g,£1.69,£0.34 per 100g,fresh_food,milk_butter_eggs,2024-11-19
Cowbelle Fresh British Double Cream 600ml,£1.99,£0.33 per 100ml,fresh_food,milk_butter_eggs,2024-11-19
Cowbelle Latte Macchiato 250ml,£0.59,£2.36 per litre,fresh_food,milk_butter_eggs,2024-11-19
Cowbelle Light Latte Macchiato 250ml,£0.59,£2.36 per litre,fresh_food,milk_butter_eggs,2024-11-19
Cowbelle Espresso Macchiato 250ml,£0.59,£2.36 per litre,fresh_food,milk_butter_eggs,2024-11-19
Cowbelle Latte Cappuccino 250ml,£0.59,£2.36 per litre,fresh_food,milk_butter_eggs,2024-11-19
Specially Selected West Country Salted Butter 250g,£2.19,£8.76 per kg,fresh_food,milk_butter_eggs,2024-11-19
Organic Large Scottish Eggs 6 Pack,£2.49,£0.42 each,fresh_food,milk_butter_eggs,2024-11-19
Merevale Medium Scottish Free Range Eggs 12 Pack,£2.35,£0.20 each,fresh_food,milk_butter_eggs,2024-11-19
Merevale Medium Welsh Free Range Eggs 12 Pack,£2.35,£0.20 each,fresh_food,milk_butter_eggs,2024-11-19
Merevale British Organic Mixed Weight Eggs 328g/6 Pack,£2.25,£0.38 each,fresh_food,milk_butter_eggs,2024-11-19
Merevale British Free Range Eggs 6 Pack,£1.69,£0.28 each,fresh_food,milk_butter_eggs,2024-11-19
Merevale Large Welsh Free Range Eggs 6 Pack,£1.69,£0.28 each,fresh_food,milk_butter_eggs,2024-11-19
Merevale British Free Range Medium Eggs 318g/6 Pack,£1.39,£0.23 each,fresh_food,milk_butter_eggs,2024-11-19
Merevale Medium Welsh Free Range Eggs 6 Pack,£1.39,£0.23 each,fresh_food,milk_butter_eggs,2024-11-19
Merevale British Free Range Medium Eggs 636g/12 Pack,£2.35,£0.20 each,fresh_food,milk_butter_eggs,2024-11-19
Merevale British Free Range Very Large Eggs 438g/6 Pack,£1.85,£0.31 each,fresh_food,milk_butter_eggs,2024-11-19
Merevale Free Range British Eggs 278g*/6 Pack,£0.99,£0.17 each,fresh_food,milk_butter_eggs,2024-11-19
Everyday Essentials Soya Drink Unsweetened 1l,£0.50,£0.50 per litre,fresh_food,milk_butter_eggs,2024-11-19
Everyday Essentials Skimmed Milk Longer Lasting UHT Mil,£0.69,£0.69 per litre,fresh_food,milk_butter_eggs,2024-11-19
Everyday Essentials Semi-skimmed Milk Longer Lasting UH,£0.69,£0.69 per litre,fresh_food,milk_butter_eggs,2024-11-19
Specially Selected Welsh Salted Butter 250g,£2.19,£8.76 per kg,fresh_food,milk_butter_eggs,2024-11-19
Iced Joe Coffee Caramel Latte 330ml,£0.89,£2.70 per litre,fresh_food,milk_butter_eggs,2024-11-19
Cowbelle Original Real Dairy Cream 250g/245ml,£1.35,£0.54 per 100g,fresh_food,milk_butter_eggs,2024-11-19
Cowbelle Light Real Dairy Cream 250g/239ml,£1.35,£0.54 per 100g,fresh_food,milk_butter_eggs,2024-11-19
Cowbelle West Country Whole Milk 2 Pints/1.136l,£1.20,£1.06 per litre,fresh_food,milk_butter_eggs,2024-11-19
Cowbelle West Country Semi-skimmed Milk 6 Pints/3.408l,£2.15,£0.63 per litre,fresh_food,milk_butter_eggs,2024-11-19
Cowbelle West Country Whole Milk 4 Pints/2.272l,£1.45,£0.64 per litre,fresh_food,milk_butter_eggs,2024-11-19
Cowbelle West Country Skimmed Milk 2 Pints/1.136l,£1.20,£1.06 per litre,fresh_food,milk_butter_eggs,2024-11-19
Cowbelle West Country Skimmed Milk 4 Pints/2.272l,£1.45,£0.64 per litre,fresh_food,milk_butter_eggs,2024-11-19
Cowbelle West Country Semi-skimmed Milk 2 Pints/1.136l,£1.20,£1.06 per litre,fresh_food,milk_butter_eggs,2024-11-19
Cowbelle West Country Semi-skimmed Milk 4 Pints/2.272l,£1.45,£0.64 per litre,fresh_food,milk_butter_eggs,2024-11-19
"Ready, Set...Cook! Belgian Milk Chocolate Cookie Dough",£1.79,£5.97 per kg,fresh_food,milk_butter_eggs,2024-11-19
Actileaf Chilled Almond Drink No Sugars 1l,£0.99,£0.99 per litre,fresh_food,milk_butter_eggs,2024-11-19
Actileaf Chilled Soya Drink No Sugars 1l,£0.99,£0.99 per litre,fresh_food,milk_butter_eggs,2024-11-19
Actileaf Chilled Oat Drink No Added Sugar 1l,£1.09,£1.09 per litre,fresh_food,milk_butter_eggs,2024-11-19
Cowbelle Sterilised Whole Milk 1l,£1.19,£1.19 per litre,fresh_food,milk_butter_eggs,2024-11-19
McCallums Scottish Skimmed Milk <0.5% Fat 4 Pints/2.27l,£1.45,£0.64 per litre,fresh_food,milk_butter_eggs,2024-11-19
McCallums Scottish Whole Milk 3.6% Fat 4 Pints/2.27l,£1.45,£0.64 per litre,fresh_food,milk_butter_eggs,2024-11-19
McCallums Scottish Semi-skimmed Milk 1.7% Fat 4 Pints/2,£1.45,£0.64 per litre,fresh_food,milk_butter_eggs,2024-11-19
McCallums Scottish Semi-skimmed Milk 1.7% Fat 6 Pints/3,£2.15,£0.63 per litre,fresh_food,milk_butter_eggs,2024-11-19
Ballycastle Chocolate & Clementine Flavour Extra Thick,£1.99,£0.80 per 100ml,fresh_food,milk_butter_eggs,2024-11-19
Greenvale Beautifully Buttery 500g,£0.95,£1.90 per kg,fresh_food,milk_butter_eggs,2024-11-19
Greenvale Beautifully Buttery Light 500g,£0.95,£1.90 per kg,fresh_food,milk_butter_eggs,2024-11-19
Acti Leaf Oat Drink With No Sugars 1l,£1.09,£1.09 per litre,fresh_food,milk_butter_eggs,2024-11-19
Greenvale Beautifully Buttery 1kg,£1.49,£1.49 per kg,fresh_food,milk_butter_eggs,2024-11-19
Greenvale Meadow Flower Light Spread 500g,£1.35,£2.70 per kg,fresh_food,milk_butter_eggs,2024-11-19
Greenvale Light Olive Spread 500g,£1.19,£2.38 per kg,fresh_food,milk_butter_eggs,2024-11-19
Greenvale Olive Spread 500g,£1.19,£2.38 per kg,fresh_food,milk_butter_eggs,2024-11-19
McCallums Scottish Salted Butter 250g,£1.89,£7.56 per kg,fresh_food,milk_butter_eggs,2024-11-19
McCallums Scottish Unsalted Butter 250g,£1.89,£7.56 per kg,fresh_food,milk_butter_eggs,2024-11-19
McCallums Scottish Double Cream 300ml,£1.15,£0.38 per 100ml,fresh_food,milk_butter_eggs,2024-11-19
McCallums Scottish Single Cream 300ml,£0.99,£0.33 per 100ml,fresh_food,milk_butter_eggs,2024-11-19
Cowbelle British Filtered Whole Milk 2l,£1.65,£0.83 per litre,fresh_food,milk_butter_eggs,2024-11-19
Cowbelle Lush British Strawberry Flavoured 1% Fat Milk,£0.89,£0.89 per litre,fresh_food,milk_butter_eggs,2024-11-19
Cowbelle Lush British Chocolate Flavoured 1% Fat Milk 1,£0.89,£0.89 per litre,fresh_food,milk_butter_eggs,2024-11-19
Cowbelle Lush British Chocolate Fudge Flavour 1% Fat Mi,£0.89,£0.89 per litre,fresh_food,milk_butter_eggs,2024-11-19
Ballycastle Blonde Flavoured Extra Thick Cream 250ml,£1.99,£0.80 per 100ml,fresh_food,milk_butter_eggs,2024-11-19
Cowbelle Protein Strawberry Flavour Milkshake 330ml,£0.79,£2.39 per litre,fresh_food,milk_butter_eggs,2024-11-19
Cowbelle Protein Chocolate Flavoured Milkshake 330ml,£0.79,£2.39 per litre,fresh_food,milk_butter_eggs,2024-11-19
Cowbelle Salted Caramel Flavour Protein Milkshake 330ml,£0.79,£2.39 per litre,fresh_food,milk_butter_eggs,2024-11-19
Highgrove Lard 250g,£0.50,£2.00 per kg,fresh_food,milk_butter_eggs,2024-11-19
Actileaf Barista Oat Drink 1l,£1.09,£1.09 per litre,fresh_food,milk_butter_eggs,2024-11-19
Acti Leaf Coconut Drink 1l,£0.99,£0.99 per litre,fresh_food,milk_butter_eggs,2024-11-19
Acti Leaf Almond Unsweetened UHT Milk 1l,£0.99,£0.99 per litre,fresh_food,milk_butter_eggs,2024-11-19
Lurpak Lighter Slightly Spreadable Blend Of Butter And,£4.29,£8.58 per kg,fresh_food,milk_butter_eggs,2024-11-19
Flora Buttery 450g,£1.65,£3.67 per kg,fresh_food,milk_butter_eggs,2024-11-19
Flora Lighter 450g,£1.65,£3.67 per kg,fresh_food,milk_butter_eggs,2024-11-19
Specially Selected Truffle Flavoured Butter 110g,£1.69,£15.36 per kg,fresh_food,milk_butter_eggs,2024-11-19
Specially Selected Garlic & Herb Flavoured Butter 110g,£1.69,£15.36 per kg,fresh_food,milk_butter_eggs,2024-11-19
The Pantry Puff Pastry 320g,£0.99,£3.09 per kg,fresh_food,milk_butter_eggs,2024-11-19
The Pantry Shortcrust Pastry 320g,£0.99,£3.09 per kg,fresh_food,milk_butter_eggs,2024-11-19
The Pantry Rolled Puff Pastry 320g,£0.99,£3.09 per kg,fresh_food,milk_butter_eggs,2024-11-19
The Pantry Rolled Shortcrust Pastry 320g,£0.99,£3.09 per kg,fresh_food,milk_butter_eggs,2024-11-19
Specially Selected Goose Fat 200g,£1.99,£9.95 per kg,fresh_food,milk_butter_eggs,2024-11-19
Specially Selected Acacia Honey & Truffle Baking Camemb,£3.29,£11.75 per kg,fresh_food,cheese,2024-11-19
Specially Selected Red Onion Baking Camembert 290g,£3.29,£11.34 per kg,fresh_food,cheese,2024-11-19
Specially Selected Smoky Chilli & Honey Baking Camember,£3.29,£11.34 per kg,fresh_food,cheese,2024-11-19
Specially Selected Baking Camembert 250g,£2.59,£10.36 per kg,fresh_food,cheese,2024-11-19
Emporium Full Fat Soft Cheese 200g,£0.85,£4.25 per kg,fresh_food,cheese,2024-11-19
Emporium Reduced Fat Soft Cheese 200g,£0.85,£4.25 per kg,fresh_food,cheese,2024-11-19
Emporium British Mature Grated Cheddar Cheese 250g,£1.99,£7.96 per kg,fresh_food,cheese,2024-11-19
Emporium Lighter Mature Cheddar 400g,£2.49,£6.23 per kg,fresh_food,cheese,2024-11-19
Strings & Things Cheestrings (160g) 8 X 20g,£2.49,£15.56 per kg,fresh_food,cheese,2024-11-19
Babybel Mini Original Cheese (200g) 10 X 20g,£2.59,£12.95 per kg,fresh_food,cheese,2024-11-19
Emporium Light Cheese Triangles 140g/8 Pack,£0.99,£7.07 per kg,fresh_food,cheese,2024-11-19
Emporium Cheese Triangles 140g/8 Pack,£0.99,£7.07 per kg,fresh_food,cheese,2024-11-19
Emporium Reduced Fat Garlic & Herb Soft Cheese 200g,£0.85,£4.25 per kg,fresh_food,cheese,2024-11-19
Emporium British Lighter Mature Grated Cheddar 250g,£1.99,£7.96 per kg,fresh_food,cheese,2024-11-19
Emporium British Half Fat Mature Grated Cheddar 250g,£1.99,£7.96 per kg,fresh_food,cheese,2024-11-19
Everyday Essentials Grated Mozzarella 500g,£2.99,£5.98 per kg,fresh_food,cheese,2024-11-19
Emporium Mozzarella Slices 250g/10 Pack,£1.99,£7.96 per kg,fresh_food,cheese,2024-11-19
Specially Selected Caledonian Blue Cheese 175g,£2.29,£13.09 per kg,fresh_food,cheese,2024-11-19
Specially Selected Carnegie Brie Cheese 250g,£2.29,£13.09 per kg,fresh_food,cheese,2024-11-19
Emporium Grated Mozzarella 250g,£1.99,£7.96 per kg,fresh_food,cheese,2024-11-19
Emporium Grana Padano 200g,£2.05,£10.25 per kg,fresh_food,cheese,2024-11-19
Emporium British Mature Cheddar Slices 250g/10 Pack,£1.99,£7.96 per kg,fresh_food,cheese,2024-11-19
Specially Selected Barber's Mature Cheddar Cheese Bake,£2.99,£19.93 per kg,fresh_food,cheese,2024-11-19
Everyday Essentials Mild Cheddar Slices 200g/10 Pack,£1.39,£6.95 per kg,fresh_food,cheese,2024-11-19
Emporium Hard Goats Cheese 130g,£1.95,£15.00 per kg,fresh_food,cheese,2024-11-19
Everyday Essentials Low Fat Cottage Cheese 300g,£0.79,£2.63 per kg,fresh_food,cheese,2024-11-19
Specially Selected French Roquefort 125g,£2.59,£20.72 per kg,fresh_food,cheese,2024-11-19
Specially Selected Brie De Meaux 165g,£2.59,£15.70 per kg,fresh_food,cheese,2024-11-19
Everyday Essentials Light Mozzarella 200g (125g Drained,£0.69,£5.52 per kg,fresh_food,cheese,2024-11-19
Everyday Essentials Mozzarella 200g (125g Drained),£0.69,£5.52 per kg,fresh_food,cheese,2024-11-19
Specially Selected Tuxford & Tebbutt Mature Blue Stilto,£2.75,£12.50 per kg,fresh_food,cheese,2024-11-19
Specially Selected 9 Month Matured Manchego D.O.P 175g,£2.99,£17.09 per kg,fresh_food,cheese,2024-11-19
Specially Selected Extra Mature Gouda Holland P.G.I 180,£2.99,£16.61 per kg,fresh_food,cheese,2024-11-19
Emporium German Smoked Cheese Slices With Jalapeño 200g,£2.19,£10.95 per kg,fresh_food,cheese,2024-11-19
Emporium German Smoked Plain Cheese Slices 200g/10 Pack,£2.19,£10.95 per kg,fresh_food,cheese,2024-11-19
Emporium German Smoked Cheese Slices With Ham 200g/10 P,£2.19,£10.95 per kg,fresh_food,cheese,2024-11-19
Emporium Dewlay Cheesemakers Double Gloucester Cheese 2,£1.79,£7.16 per kg,fresh_food,cheese,2024-11-19
Emporium Belton Farm Crumbly Wensleydale Cheese 250g,£1.79,£7.16 per kg,fresh_food,cheese,2024-11-19
Emporium Mascarpone Cheese 250g,£1.29,£5.16 per kg,fresh_food,cheese,2024-11-19
Emporium Italian Ricotta 250g,£1.29,£5.16 per kg,fresh_food,cheese,2024-11-19
Emporium Spreadable Mild Cheddar Cheese 150g,£1.25,£8.33 per kg,fresh_food,cheese,2024-11-19
Emporium Spreadable Mature Cheddar Cheese 150g,£1.25,£8.33 per kg,fresh_food,cheese,2024-11-19
Emporium British Smoky Cheddar Cheese Slices 140g/5 Pac,£1.55,£11.07 per kg,fresh_food,cheese,2024-11-19
Emporium British Spicy Cheddar Cheese Slices With Chill,£1.55,£11.07 per kg,fresh_food,cheese,2024-11-19
Emporium British Double Gloucester Cheese Slices With O,£1.55,£11.07 per kg,fresh_food,cheese,2024-11-19
Emporium British Cheddar Slices With Black Pepper 140g/,£1.55,£11.07 per kg,fresh_food,cheese,2024-11-19
Emporium Mini Roulé With Garlic & Herb 100g,£1.35,£13.50 per kg,fresh_food,cheese,2024-11-19
Emporium Mini Roule With Pineapple & Almond 100g,£1.35,£13.50 per kg,fresh_food,cheese,2024-11-19
Emporium Mini Roulé With Black Pepper & Paprika 100g,£1.35,£13.50 per kg,fresh_food,cheese,2024-11-19
Emporium Speciality Cheese Wensleydale With Cranberry 2,£1.99,£9.95 per kg,fresh_food,cheese,2024-11-19
Emporium Speciality Cheese Double Gloucester Onion & Ch,£1.99,£9.95 per kg,fresh_food,cheese,2024-11-19
Emporium British Spicy Cheddar Cheese With Chilli 200g,£1.99,£9.95 per kg,fresh_food,cheese,2024-11-19
Emporium British Smoky Cheddar Cheese 200g,£1.99,£9.95 per kg,fresh_food,cheese,2024-11-19
Emporium Dutch Cheese Emmental Slices 400g/16 Pack,£2.79,£6.98 per kg,fresh_food,cheese,2024-11-19
Emporium Dutch Cheese Maasdam Slices 400g/16 Pack,£2.79,£6.98 per kg,fresh_food,cheese,2024-11-19
Emporium Dutch Edam Cheese Slices 400g/16 Pack,£2.79,£6.98 per kg,fresh_food,cheese,2024-11-19
Emporium Dutch Gouda Cheese Slices 400g/16 Pack,£2.79,£6.98 per kg,fresh_food,cheese,2024-11-19
Emporium French Soft Goats' Cheese 150g,£1.95,£13.00 per kg,fresh_food,cheese,2024-11-19
Emporium French Mould Ripened Soft Goats' Cheese 180g,£1.95,£10.83 per kg,fresh_food,cheese,2024-11-19
Emporium British Mild Cheddar Cheese 400g,£2.49,£6.23 per kg,fresh_food,cheese,2024-11-19
Emporium British Medium Cheddar 400g,£2.49,£6.23 per kg,fresh_food,cheese,2024-11-19
Emporium British Red Leicester Cheese 400g,£2.49,£6.23 per kg,fresh_food,cheese,2024-11-19
Specially Selected Cheddar & Chorizo Cheese Bake 150g,£2.99,£19.93 per kg,fresh_food,cheese,2024-11-19
Glen Lochy Scottish Mild Coloured Cheddar Slices 10 Pac,£1.99,£7.96 per kg,fresh_food,cheese,2024-11-19
Glen Lochy Scottish Medium Coloured Cheddar Slices 10 P,£1.99,£7.96 per kg,fresh_food,cheese,2024-11-19
Glen Lochy Lockerbie Mature Cheddar 200g,£1.39,£6.95 per kg,fresh_food,cheese,2024-11-19
Glen Lochy Lockerbie Extra Mature Cheddar 200g,£1.39,£6.95 per kg,fresh_food,cheese,2024-11-19
Glen Lochy Scottish Mature Coloured Cheddar Slices 10 P,£1.99,£7.96 per kg,fresh_food,cheese,2024-11-19
Glen Lochy Scottish Grated Mild Coloured Cheddar 250g,£1.99,£7.96 per kg,fresh_food,cheese,2024-11-19
Glen Lochy Scottish Grated Medium Cheddar 250g,£1.99,£7.96 per kg,fresh_food,cheese,2024-11-19
Glen Lochy Scottish Grated Mature Cheddar 250g,£1.99,£7.96 per kg,fresh_food,cheese,2024-11-19
Glen Lochy Scottish Mild Coloured Cheddar 400g,£2.49,£6.23 per kg,fresh_food,cheese,2024-11-19
Glen Lochy Scottish Medium Coloured Cheddar 400g,£2.49,£6.23 per kg,fresh_food,cheese,2024-11-19
Glen Lochy Scottish Mature Coloured Cheddar 400g,£2.49,£6.23 per kg,fresh_food,cheese,2024-11-19
Glen Lochy Scottish Mature White Cheddar 400g,£2.49,£6.23 per kg,fresh_food,cheese,2024-11-19
Glen Lochy Scottish Extra Mature White Cheddar 400g,£2.49,£6.23 per kg,fresh_food,cheese,2024-11-19
Emporium Natural Cottage Cheese 300g,£1.09,£3.63 per kg,fresh_food,cheese,2024-11-19
Emporium Fat Free Cottage Cheese 300g,£1.09,£3.63 per kg,fresh_food,cheese,2024-11-19
Emporium Welsh Mild Cheddar Cheese 400g,£2.49,£6.23 per kg,fresh_food,cheese,2024-11-19
Emporium Welsh Medium Cheddar Cheese 400g,£2.49,£6.23 per kg,fresh_food,cheese,2024-11-19
Emporium Welsh Mature Cheddar Cheese 400g,£2.49,£6.23 per kg,fresh_food,cheese,2024-11-19
Emporium Welsh Extra Mature Cheddar Cheese 400g,£2.49,£6.23 per kg,fresh_food,cheese,2024-11-19
Glen Lochy Scottish Extra Mature Coloured Cheddar Slice,£1.99,£7.96 per kg,fresh_food,cheese,2024-11-19
Glen Lochy Scottish Extra Mature Grated Cheddar Cheese,£1.99,£7.96 per kg,fresh_food,cheese,2024-11-19
Glen Lochy Scottish Extra Mature Coloured Cheddar 400g,£2.49,£6.23 per kg,fresh_food,cheese,2024-11-19
Glen Lochy Scottish Fat Free Cottage Cheese 300g,£1.09,£3.63 per kg,fresh_food,cheese,2024-11-19
Everyday Essentials Scottish Mature Coloured Cheddar 90,£4.88,£5.42 per kg,fresh_food,cheese,2024-11-19
Everyday Essentials Scottish Mild Coloured Cheddar 900g,£4.88,£5.42 per kg,fresh_food,cheese,2024-11-19
Specially Selected Scottish Vintage Cheddar 200g,£1.79,£8.95 per kg,fresh_food,cheese,2024-11-19
Everyday Essentials Grated Cheddar Cheese 500g,£2.99,£5.98 per kg,fresh_food,cheese,2024-11-19
Emporium Mature Cheddar Sticks 6x20g,£1.39,£11.58 per kg,fresh_food,cheese,2024-11-19
Emporium Mild Cheddar Sticks 6x20g,£1.39,£11.58 per kg,fresh_food,cheese,2024-11-19
Emporium British Mature Cheddar 400g,£2.49,£6.23 per kg,fresh_food,cheese,2024-11-19
Emporium British Extra Mature Cheddar 400g,£2.49,£6.23 per kg,fresh_food,cheese,2024-11-19
Everyday Essentials Grated Mozzarella Cheese 500g,£2.99,£5.98 per kg,fresh_food,cheese,2024-11-19
Plant Menu Vegan Cheese Mature Slices 180g/9 Slices,£1.75,£9.72 per kg,fresh_food,cheese,2024-11-19
Everyday Essentials Cheesy Singles 255g/15 Pack,£0.83,£3.69 per kg,fresh_food,cheese,2024-11-19
Emporium Italian Mozzarella 240g (125g Drained),£0.89,£7.12 per kg drained,fresh_food,cheese,2024-11-19
Everyday Essentials Mild White Cheddar Cheese Slices 20,£1.39,£6.95 per kg,fresh_food,cheese,2024-11-19
Plant Menu Vegan Mature Style Cheese Block 200g,£1.75,£8.75 per kg,fresh_food,cheese,2024-11-19
Specially Selected Beacon Blue® Goats' Cheese 115g,£2.69,£23.39 per kg,fresh_food,cheese,2024-11-19
Emporium Cheese 'a' Peel 4x20g,£1.09,£13.63 per kg,fresh_food,cheese,2024-11-19
Everyday Essentials British Mature White Cheddar 900g,£4.88,£5.42 per kg,fresh_food,cheese,2024-11-19
Emporium Grana Padano 100g,£1.59,£15.90 per kg,fresh_food,cheese,2024-11-19
Emporium Parmigiano Reggiano Shaved Cheese 80g,£1.59,£19.88 per kg,fresh_food,cheese,2024-11-19
Everyday Essentials British Mild White Cheddar 900g,£4.88,£5.42 per kg,fresh_food,cheese,2024-11-19
Plant Menu Soft Spread With Garlic & Herbs 170g,£1.75,£10.29 per kg,fresh_food,cheese,2024-11-19
Specially Selected Belton Farm Red Fox Vintage Red Leic,£2.29,£10.41 per kg,fresh_food,cheese,2024-11-19
Specially Selected Barber's Cave Aged Extra Mature Ched,£2.29,£10.41 per kg,fresh_food,cheese,2024-11-19
Specially Selected Davidstow Vintage Cheddar 200g,£2.29,£11.45 per kg,fresh_food,cheese,2024-11-19
Plant Menu Vegan Mature Grated Cheese 200g,£1.75,£8.75 per kg,fresh_food,cheese,2024-11-19
Emporium British Mature 50% Lighter Cheddar 400g,£2.49,£6.23 per kg,fresh_food,cheese,2024-11-19
Emporium British Mature 30% Lighter Cheddar 400g,£2.49,£6.23 per kg,fresh_food,cheese,2024-11-19
Emporium Greek Feta Cheese 200g,£1.69,£8.45 per kg,fresh_food,cheese,2024-11-19
Cathedral City Our Extra Mature Cheddar 350g,£2.99,£8.54 per kg,fresh_food,cheese,2024-11-19
Cathedral City Mature Cheddar 350g,£2.99,£8.54 per kg,fresh_food,cheese,2024-11-19
Emporium Breaded Mozzarella Sticks 240g/12 Pack,£2.49,£10.38 per kg,fresh_food,cheese,2024-11-19
Specially Selected Long Clawson Shropshire Blue 200g,£2.75,£13.75 per kg,fresh_food,cheese,2024-11-19
Specially Selected Long Clawson Mature Blue Stilton 220,£2.75,£12.50 per kg,fresh_food,cheese,2024-11-19
Specially Selected West Country Farmhouse Mature Barber,£2.79,£7.97 per kg,fresh_food,cheese,2024-11-19
Specially Selected West Country Farmhouse Extra Mature,£2.79,£7.97 per kg,fresh_food,cheese,2024-11-19
Specially Selected West Country Mature Cheddar 350g,£2.79,£7.97 per kg,fresh_food,cheese,2024-11-19
Specially Selected Shropshire Blue Cheese 200g,£2.75,£13.75 per kg,fresh_food,cheese,2024-11-19
Seriously Original 110g,£1.29,£11.73 per kg,fresh_food,cheese,2024-11-19
Seriously Lighter 110g,£1.29,£11.73 per kg,fresh_food,cheese,2024-11-19
Specially Selected Ultimate Cheese Selection Pack 625g,£12.99,£20.78 per kg,fresh_food,cheese,2024-11-19
Specially Selected Gruyere Cheese Fondue 300g,£5.99,£19.97 per kg,fresh_food,cheese,2024-11-19
Plant Menu Vegan Cheese Selection 4x100g,£4.99,£12.48 per kg,fresh_food,cheese,2024-11-19
Emporium Low Fat Cottage Cheese With Pineapple 300g,£1.09,£3.63 per kg,fresh_food,cheese,2024-11-19
Specially Selected Barber's Coastal Cheddar Cheese With,£2.49,£12.45 per kg,fresh_food,cheese,2024-11-19
Specially Selected West Country Extra Mature Cheddar 35,£2.79,£7.97 per kg,fresh_food,cheese,2024-11-19
Specially Selected Coastal Cheddar Cheese With Black Ga,£2.49,£12.45 per kg,fresh_food,cheese,2024-11-19
Specially Selected Sherry-Soaked Fruits Wensleydale Che,£2.49,£12.45 per kg,fresh_food,cheese,2024-11-19
Specially Selected Bombay Spiced Red Leicester Cheese 2,£2.49,£12.45 per kg,fresh_food,cheese,2024-11-19
Specially Selected West Country Vintage Cheddar 300g,£2.79,£9.30 per kg,fresh_food,cheese,2024-11-19
Specially Selected Vintage Red Fox Red Leicester & Swee,£2.99,£19.93 per kg,fresh_food,cheese,2024-11-19
Glen Lochy Scottish Natural Cottage Cheese 300g,£1.09,£3.63 per kg,fresh_food,cheese,2024-11-19
Emporium Original Cheese Slices 200g/8 Pack,£0.89,£4.45 per kg,fresh_food,cheese,2024-11-19
Emporium Light Cheese Slices 200g/8 Pack,£0.89,£4.45 per kg,fresh_food,cheese,2024-11-19
Emporium British Mature 50% Lighter Cheddar Cheese 400g,£2.49,£6.23 per kg,fresh_food,cheese,2024-11-19
Specially Selected Stratford Blue Cheese 165g,£2.69,£16.30 per kg,fresh_food,cheese,2024-11-19
Specially Selected Mild & Creamy Burland Bloom 150g,£2.69,£17.93 per kg,fresh_food,cheese,2024-11-19
Specially Selected Comté 180g,£2.99,£16.61 per kg,fresh_food,cheese,2024-11-19
Specially Selected Le Gruyère Aop Reserve 170g,£2.99,£17.59 per kg,fresh_food,cheese,2024-11-19
Collier's Powerful Welsh Cheddar 350g,£3.15,£9.00 per kg,fresh_food,cheese,2024-11-19
Emporium Grated Grana Padano Cheese 100g,£1.59,£15.90 per kg,fresh_food,cheese,2024-11-19
Emporium Somerset Brie Cheese 135g,£1.59,£11.78 per kg,fresh_food,cheese,2024-11-19
Emporium Somerset Camembert 140g,£1.59,£11.36 per kg,fresh_food,cheese,2024-11-19
Emporium Somerset Goat's Cheese 85g,£1.59,£18.71 per kg,fresh_food,cheese,2024-11-19
Specially Selected Bleu D'affinois 180g,£2.69,£14.94 per kg,fresh_food,cheese,2024-11-19
Specially Selected Gorgonzola Dolce 200g,£2.69,£13.45 per kg,fresh_food,cheese,2024-11-19
Specially Selected Gorgonzola Piccante 200g,£2.69,£13.45 per kg,fresh_food,cheese,2024-11-19
Specially Selected Bleu D'Auvergne 160g,£2.69,£16.81 per kg,fresh_food,cheese,2024-11-19
Specially Selected Barber's Cheese Aged Red Leicester W,£2.49,£12.45 per kg,fresh_food,cheese,2024-11-19
Specially Selected Cheese Coastal Cheddar & Pineapple 2,£2.49,£12.45 per kg,fresh_food,cheese,2024-11-19
Specially Selected Barber's Coastal Cheddar With Wasabi,£2.49,£12.45 per kg,fresh_food,cheese,2024-11-19
Specially Selected Wensleydale With West Country Fudge,£2.49,£12.45 per kg,fresh_food,cheese,2024-11-19
Emporium Breaded Halloumi Fries 170g/10 Pack,£2.49,£14.65 per kg,fresh_food,cheese,2024-11-19
Seriously Vintage Spreadable 110g,£1.29,£11.73 per kg,fresh_food,cheese,2024-11-19
Everyday Essentials Greek Style Salad Cheese 200g,£0.89,£4.45 per kg,fresh_food,cheese,2024-11-19
Specially Selected Parmigiano Reggiano 170g,£2.99,£17.59 per kg,fresh_food,cheese,2024-11-19
Emporium Mild & Creamy French Brie 200g,£1.69,£8.45 per kg,fresh_food,cheese,2024-11-19
Emporium Cypriot Halloumi 225g,£2.15,£9.56 per kg,fresh_food,cheese,2024-11-19
Emporium Lighter Cypriot Grilling Cheese 225g,£2.15,£9.56 per kg,fresh_food,cheese,2024-11-19
Emporium Dip-it Cheese Dip With Breadsticks 4x43g,£1.79,£10.41 per kg,fresh_food,cheese,2024-11-19
Emporium Dip-it Cheese Dip With Crackers 4x43g,£1.79,£10.41 per kg,fresh_food,cheese,2024-11-19
Emporium Italian Ricotta Cheese 250g,£1.29,£5.16 per kg,fresh_food,cheese,2024-11-19
Emporium Italian Mascarpone 250g,£1.29,£5.16 per kg,fresh_food,cheese,2024-11-19
Emporium British Cheddar With Pickled Onion 200g,£1.99,£9.95 per kg,fresh_food,cheese,2024-11-19
Emporium Dip-it Cheese Dip With Sour Cream & Chive Tube,£1.79,£10.91 per kg,fresh_food,cheese,2024-11-19
Specially Selected Cheese Truckle Tower 1kg,£12.99,£12.99 per kg,fresh_food,cheese,2024-11-19
Specially Selected 5 Year Vintage Cheddar Bake 300g,£5.99,£19.97 per kg,fresh_food,cheese,2024-11-19
Specially Selected Barber's Extra Mature Coastal Chedda,£2.49,£12.45 per kg,fresh_food,cheese,2024-11-19
Specially Selected Coastal Cheddar Cheese With Balsamic,£2.49,£12.45 per kg,fresh_food,cheese,2024-11-19
Specially Selected Triple Crème Brie 185g,£3.49,£13.96 per kg,fresh_food,cheese,2024-11-19
Specially Selected Epoisses 125g,£3.49,£13.96 per kg,fresh_food,cheese,2024-11-19
Specially Selected Brie With Truffles 135g,£3.49,£25.85 per kg,fresh_food,cheese,2024-11-19
Specially Selected Sheep's Cheese With Truffle 175g,£3.49,£19.94 per kg,fresh_food,cheese,2024-11-19
Specially Selected Truffle Gouda 180g,£3.49,£19.39 per kg,fresh_food,cheese,2024-11-19
Specially Selected St Félicien 180g,£3.49,£13.96 per kg,fresh_food,cheese,2024-11-19
Specially Selected Camembert 250g,£3.49,£13.96 per kg,fresh_food,cheese,2024-11-19
"Brooklea Tube It Strawberry, Peach & Red Berry Flavour",£1.29,£0.39 per 100g,fresh_food,yogurts,2024-11-19
"Brooklea Little Delights Strawberry, Apricot & Raspberr",£0.79,£0.28 per 100g,fresh_food,yogurts,2024-11-19
Brooklea 0% Fat Authentic Greek Yogurt 500g,£1.89,£0.38 per 100g,fresh_food,yogurts,2024-11-19
Brooklea Fat Free Natural Yogurt 500g,£0.35,£0.07 per 100g,fresh_food,yogurts,2024-11-19
Brooklea Authentic Greek Yogurt 500g,£1.89,£0.38 per 100g,fresh_food,yogurts,2024-11-19
Brooklea Fruit Yogurt Squidgy Pouches 4x80g,£0.85,£0.27 per 100g,fresh_food,yogurts,2024-11-19
Brooklea Vanilla And Banana Yogurt With Biscuit Pieces,£1.99,£0.27 per 100g,fresh_food,yogurts,2024-11-19
Brooklea Thick & Creamy Strawberry Yogurt 150g,£0.49,£0.33 per 100g,fresh_food,yogurts,2024-11-19
Brooklea Strawberry Protein Yoghurt 200g,£0.75,£0.38 per 100g,fresh_food,yogurts,2024-11-19
Brooklea Thick & Creamy Raspberry Yogurt 150g,£0.49,£0.33 per 100g,fresh_food,yogurts,2024-11-19
Brooklea Peach & Passion Fruit Thick & Creamy Yogurt 15,£0.49,£0.33 per 100g,fresh_food,yogurts,2024-11-19
Brooklea Protein Raspberry Yogurt Pouch 200g,£0.89,£0.45 per 100g,fresh_food,yogurts,2024-11-19
Brooklea Thick & Creamy Apricot Yogurt 150g,£0.49,£0.33 per 100g,fresh_food,yogurts,2024-11-19
Brooklea Light Smooth Toffee Yogurt 160g,£0.45,£0.28 per 100g,fresh_food,yogurts,2024-11-19
Brooklea Protein Strawberry Yogurt Pouch 200g,£0.89,£0.45 per 100g,fresh_food,yogurts,2024-11-19
Specially Selected Black Cherry Luxury Yogurt 150g,£0.59,£0.39 per 100g,fresh_food,yogurts,2024-11-19
Brooklea Strawberry Tube It 9x37g,£1.29,£0.39 per 100g,fresh_food,yogurts,2024-11-19
Specially Selected Salted Caramel 4x125g,£1.79,£0.36 per 100g,fresh_food,yogurts,2024-11-19
Brooklea Seeded Granola Protein Yoghurt 185g,£1.29,£0.70 per 100g,fresh_food,yogurts,2024-11-19
Brooklea Berry Granola Protein Yoghurt 185g,£1.29,£0.70 per 100g,fresh_food,yogurts,2024-11-19
Graham's Kefir Yogurt Natural 350g,£1.09,£0.31 per 100g,fresh_food,yogurts,2024-11-19
Grahams The Family Dairy Kefir Yogurt Strawberry 350g,£1.09,£0.31 per 100g,fresh_food,yogurts,2024-11-19
"Graham's Kefir Yogurt Passion Fruit, Mango & Papaya 350",£1.09,£0.31 per 100g,fresh_food,yogurts,2024-11-19
Brooklea Greek Mango Yogurt 150g,£0.89,£0.59 per 100g,fresh_food,yogurts,2024-11-19
Brooklea Authentic Greek Honey Yogurt 150g,£0.89,£0.59 per 100g,fresh_food,yogurts,2024-11-19
Brooklea Skyr Icelandic Style Strawberry Yogurt 450g,£0.99,£0.22 per 100g,fresh_food,yogurts,2024-11-19
Brooklea Skyr Icelandic Style Natural Yogurt 450g,£0.99,£0.22 per 100g,fresh_food,yogurts,2024-11-19
Brooklea Skyr Icelandic Style Mango & Passionfruit Yogu,£0.99,£0.22 per 100g,fresh_food,yogurts,2024-11-19
Brooklea Active Fat Free Yogurt Cherry 4x125g,£1.49,£0.32 per 100g,fresh_food,yogurts,2024-11-19
Brooklea Yogurt & Fruit Split Pots With Cherry Compote,£1.95,£0.24 per 100g,fresh_food,yogurts,2024-11-19
Brooklea Greek Style Whipped Strawberry & Lemon Yogurt,£2.19,£0.33 per 100g,fresh_food,yogurts,2024-11-19
Brooklea Greek Style Fat Free Natural Yogurt 500g,£0.85,£0.17 per 100g,fresh_food,yogurts,2024-11-19
Brooklea Fat Free Strawberry Yogurt Drinks 12x100g,£2.65,£0.22 per 100g,fresh_food,yogurts,2024-11-19
Actileaf Blueberry Soya Pot 500g,£1.09,£0.22 per 100g,fresh_food,yogurts,2024-11-19
Actileaf Plain Soya Pot 500g,£1.09,£0.22 per 100g,fresh_food,yogurts,2024-11-19
Actileaf Vanilla Soya Pot 500g,£1.09,£0.22 per 100g,fresh_food,yogurts,2024-11-19
Brooklea Double Delights Strawberry & Vanilla Flavour F,£1.25,£0.37 per 100g,fresh_food,yogurts,2024-11-19
Brooklea Cherry Yogurt 450g,£0.95,£0.21 per 100g,fresh_food,yogurts,2024-11-19
Brooklea Peach & Passionfruit Low Fat Protein Yoghurt 2,£0.75,£0.38 per 100g,fresh_food,yogurts,2024-11-19
Brooklea Raspberry Protein Yoghurt 200g,£0.75,£0.38 per 100g,fresh_food,yogurts,2024-11-19
Brooklea Peach & Passion Fruit Thick & Creamy Yogurt 4x,£1.59,£0.32 per 100g,fresh_food,yogurts,2024-11-19
Brooklea Strawberry Thick & Creamy Yogurt 4x125g,£1.59,£0.32 per 100g,fresh_food,yogurts,2024-11-19
Brooklea Light Greek Style Lemon Yogurts 4x115g,£0.99,£0.22 per 100g,fresh_food,yogurts,2024-11-19
Brooklea Light Greek Style Strawberry Yogurts 4x115g,£0.99,£0.22 per 100g,fresh_food,yogurts,2024-11-19
Brooklea Light Greek Style Coconut & Vanilla Yogurts 4x,£0.99,£0.22 per 100g,fresh_food,yogurts,2024-11-19
Brooklea Active Low Fat Strawberry Yogurt 4x115g,£1.49,£0.32 per 100g,fresh_food,yogurts,2024-11-19
Brooklea Active Fat Free Peach Yogurt 4x115g,£1.49,£0.32 per 100g,fresh_food,yogurts,2024-11-19
Brooklea Active Low Fat Rhubarb Yogurt 4x115g,£1.49,£0.32 per 100g,fresh_food,yogurts,2024-11-19
Specially Selected Senga Sengana Strawberry Luxury Yogu,£0.59,£0.39 per 100g,fresh_food,yogurts,2024-11-19
Specially Selected Sicilian Lemon Luxury Yogurt 150g,£0.59,£0.39 per 100g,fresh_food,yogurts,2024-11-19
Specially Selected Raspberry & Passionfruit Layered Yog,£0.69,£0.46 per 100g,fresh_food,yogurts,2024-11-19
Specially Selected Blueberry & Blackcurrant Layered Yog,£0.69,£0.46 per 100g,fresh_food,yogurts,2024-11-19
Specially Selected Caramel Layered Yogurt 150g,£0.69,£0.46 per 100g,fresh_food,yogurts,2024-11-19
Specially Selected Thick & Creamy Strawberry Yogurt 4x1,£1.79,£0.36 per 100g,fresh_food,yogurts,2024-11-19
Specially Selected Thick & Creamy Rhubarb Yogurt 4x125g,£1.79,£0.36 per 100g,fresh_food,yogurts,2024-11-19
Specially Selected Thick & Creamy Mango & Passion Fruit,£1.79,£0.36 per 100g,fresh_food,yogurts,2024-11-19
Brooklea Yogurt & Fruit Compote Split Pots 6x136g,£1.95,£0.24 per 100g,fresh_food,yogurts,2024-11-19
Brooklea Vanilla And Strawberry Yogurt With Biscuit Pie,£2.25,£0.30 per 100g,fresh_food,yogurts,2024-11-19
Brooklea Sunshine Fruits Low Fat Yogurts 6x125g,£0.85,£0.11 per 100g,fresh_food,yogurts,2024-11-19
Brooklea Berry Medley Low Fat Yogurts 6x125g,£0.85,£0.11 per 100g,fresh_food,yogurts,2024-11-19
Brooklea Greek Vanilla Fat Free Yogurt 150g,£0.89,£0.59 per 100g,fresh_food,yogurts,2024-11-19
Brooklea Greek Raspberry Fat Free Yogurt 150g,£0.89,£0.59 per 100g,fresh_food,yogurts,2024-11-19
Specially Selected Indulgent Mango & Vanilla Layered Yo,£0.69,£0.46 per 100g,fresh_food,yogurts,2024-11-19
Brooklea Cholesterol Original Yogurt Drinks 8x100g,£2.65,£0.33 per 100g,fresh_food,yogurts,2024-11-19
Brooklea Cholesterol Strawberry Yogurt Drinks 8x100g,£2.65,£0.33 per 100g,fresh_food,yogurts,2024-11-19
Brooklea Cholesterol Blueberry Yogurt Drinks 8x100g,£2.65,£0.33 per 100g,fresh_food,yogurts,2024-11-19
Brooklea Raspberry Thick & Creamy Yogurt 4x125g,£1.59,£0.32 per 100g,fresh_food,yogurts,2024-11-19
Specially Selected Lemon Curd Farmhouse Yoghurt 125g,£0.69,£0.55 per 100g,fresh_food,yogurts,2024-11-19
Specially Selected Cherry Farmhouse Yogurt 125g,£0.69,£0.55 per 100g,fresh_food,yogurts,2024-11-19
Specially Selected Strawberry Farmhouse Yogurt 125g,£0.69,£0.55 per 100g,fresh_food,yogurts,2024-11-19
Brooklea Greek Style Coconut Yogurt 450g,£1.25,£0.28 per 100g,fresh_food,yogurts,2024-11-19
Brooklea Light Vanilla Flavour Yogurt 175g,£0.45,£0.28 per 100g,fresh_food,yogurts,2024-11-19
Brooklea Light Banana & Custard Yogurt 175g,£0.45,£0.28 per 100g,fresh_food,yogurts,2024-11-19
Brooklea Fat Free Immune Support Yogurt Drinks Original,£2.65,£0.22 per 100g,fresh_food,yogurts,2024-11-19
Brooklea Fat Free Immune Support Yogurt Drinks Strawber,£2.65,£0.22 per 100g,fresh_food,yogurts,2024-11-19
Brooklea Fat Free Immune Support Yogurt Drinks Multifru,£2.65,£0.22 per 100g,fresh_food,yogurts,2024-11-19
Brooklea Fat Free Lights Confectionery Yogurts 6x140g,£2.49,£0.26 per 100g,fresh_food,yogurts,2024-11-19
Brooklea Fat Free Lights Fruit Yogurts 6x140g,£2.49,£0.26 per 100g,fresh_food,yogurts,2024-11-19
Brooklea Light Strawberry Yogurt 160g,£0.45,£0.28 per 100g,fresh_food,yogurts,2024-11-19
Actileaf Cherry Soya Pot 500g,£1.09,£0.22 per 100g,fresh_food,yogurts,2024-11-19
Everyday Essentials Fromage Frais With Fruit Purée 12x5,£0.80,£0.12 per 100g,fresh_food,yogurts,2024-11-19
Brooklea Strawberry Protein Drink 230g,£0.99,£0.43 per 100g,fresh_food,yogurts,2024-11-19
Brooklea Mango Protein Drink 230g,£0.99,£0.43 per 100g,fresh_food,yogurts,2024-11-19
Specially Selected Yellow Peach Luxury Yogurt 150g,£0.59,£0.39 per 100g,fresh_food,yogurts,2024-11-19
Brooklea Natural Yogurt 500g,£0.65,£0.13 per 100g,fresh_food,yogurts,2024-11-19
Brooklea Passion Fruit Flavour Protein Mousse 200g,£1.19,£0.59 per 100g,fresh_food,yogurts,2024-11-19
Brooklea Strawberry Greek Style Layers Yogurt 4x125g,£1.49,£0.30 per 100g,fresh_food,yogurts,2024-11-19
Brooklea Salted Caramel Greek Style Layers Yogurt 4x125,£1.49,£0.30 per 100g,fresh_food,yogurts,2024-11-19
Brooklea Lemon Flavour Protein Mousse 200g,£1.19,£0.59 per 100g,fresh_food,yogurts,2024-11-19
Brooklea Strawberry Flavour Protein Mousse 200g,£1.19,£0.59 per 100g,fresh_food,yogurts,2024-11-19
Brooklea Top Up Strawberry Flavour Yogurt Drink 6x180g,£1.99,£0.18 per 100g,fresh_food,yogurts,2024-11-19
Brooklea Gooseberry Thick & Creamy Yogurt 4x125g,£1.59,£0.32 per 100g,fresh_food,yogurts,2024-11-19
Brooklea Salted Caramel Cheesecake Inspired Yogurt Spli,£2.19,£0.37 per 100g,fresh_food,yogurts,2024-11-19
Village Dairy Llaeth Y Llan Lemon Bio-live Yogurt 125g,£0.40,£0.32 per 100g,fresh_food,yogurts,2024-11-19
"Brooklea Mango, Papaya & Passion Fruit Yogurt 450g",£0.95,£0.21 per 100g,fresh_food,yogurts,2024-11-19
Brooklea Fat Free Strawberry Yogurt 450g,£0.95,£0.21 per 100g,fresh_food,yogurts,2024-11-19
Brooklea Fat Free Vanilla Yogurt 450g,£0.95,£0.21 per 100g,fresh_food,yogurts,2024-11-19
Brooklea Greek Style Natural Yogurt 500g,£0.85,£0.17 per 100g,fresh_food,yogurts,2024-11-19
McCallums Full Fat Natural Yogurt 500g,£0.75,£0.15 per 100g,fresh_food,yogurts,2024-11-19
McCallums Fat Free Natural Yogurt 500g,£0.35,£0.07 per 100g,fresh_food,yogurts,2024-11-19
Brooklea Greek Style Fat Free Natural Yogurt 1kg,£1.65,£0.17 per 100g,fresh_food,yogurts,2024-11-19
Brooklea Greek Style Natural Yogurt 1kg,£1.65,£0.17 per 100g,fresh_food,yogurts,2024-11-19
Brooklea Fat Free Natural Greek Style Yogurt 500g,£0.85,£0.17 per 100g,fresh_food,yogurts,2024-11-19
Brooklea Greek Style Honey Yogurt 450g,£1.25,£0.28 per 100g,fresh_food,yogurts,2024-11-19
Brooklea Immune Support* Yogurt Drinks - Original 12x10,£2.65,£0.22 per 100g,fresh_food,yogurts,2024-11-19
Brooklea Fat Free Multifruit Yogurt Drinks 12x100g,£2.65,£0.22 per 100g,fresh_food,yogurts,2024-11-19
Village Dairy Llaeth Y Llan Raspberry Low Fat Bio-live,£0.40,£0.32 per 100g,fresh_food,yogurts,2024-11-19
Village Dairy Llaeth Y Llan Strawberry Low Fat Bio-live,£0.40,£0.32 per 100g,fresh_food,yogurts,2024-11-19
Village Dairy Llaeth Y Llan Toffee Low Fat Bio-live Yog,£0.40,£0.32 per 100g,fresh_food,yogurts,2024-11-19
Rowan Glen Low Fat Bio Yogurt Strawberry 125g,£0.45,£0.36 per 100g,fresh_food,yogurts,2024-11-19
Rowan Glen Low Fat Bio Yogurt Raspberry 125g,£0.45,£0.36 per 100g,fresh_food,yogurts,2024-11-19
Rowan Glen Low Fat Bio Yogurt Peach Melba 125g,£0.45,£0.36 per 100g,fresh_food,yogurts,2024-11-19
Rowan Glen Low Fat Bio Yogurt Toffee 125g,£0.45,£0.36 per 100g,fresh_food,yogurts,2024-11-19
Rowan Glen Greek Style Yogurt Natural 150g,£0.69,£0.46 per 100g,fresh_food,yogurts,2024-11-19
Rowan Glen Greek Style Yogurt On A Layer Of Honey Sauce,£0.69,£0.46 per 100g,fresh_food,yogurts,2024-11-19
Rowan Glen Strawberry Crumble 150g,£0.59,£0.39 per 100g,fresh_food,yogurts,2024-11-19
Rowan Glen Apple Crumble 150g,£0.59,£0.39 per 100g,fresh_food,yogurts,2024-11-19
Rowan Glen Rhubarb Crumble 150g,£0.59,£0.39 per 100g,fresh_food,yogurts,2024-11-19
Rowan Glen Greek Style Yogurt On A Layer Of Strawberry,£0.69,£0.46 per 100g,fresh_food,yogurts,2024-11-19
Brooklea Protein Peach & Passionfruit Yogurt Pouch 200g,£0.89,£0.45 per 100g,fresh_food,yogurts,2024-11-19
Brooklea Skyr Fat Free Icelandic Style Superberry Yogur,£0.65,£0.43 per 100g,fresh_food,yogurts,2024-11-19
Brooklea Icelandic Style Raspberry Yogurt 150g,£0.65,£0.43 per 100g,fresh_food,yogurts,2024-11-19
"Brooklea Fat Free Icelandic Style Yogurt Passionfruit,",£0.65,£0.43 per 100g,fresh_food,yogurts,2024-11-19
Brooklea Lemon Cheesecake Inspired Protein Pot 200g,£0.75,£0.38 per 100g,fresh_food,yogurts,2024-11-19
Brooklea Vanilla Protein Pot 200g,£0.75,£0.38 per 100g,fresh_food,yogurts,2024-11-19
Brooklea Salted Caramel Flavour Protein Pot 200g,£0.75,£0.38 per 100g,fresh_food,yogurts,2024-11-19
Specially Selected Mango & Passionfruit Farmhouse Yogur,£0.69,£0.55 per 100g,fresh_food,yogurts,2024-11-19
Brooklea Greek Style Strawberry Yogurt 150g,£0.59,£0.39 per 100g,fresh_food,yogurts,2024-11-19
Brooklea Greek Style Vanilla Yogurt 150g,£0.59,£0.39 per 100g,fresh_food,yogurts,2024-11-19
Specially Selected Mango & Granola Greek Style Yogurt 1,£1.09,£0.73 per 100g,fresh_food,yogurts,2024-11-19
Specially Selected Blueberry & Granola Greek Style Vani,£1.09,£0.73 per 100g,fresh_food,yogurts,2024-11-19
Specially Selected Strawberry & Granola Greek Style Yog,£1.09,£0.73 per 100g,fresh_food,yogurts,2024-11-19
Specially Selected Hand Finished Chesham Bronze Whole T,£64.89,£12.99 per kg,fresh_food,meat_poultry,2024-11-19
Specially Selected British Free Range East Anglian Bron,£37.98,£19.99 per kg,fresh_food,meat_poultry,2024-11-19
Specially Selected Free Range East Anglian Bronze Roly,£29.99,£21.42 per kg,fresh_food,meat_poultry,2024-11-19
Ashfields Stuffed British Turkey Thigh Joint 850g,£12.99,£15.28 per kg,fresh_food,meat_poultry,2024-11-19
Specially Selected Free Range East Anglian Bronze Roly,£39.98,£15.99 per kg,fresh_food,meat_poultry,2024-11-19
Ashfield Farm British Pork Crackling Leg Joint Typicall,£10.30,£3.49 per kg,fresh_food,meat_poultry,2024-11-19
Oakhurst Smoked Gammon Joint Typically 3.25kg,£14.59,£4.49 per kg,fresh_food,meat_poultry,2024-11-19
Oakhurst Unsmoked Gammon Joint Typically 3.25kg,£14.59,£4.49 per kg,fresh_food,meat_poultry,2024-11-19
Specially Selected The Ultimate Wagyu Wing Rib Typicall,£63.70,£24.99 per kg,fresh_food,meat_poultry,2024-11-19
Specially Selected The Ultimate Wagyu Tomahawk Steak Ty,£27.49,£24.99 per kg,fresh_food,meat_poultry,2024-11-19
Specially Selected Wagyu Chateaubriand 750g,£39.99,£53.32 per kg,fresh_food,meat_poultry,2024-11-19
Specially Selected 30 Day Matured Sirloin Beef Roasting,£20.89,£18.99 per kg,fresh_food,meat_poultry,2024-11-19
Specially Selected The Ultimate Wagyu Peppercorn Cruste,£17.62,£24.99 per kg,fresh_food,meat_poultry,2024-11-19
Specially Selected Wagyu Sirloin Joint Typically 1kg,£29.99,£29.99 per kg,fresh_food,meat_poultry,2024-11-19
Ashfields Large British Pork Loin Joint Typically 2.2kg,£7.68,£3.49 per kg,fresh_food,meat_poultry,2024-11-19
Specially Selected Rolled Pork Belly Porchetta With Por,£14.99,£12.49 per kg,fresh_food,meat_poultry,2024-11-19
Specially Selected Rack Of Lamb Typically 0.625kg,£15.62,£24.99 per kg,fresh_food,meat_poultry,2024-11-19
Specially Selected Mulled Wine Crackling Gammon Joint 2,£18.99,£7.60 per kg,fresh_food,meat_poultry,2024-11-19
Ashfields Clementine Glazed Gammon Joint Typically 1.2k,£10.79,£8.99 per kg,fresh_food,meat_poultry,2024-11-19
Specially Selected Sugar Baked Crackling Gammon Joint 2,£18.99,£7.60 per kg,fresh_food,meat_poultry,2024-11-19
Ashfields Maple Glazed Gammon Joint Typically 1.2kg,£10.79,£8.99 per kg,fresh_food,meat_poultry,2024-11-19
Specially Selected Dry Cured Gammon Joint 1.2kg,£11.99,£9.99 per kg,fresh_food,meat_poultry,2024-11-19
Specially Selected Winter Spiced Gammon Joint 1.2kg,£11.99,£9.99 per kg,fresh_food,meat_poultry,2024-11-19
Nature's Glen Chicken Legs 1kg,£2.29,£2.29 per kg,fresh_food,meat_poultry,2024-11-19
Specially Selected Smoked Scottish Back Bacon Medallion,£1.99,£12.44 per kg,fresh_food,meat_poultry,2024-11-19
Specially Selected Unsmoked Scottish Back Bacon Medalli,£1.99,£12.44 per kg,fresh_food,meat_poultry,2024-11-19
Ashfields 30 Day Matured King Of Steaks 12oz Sirloin St,£6.99,£20.56 per kg,fresh_food,meat_poultry,2024-11-19
Specially Selected Pork Sausages 400g/6 Pack,£2.49,£6.23 per kg,fresh_food,meat_poultry,2024-11-19
Ashfields Lean Chicken Mince 500g,£2.49,£4.98 per kg,fresh_food,meat_poultry,2024-11-19
Ashfields British Pork Crackling Leg Joint Typically 1.,£7.94,£5.29 per kg,fresh_food,meat_poultry,2024-11-19
Ashfields British Pork Shoulder Joint Typically 1.5kg,£5.99,£3.99 per kg,fresh_food,meat_poultry,2024-11-19
Simon Howie The Scottish Butcher Traditional White Pudd,£1.39,£6.32 per kg,fresh_food,meat_poultry,2024-11-19
Specially Selected Pork Chorizo Style Pork Sausages 400,£2.49,£6.23 per kg,fresh_food,meat_poultry,2024-11-19
Macaulay's Haggis Slices 240g,£1.35,£5.63 per kg,fresh_food,meat_poultry,2024-11-19
Everyday Essentials Smoked Gammon Joint Typically 1kg,£4.29,£4.29 per kg,fresh_food,meat_poultry,2024-11-19
Everyday Essentials Unsmoked Gammon Joint Typically 1kg,£4.29,£4.29 per kg,fresh_food,meat_poultry,2024-11-19
Oakhurst Smoked Bacon Lardons 200g,£1.89,£9.45 per kg,fresh_food,meat_poultry,2024-11-19
Oakhurst Unsmoked Bacon Lardons 200g,£1.89,£9.45 per kg,fresh_food,meat_poultry,2024-11-19
Specially Selected The Ultimate Burger 340g,£2.99,£8.79 per kg,fresh_food,meat_poultry,2024-11-19
Nature's Glen Chicken Breast Mini Fillets 400g,£2.99,£7.48 per kg,fresh_food,meat_poultry,2024-11-19
Macaulay's Scotch Lamb Liver Typically 0.325kg,£1.30,£3.99 per kg,fresh_food,meat_poultry,2024-11-19
Specially Selected Lean Aberdeen Angus Steak Mince 5% F,£3.99,£7.98 per kg,fresh_food,meat_poultry,2024-11-19
Specially Selected Smoked Scottish Back Bacon Rashers 2,£2.39,£9.96 per kg,fresh_food,meat_poultry,2024-11-19
Specially Selected Unsmoked Scottish Back Bacon Rashers,£2.39,£9.96 per kg,fresh_food,meat_poultry,2024-11-19
Ashfields Black Pudding Slices 227g/4 Pack,£0.99,£4.36 per kg,fresh_food,meat_poultry,2024-11-19
Nature's Glen Scottish Pork Chops 700g/4 Pack,£3.99,£5.70 per kg,fresh_food,meat_poultry,2024-11-19
Macaulay's Smoked Ham Hough 850g,£2.69,£3.16 per kg,fresh_food,meat_poultry,2024-11-19
Specially Selected Free Range Corn Fed Chicken Thigh Fi,£3.49,£9.31 per kg,fresh_food,meat_poultry,2024-11-19
Ashfields British Beef 21 Day Matured Roasting Joint Ty,£9.73,£9.49 per kg,fresh_food,meat_poultry,2024-11-19
Nature's Glen Chicken Breast Fillets 2kg,£11.99,£6.00 per kg,fresh_food,meat_poultry,2024-11-19
Specially Selected Scottish Pork & Bramley Apple Sausag,£2.49,£6.23 per kg,fresh_food,meat_poultry,2024-11-19
Specially Selected Sourdough Breaded Wild Garlic & Jers,£3.99,£10.64 per kg,fresh_food,meat_poultry,2024-11-19
Ashfields Lamb Leg Steaks 300g,£4.19,£13.97 per kg,fresh_food,meat_poultry,2024-11-19
Ashfields 100% British Lamb Chops 340g,£4.49,£13.21 per kg,fresh_food,meat_poultry,2024-11-19
Hall's Wee Willie Winkie's 20 Mini Skinless Sausages 20,£1.25,£6.10 per kg,fresh_food,meat_poultry,2024-11-19
Specially Selected Cumberland Pork Sausages 400g/6 Pack,£2.49,£6.23 per kg,fresh_food,meat_poultry,2024-11-19
Specially Selected British Free Range Corn Fed Whole Ch,£9.48,£4.99 per kg,fresh_food,meat_poultry,2024-11-19
Specially Selected Scottish Cumberland Pork Chipolatas,£2.49,£6.64 per kg,fresh_food,meat_poultry,2024-11-19
Ashfields Half Leg Of Lamb Typically 1.15kg,£13.79,£11.99 per kg,fresh_food,meat_poultry,2024-11-19
Ashfields Half Leg Of Lamb Typically 1.275kg,£15.29,£11.99 per kg,fresh_food,meat_poultry,2024-11-19
Ashfields 21 Day Matured Beef Roasting Joint Typically,£8.70,£8.49 per kg,fresh_food,meat_poultry,2024-11-19
Ashfields 30 Day Matured Beef Roasting Joint Typically,£10.75,£10.49 per kg,fresh_food,meat_poultry,2024-11-19
Ashfields Welsh 30 Day Matured Beef Roasting Joint Typi,£10.75,£10.49 per kg,fresh_food,meat_poultry,2024-11-19
Ashfields 21 Day Matured Welsh Beef Roasting Joint Typi,£8.70,£8.49 per kg,fresh_food,meat_poultry,2024-11-19
Ashfields British Beef Brisket Typically 0.975kg,£9.25,£9.49 per kg,fresh_food,meat_poultry,2024-11-19
Everyday Essentials 21 Day Matured Welsh Beef Steak 227,£2.99,£13.17 per kg,fresh_food,meat_poultry,2024-11-19
"Ashfields Roast In The Bag Pork, Sage & Onion Stuffed W",£5.49,£3.43 per kg,fresh_food,meat_poultry,2024-11-19
Ashfields British Lean Pork Fillet Typically 0.55kg,£3.84,£6.99 per kg,fresh_food,meat_poultry,2024-11-19
Ashfields Chicken Breast Fillets 2kg,£11.99,£6.00 per kg,fresh_food,meat_poultry,2024-11-19
Ashfields British Extra Lean Diced Steak 350g,£3.99,£11.40 per kg,fresh_food,meat_poultry,2024-11-19
Ashfields Beef Meatballs 680g/24 Pack,£4.29,£6.31 per kg,fresh_food,meat_poultry,2024-11-19
Ashfields British Chicken Drumsticks 1kg,£1.99,£1.99 per kg,fresh_food,meat_poultry,2024-11-19
Ashfields Chicken Legs 1kg,£2.29,£2.29 per kg,fresh_food,meat_poultry,2024-11-19
Ashfields British Chicken Breast Mini Fillets 600g,£3.99,£6.65 per kg,fresh_food,meat_poultry,2024-11-19
Ashfields British Diced Chicken Breast Fresh Class A 60,£3.99,£6.65 per kg,fresh_food,meat_poultry,2024-11-19
Ashfields Chicken Thigh Fillets 600g,£3.99,£6.65 per kg,fresh_food,meat_poultry,2024-11-19
Ashfields British Chicken Thighs 1kg,£2.85,£2.85 per kg,fresh_food,meat_poultry,2024-11-19
Macaulay's Big Breakfast Pack 700g,£2.89,£4.13 per kg,fresh_food,meat_poultry,2024-11-19
Ashfields British Chicken Breast Mini Fillets 400g,£2.99,£7.48 per kg,fresh_food,meat_poultry,2024-11-19
Ashfields British Diced Chicken Breast 400g,£2.99,£7.48 per kg,fresh_food,meat_poultry,2024-11-19
Oakhurst Lean Smoked Bacon 250g/8 Pack,£2.09,£8.36 per kg,fresh_food,meat_poultry,2024-11-19
Oakhurst Lean Unsmoked Bacon 250g/8 Pack,£2.09,£8.36 per kg,fresh_food,meat_poultry,2024-11-19
Oakhurst Smoked Back Bacon 300g/10 Pack,£1.89,£6.30 per kg,fresh_food,meat_poultry,2024-11-19
Oakhurst Unsmoked Back Bacon 300g/10 Pack,£1.89,£6.30 per kg,fresh_food,meat_poultry,2024-11-19
Oakhurst Smoked Reduced Salt Back Bacon 250g/8 Pack,£1.65,£6.60 per kg,fresh_food,meat_poultry,2024-11-19
Oakhurst Small Gammon Joint Smoked 750g,£3.99,£5.32 per kg,fresh_food,meat_poultry,2024-11-19
Ashfields Pork Shoulder Steaks 700g,£2.79,£3.99 per kg,fresh_food,meat_poultry,2024-11-19
Ashfields British Chicken Breast Fillets 650g,£4.49,£6.91 per kg,fresh_food,meat_poultry,2024-11-19
Ashfields British Chicken Thigh Fillets 900g,£4.99,£5.54 per kg,fresh_food,meat_poultry,2024-11-19
Ashfields 28 Day Matured Fillet Steaks 340g/2 Pack,£9.99,£29.38 per kg,fresh_food,meat_poultry,2024-11-19
Ashfields Italian Style Chicken Chipolatas 340g/10 Pack,£2.49,£7.32 each,fresh_food,meat_poultry,2024-11-19
Ashfields British Reduced Fat Beef Mince 10% Fat 500g,£3.09,£6.18 per kg,fresh_food,meat_poultry,2024-11-19
Ashfields 100% British Lamb Mince 475g,£4.65,£9.79 per kg,fresh_food,meat_poultry,2024-11-19
Oakhurst Unsmoked Reduced Salt Back Bacon 250g/8 Pack,£1.65,£6.60 per kg,fresh_food,meat_poultry,2024-11-19
Oakhurst Unsmoked Gammon Steaks 250g,£1.99,£7.96 per kg,fresh_food,meat_poultry,2024-11-19
Specially Selected Dry Cured Smoked Back Bacon 240g,£2.39,£9.96 per kg,fresh_food,meat_poultry,2024-11-19
Specially Selected Dry Cured Unsmoked Back Bacon 240g,£2.39,£9.96 per kg,fresh_food,meat_poultry,2024-11-19
"Ashfields Salt, Pepper & Herb Chicken Crown 740g",£4.99,£6.74 per kg,fresh_food,meat_poultry,2024-11-19
Specially Selected Free Range Corn Fed Chicken Breast F,£4.49,£12.83 per kg,fresh_food,meat_poultry,2024-11-19
Ashfields 4 5% Fat Skinny Beef Quarter Pounders 454g,£3.39,£7.47 per kg,fresh_food,meat_poultry,2024-11-19
Ashfields British Turkey Mince 500g,£2.69,£5.38 per kg,fresh_food,meat_poultry,2024-11-19
Ashfields 100% British Lean Diced Beef 400g,£4.19,£10.48 per kg,fresh_food,meat_poultry,2024-11-19
Ashfields British Diced Beef 700g,£6.49,£9.27 per kg,fresh_food,meat_poultry,2024-11-19
Ashfields Garlic & Herb Spatchcock Chicken 1.1kg,£4.49,£4.08 per kg,fresh_food,meat_poultry,2024-11-19
Ashfields Ready To Cook Hunters Chicken Breasts 430g,£3.49,£8.12 per kg,fresh_food,meat_poultry,2024-11-19
Ashfields Cheese & Bacon Ready To Cook Chicken En Crout,£3.49,£8.60 per kg,fresh_food,meat_poultry,2024-11-19
Specially Selected Lincolnshire Pork Sausages 400g/6 Pa,£2.49,£6.23 per kg,fresh_food,meat_poultry,2024-11-19
Ashfields 21 Days Matured British Beef Steak 227g,£2.99,£13.17 per kg,fresh_food,meat_poultry,2024-11-19
Oakhurst Smoked Back Bacon 2x250g/14 Pack,£2.89,£5.78 per kg,fresh_food,meat_poultry,2024-11-19
Oakhurst Unsmoked Back Bacon 2x250g/14 Pack,£2.89,£5.78 per kg,fresh_food,meat_poultry,2024-11-19
Oakhurst Smoked Streaky Bacon 300g/14 Pack,£2.29,£7.63 per kg,fresh_food,meat_poultry,2024-11-19
Oakhurst Unsmoked Streaky Bacon 300g/14 Pack,£2.29,£7.63 per kg,fresh_food,meat_poultry,2024-11-19
Everyday Essentials Smoked Back Bacon Bumper Pack 1kg,£4.49,£4.49 per kg,fresh_food,meat_poultry,2024-11-19
Everyday Essentials Unsmoked Back Bacon Bumper Pack 1kg,£4.49,£4.49 per kg,fresh_food,meat_poultry,2024-11-19
Everyday Essentials Smoked Streaky Bacon Rashers 275g,£1.45,£5.03 per kg,fresh_food,meat_poultry,2024-11-19
Everyday Essentials Unsmoked Streaky Bacon Rashers 275g,£1.45,£5.03 per kg,fresh_food,meat_poultry,2024-11-19
Everyday Essentials Smoked Back Bacon Rashers 300g/7 Pa,£1.45,£5.03 per kg,fresh_food,meat_poultry,2024-11-19
Everyday Essentials Unsmoked Back Bacon Rashers 300g/7,£1.45,£5.03 per kg,fresh_food,meat_poultry,2024-11-19
Ashfields British Chicken Wings 1kg,£1.99,£1.99 per kg,fresh_food,meat_poultry,2024-11-19
Ashfields 100% British 5% Fat Lean Beef Mince 500g,£3.49,£6.98 per kg,fresh_food,meat_poultry,2024-11-19
Ashfields British Lean Beef Steak Mince 250g,£2.19,£8.76 per kg,fresh_food,meat_poultry,2024-11-19
Ashfields British 30 Day Matured Sirloin Steak 227g,£4.79,£21.10 per kg,fresh_food,meat_poultry,2024-11-19
Ashfields 100% British 28 Day Matured Fillet Steak 170g,£4.99,£29.35 per kg,fresh_food,meat_poultry,2024-11-19
Ashfields 21 Days Matured British Rump Steak 232g,£3.49,£15.04 per kg,fresh_food,meat_poultry,2024-11-19
Oakhurst Smoked Back Bacon Rashers 300g/10 Pack,£1.89,£6.30 per kg,fresh_food,meat_poultry,2024-11-19
Oakhurst Small Smoked Gammon Joint 750g,£3.99,£5.32 per kg,fresh_food,meat_poultry,2024-11-19
Oakhurst Small Unsmoked Gammon Joint 750g,£3.99,£5.32 per kg,fresh_food,meat_poultry,2024-11-19
Oakhurst Smoked Gammon Steaks 250g,£1.99,£7.96 per kg,fresh_food,meat_poultry,2024-11-19
Oakhurst Unsmoked Gammon Steaks 250g/2 Pack,£1.99,£7.96 per kg,fresh_food,meat_poultry,2024-11-19
Oakhurst Smoked Gammon Steaks 450g,£3.49,£7.76 per kg,fresh_food,meat_poultry,2024-11-19
Oakhurst Unsmoked Gammon Steaks 450g,£3.49,£7.76 per kg,fresh_food,meat_poultry,2024-11-19
Everyday Essentials Unsmoked Back Bacon 300g,£1.45,£5.03 per kg,fresh_food,meat_poultry,2024-11-19
Everyday Essentials Smoked Back Bacon 300g,£1.45,£5.03 per kg,fresh_food,meat_poultry,2024-11-19
Specially Selected Scottish Caramelised Onion Pork Saus,£2.49,£6.23 per kg,fresh_food,meat_poultry,2024-11-19
Specially Selected Scottish Cumberland Pork Sausages 40,£2.49,£6.23 per kg,fresh_food,meat_poultry,2024-11-19
Specially Selected Scottish Pork Chipolatas 375g/12 Pac,£2.49,£6.64 per kg,fresh_food,meat_poultry,2024-11-19
Specially Selected Scottish Pork Sausages 400g/6 Pack,£2.49,£6.23 per kg,fresh_food,meat_poultry,2024-11-19
Ashfields 30 Day Matured British Ribeye Steak 227g,£4.99,£21.98 per kg,fresh_food,meat_poultry,2024-11-19
Ashfields British 30 Day Matured Rump Steak 255g,£4.19,£16.43 per kg,fresh_food,meat_poultry,2024-11-19
Ashfields Lamb Chops 340g,£4.49,£13.21 per kg,fresh_food,meat_poultry,2024-11-19
Nature's Glen Chicken Thigh Fillets 600g,£3.99,£6.65 per kg,fresh_food,meat_poultry,2024-11-19
Oakhurst Smoked Back Bacon Rashers 2x250g/14 Pack,£2.89,£5.78 per kg,fresh_food,meat_poultry,2024-11-19
Nature's Glen Chicken Breast Fillets 300g/2 Pack,£2.25,£7.50 per kg,fresh_food,meat_poultry,2024-11-19
Nature's Glen Chicken Breast Fillets 1kg,£6.49,£6.49 per kg,fresh_food,meat_poultry,2024-11-19
Nature's Glen Diced Chicken Breast 400g,£2.99,£7.48 per kg,fresh_food,meat_poultry,2024-11-19
Macaulay's Pork Sausages 454g/8 Pack,£1.69,£3.72 per kg,fresh_food,meat_poultry,2024-11-19
Macaulay's Irish Pork Sausages 454g/8 Pack,£1.69,£3.72 per kg,fresh_food,meat_poultry,2024-11-19
Oakhurst Thick Cut Unsmoked Back Bacon Rashers 360g/10,£2.29,£6.36 per kg,fresh_food,meat_poultry,2024-11-19
Oakhurst Thick Cut Smoked Back Bacon Rashers 360g/10 Pa,£2.29,£6.36 per kg,fresh_food,meat_poultry,2024-11-19
Nature's Glen Scottish Pork Loin Steaks 480g,£2.89,£6.02 per kg,fresh_food,meat_poultry,2024-11-19
Nature's Glen Scottish 5% Fat Lean Pork Mince 500g,£2.59,£5.18 per kg,fresh_food,meat_poultry,2024-11-19
Nature's Glen Scottish Pork Shoulder Steaks 700g,£2.79,£3.99 per kg,fresh_food,meat_poultry,2024-11-19
Nature's Glen Scottish Pork Loin Medallions 400g/4 Pack,£3.49,£8.73 per kg,fresh_food,meat_poultry,2024-11-19
Macaulay's Haggis 454g,£1.95,£4.30 per kg,fresh_food,meat_poultry,2024-11-19
Specially Selected Black Pudding 200g,£1.39,£6.95 per kg,fresh_food,meat_poultry,2024-11-19
Ashfields 21 Day Matured Sirloin Steak 195g,£3.69,£18.92 per kg,fresh_food,meat_poultry,2024-11-19
Ashfields 100% British Beef & Pork Mince 750g,£3.99,£5.32 per kg,fresh_food,meat_poultry,2024-11-19
Ashfields British Pork Loin Medallions 400g,£3.49,£8.73 per kg,fresh_food,meat_poultry,2024-11-19
Ashfields British Pork Loin Steaks 480g,£2.89,£6.02 per kg,fresh_food,meat_poultry,2024-11-19
Ashfields Pork Belly Slices 500g,£3.59,£7.18 per kg,fresh_food,meat_poultry,2024-11-19
Ashfields 100% British 4 Pork Chops 700g,£3.99,£5.70 per kg,fresh_food,meat_poultry,2024-11-19
Ashfields 100% British 5% Fat Lean Pork Mince 500g,£2.59,£5.18 per kg,fresh_food,meat_poultry,2024-11-19
Ashfields British Turkey Breast Steaks 375g,£3.49,£9.31 per kg,fresh_food,meat_poultry,2024-11-19
Ashfields 21 Days Matured British Ribeye Steak 195g,£3.99,£20.46 per kg,fresh_food,meat_poultry,2024-11-19
Ashfields British Chicken Breast Fillets Fresh Class A,£2.25,£7.50 per kg,fresh_food,meat_poultry,2024-11-19
Ashfields Chicken Breast Fillets 1kg,£6.49,£6.49 per kg,fresh_food,meat_poultry,2024-11-19
Ashfields British Skinny 5% Fat Beef Meatballs 340g/12,£2.99,£8.79 per kg,fresh_food,meat_poultry,2024-11-19
Ashfields Beef Meatballs 340g,£2.49,£7.32 per kg,fresh_food,meat_poultry,2024-11-19
Ashfields Garlic & Herb Chicken Sausages 340g/6 Pack,£2.49,£7.32 per kg,fresh_food,meat_poultry,2024-11-19
Ashfields Chicken Sausages 340g/6 Pack,£2.49,£7.32 per kg,fresh_food,meat_poultry,2024-11-19
Specially Selected British Wild Venison Steak 180g,£3.99,£22.17 per kg,fresh_food,meat_poultry,2024-11-19
"Ready, Set…Cook! Crispy Aromatic Half Duck With Chinese",£6.49,£11.39 per kg,fresh_food,meat_poultry,2024-11-19
Specially Selected Wagyu Sizzle Steaks 400g,£4.99,£12.48 per kg,fresh_food,meat_poultry,2024-11-19
Oakhurst Slow Cooked Salt & Chilli Ribs 600g,£4.49,£7.48 per kg,fresh_food,meat_poultry,2024-11-19
Ashfields British Extra Lean Beef Mince 600g,£4.79,£7.98 per kg,fresh_food,meat_poultry,2024-11-19
Specially Selected Dry Cured Smoked Streaky Bacon 220g/,£2.29,£10.41 per kg,fresh_food,meat_poultry,2024-11-19
Specially Selected Dry Cured Unsmoked Streaky Bacon 220,£2.29,£10.41 per kg,fresh_food,meat_poultry,2024-11-19
Oakhurst Slow Cooked Lamb Shanks With Mint Gravy 750g,£6.99,£9.99 per kg,fresh_food,meat_poultry,2024-11-19
Nature's Glen Extra Lean Scotch Beef Mince 600g,£4.79,£7.98 per kg,fresh_food,meat_poultry,2024-11-19
Specially Selected Spicy ‘N' Zingy Sweet Chilli Chicken,£2.99,£8.54 per kg,fresh_food,meat_poultry,2024-11-19
"Ready, Set…Cook! Rump Steaks With A Chimichurri Melt 40",£3.99,£9.98 per kg,fresh_food,meat_poultry,2024-11-19
Ashfields Buttermilk Tandoori Chicken Kebabs 320g/4 Pac,£3.99,£12.47 per kg,fresh_food,meat_poultry,2024-11-19
Ashfields Chicken Shawarma Kebabs 320g/4 Pack,£3.99,£12.47 per kg,fresh_food,meat_poultry,2024-11-19
Nature's Glen Sweet Chilli & Lime Scottish Pork Loin St,£3.19,£7.25 per kg,fresh_food,meat_poultry,2024-11-19
Nature's Glen Chinese Pork Loin Steaks 440g,£3.19,£7.25 per kg,fresh_food,meat_poultry,2024-11-19
Ashfields Chinese Spatchcock Chicken 1.15kg,£4.49,£3.90 per kg,fresh_food,meat_poultry,2024-11-19
Ashfields British Beef Roasting Joint Typically 1.025kg,£9.73,£9.49 per kg,fresh_food,meat_poultry,2024-11-19
"Ready, Set...Cook! Beef Fajita Stir Fry Kit 500g",£2.99,£5.98 per kg,fresh_food,meat_poultry,2024-11-19
"Ready, Set...Cook! Sweet Chilli Beef Meal Kit 500g",£2.99,£5.98 per kg,fresh_food,meat_poultry,2024-11-19
Roosters Breaded Chicken Goujons 270g,£1.79,£6.63 per kg,fresh_food,meat_poultry,2024-11-19
Roosters Southern Fried Chicken Goujons 270g,£1.79,£6.63 per kg,fresh_food,meat_poultry,2024-11-19
Frasers Reduced Fat Steak Lorne Sausage 260g,£1.89,£7.27 per kg,fresh_food,meat_poultry,2024-11-19
Frasers Premium Steak Lorne Sausage Block 700g,£3.79,£5.41 per kg,fresh_food,meat_poultry,2024-11-19
Frasers Beef Lorne Sausage 270g,£1.29,£4.78 per kg,fresh_food,meat_poultry,2024-11-19
Frasers Lorne Sausage 250g,£0.99,£3.96 per kg,fresh_food,meat_poultry,2024-11-19
Specially Selected Scotch Beef PGI Aberdeen Angus Steak,£2.09,£7.74 per kg,fresh_food,meat_poultry,2024-11-19
Frasers Premium Steak Lorne Sausage 260g,£1.79,£6.88 per kg,fresh_food,meat_poultry,2024-11-19
Ashfields Thick Cut Big Daddy Rump Steak 425g,£4.99,£11.74 per kg,fresh_food,meat_poultry,2024-11-19
Nature's Glen Big Daddy Scotch Beef Rump Steak 425g,£4.99,£11.74 per kg,fresh_food,meat_poultry,2024-11-19
Oakhurst Slow Cooked Lamb Shanks With Mint Gravy 800g,£7.49,£9.36 per kg,fresh_food,meat_poultry,2024-11-19
"Ready, Set...Cook! Rump Steaks With A Bone Marrow Melt",£3.99,£9.98 per kg,fresh_food,meat_poultry,2024-11-19
Oakhurst Sweet BBQ Pork Ribs 600g,£4.49,£7.48 per kg,fresh_food,meat_poultry,2024-11-19
Ashfields British Pork Chops Typically 0.75kg,£3.44,£4.59 per kg,fresh_food,meat_poultry,2024-11-19
Ashfields Maple BBQ Ready To Cook British Pork Loin Ste,£3.19,£7.25 per kg,fresh_food,meat_poultry,2024-11-19
Specially Selected Sweet 'N' Smokin' BBQ Chicken Tender,£2.99,£8.54 per kg,fresh_food,meat_poultry,2024-11-19
Ashfields Ready To Cook Cheese & Leek Chicken Gratin 34,£3.29,£9.68 per kg,fresh_food,meat_poultry,2024-11-19
Specially Selected Pork Sausages 667g/10 Pack,£3.49,£5.23 per kg,fresh_food,meat_poultry,2024-11-19
Butcher's Select Pork Chipolatas 340g/12 Pack,£1.79,£5.26 per kg,fresh_food,meat_poultry,2024-11-19
Butcher's Select Lincolnshire Sausages 454g/8 Pack,£1.79,£3.94 per kg,fresh_food,meat_poultry,2024-11-19
Butcher's Select British Cumberland Sausages 454g/8 Pac,£1.79,£3.94 per kg,fresh_food,meat_poultry,2024-11-19
Specially Selected 100% British Beef Wagyu Mince 500g,£3.99,£7.98 per kg,fresh_food,meat_poultry,2024-11-19
Specially Selected Pork And Caramelised Red Onion Sausa,£3.29,£4.93 per kg,fresh_food,meat_poultry,2024-11-19
Specially Selected Wagyu Meatballs 340g,£3.99,£11.74 per kg,fresh_food,meat_poultry,2024-11-19
Ashfields Grill 30 Day Matured Thin Cut Beef Steaks 360,£3.69,£10.25 per kg,fresh_food,meat_poultry,2024-11-19
Specially Selected Haggis Bon Bons 240g/12 Pack,£2.25,£9.38 per kg,fresh_food,meat_poultry,2024-11-19
Roosters Breaded Chicken Steaks 757g/6 Pack,£3.99,£5.27 per kg,fresh_food,meat_poultry,2024-11-19
Roosters Southern Fried Chicken Steaks 757g/6 Pack,£3.99,£5.27 per kg,fresh_food,meat_poultry,2024-11-19
Roosters Breaded Boneless Chicken Platter 600g,£3.89,£6.48 per kg,fresh_food,meat_poultry,2024-11-19
Ashfields British Diced Beef 1kg,£8.99,£8.99 per kg,fresh_food,meat_poultry,2024-11-19
Ashfields Ready To Cook Peri Peri Half Chicken 900g,£3.99,£4.43 per kg,fresh_food,meat_poultry,2024-11-19
Roosters Buttermilk Chicken Tenders 305g,£2.69,£8.82 per kg,fresh_food,meat_poultry,2024-11-19
Roosters Tempura Chicken Bites 270g,£2.99,£11.07 per kg,fresh_food,meat_poultry,2024-11-19
Roosters Breaded Chicken Fillets 350g/2 Pack,£2.99,£8.54 per kg,fresh_food,meat_poultry,2024-11-19
Roosters Hot & Spicy Chicken Fillets 350g/2 Pack,£2.99,£8.54 per kg,fresh_food,meat_poultry,2024-11-19
Roosters Cheese & Ham Chicken Kievs 260g/2 Pack,£1.99,£7.65 per kg,fresh_food,meat_poultry,2024-11-19
Roosters Three Cheese Chicken Kievs 260g/2 Pack,£1.99,£7.65 per kg,fresh_food,meat_poultry,2024-11-19
Oakhurst Slow Cooked Beef Chilli 500g,£3.49,£6.98 per kg,fresh_food,meat_poultry,2024-11-19
Ashfields British Beef Roasting Joint 500g,£5.49,£10.98 per kg,fresh_food,meat_poultry,2024-11-19
Ashfields Ready To Cook Katsu Chicken Breasts 340g/2 Pa,£3.29,£9.68 per kg,fresh_food,meat_poultry,2024-11-19
Roosters Hot & Spicy Chicken Tenders 305g,£2.69,£8.82 per kg,fresh_food,meat_poultry,2024-11-19
Ashfields Ready To Cook Butter Chicken Traybake 485g,£3.99,£8.23 per kg,fresh_food,meat_poultry,2024-11-19
Ashfields Ready To Cook Spanish Inspired Chicken & Chor,£3.99,£8.23 per kg,fresh_food,meat_poultry,2024-11-19
Roosters Tempura Chicken Nuggets 270g,£2.39,£8.85 per kg,fresh_food,meat_poultry,2024-11-19
Ashfields Ready To Cook Garlic & Parmesan Chicken En Cr,£3.49,£8.60 per kg,fresh_food,meat_poultry,2024-11-19
Ashfields British Smoked Gammon Joint Extra Large 2kg,£11.59,£5.80 per kg,fresh_food,meat_poultry,2024-11-19
Ashfields British Unsmoked Gammon Joint Extra Large 2kg,£11.59,£5.80 per kg,fresh_food,meat_poultry,2024-11-19
Ready Set... Cook! Chicken Tikka Biryani Meal Kit 750g,£3.49,£4.65 per kg,fresh_food,meat_poultry,2024-11-19
"Ready, Set...Cook! Chicken Chow Mein Meal Kit 750g",£3.49,£4.65 per kg,fresh_food,meat_poultry,2024-11-19
Ashfields Big Daddy Extra Thick Cut Rump Steak 425g,£4.99,£11.74 per kg,fresh_food,meat_poultry,2024-11-19
Ashfields British 12% Fat Pork Mince 500g,£2.29,£4.58 per kg,fresh_food,meat_poultry,2024-11-19
Ashfields Ready To Cook Beef Meatloaf With Rich Onion G,£3.99,£6.82 per kg,fresh_food,meat_poultry,2024-11-19
Ashfields British Pork Loin Joint 700g,£3.99,£5.70 per kg,fresh_food,meat_poultry,2024-11-19
Ashfields British Pork Shoulder Sizzle Steaks 480g,£2.99,£6.23 per kg,fresh_food,meat_poultry,2024-11-19
Ashfields British Pork Shoulder Steaks Extra Large Pack,£4.69,£5.21 per kg,fresh_food,meat_poultry,2024-11-19
Ashfields British Pork Loin Steaks Extra Large Pack 800,£4.69,£5.86 per kg,fresh_food,meat_poultry,2024-11-19
Nature's Glen Scottish Pork Meatballs 340g/12 Pack,£1.89,£5.56 per kg,fresh_food,meat_poultry,2024-11-19
Nature's Glen Scotch Beef Brisket Typically 0.975kg,£9.25,£9.49 per kg,fresh_food,meat_poultry,2024-11-19
Oakhurst Slow Cooked Chicken Fajita Kit 585g,£3.99,£6.82 per kg,fresh_food,meat_poultry,2024-11-19
Ashfields British Aberdeen Angus Beef Braising Steaks 4,£3.99,£9.98 per kg,fresh_food,meat_poultry,2024-11-19
Ashfields British Lean Beef Steak Mince 5% Fat 250g,£2.19,£8.76 per kg,fresh_food,meat_poultry,2024-11-19
Ashfields British Lean Beef Steak Mince 5% Fat 500g,£3.49,£6.98 per kg,fresh_food,meat_poultry,2024-11-19
Ashfields British Lean Beef Steak Mince 5% Fat 750g,£4.99,£6.65 per kg,fresh_food,meat_poultry,2024-11-19
Ashfields British Beef Mince 10% Fat 500g,£3.09,£6.18 per kg,fresh_food,meat_poultry,2024-11-19
Ashfields British Beef Mince 20% Fat 500g,£2.49,£4.98 per kg,fresh_food,meat_poultry,2024-11-19
Roosters Tempura Chicken Tenders 300g,£2.49,£8.30 per kg,fresh_food,meat_poultry,2024-11-19
Frasers Hot & Spicy Beef Olives 400g/4 Pack,£3.99,£9.98 per kg,fresh_food,meat_poultry,2024-11-19
Roosters Breaded Chicken Tenders 305g,£2.49,£8.16 per kg,fresh_food,meat_poultry,2024-11-19
Roosters Southern Fried Chicken Tenders 305g,£2.49,£8.16 per kg,fresh_food,meat_poultry,2024-11-19
Roosters Southern Fried Chicken Thighs & Drumsticks 800,£3.79,£4.74 per kg,fresh_food,meat_poultry,2024-11-19
Roosters Garlic & Herb Chicken Kievs 260g/2 Pack,£1.99,£7.65 per kg,fresh_food,meat_poultry,2024-11-19
Nature's Glen Ready To Cook Ayrshire Cured Gammon Joint,£3.69,£8.20 per kg,fresh_food,meat_poultry,2024-11-19
Nature's Glen Ready To Cook Ayrshire Cured Gammon Joint,£3.69,£8.20 per kg,fresh_food,meat_poultry,2024-11-19
Nature's Glen Ready To Cook Lemon & Herb Scottish Pork,£3.29,£11.50 per kg,fresh_food,meat_poultry,2024-11-19
Nature's Glen Ready To Cook Hot & Spicy Scottish Pork S,£3.29,£11.50 per kg,fresh_food,meat_poultry,2024-11-19
Everyday Essentials Beef Mince 25% Fat 500g,£2.29,£4.58 per kg,fresh_food,meat_poultry,2024-11-19
Roosters Cool Chicken Deltas 330g,£2.99,£9.06 per kg,fresh_food,meat_poultry,2024-11-19
Roosters Hot & Spicy Chicken Deltas 330g,£2.99,£9.06 per kg,fresh_food,meat_poultry,2024-11-19
Let's Party Mini Sage & Onion Kievs 330g/10 Pack,£2.99,£9.06 per kg,fresh_food,meat_poultry,2024-11-19
Let's Party Mini Jalapeño Popper Chicken Kievs 330g/10,£2.99,£9.06 per kg,fresh_food,meat_poultry,2024-11-19
Specially Selected Pigs In Blankets 210g/10 Pack,£2.49,£11.86 per kg,fresh_food,meat_poultry,2024-11-19
Specially Selected Christmas Dinner Stuffing Portions 3,£2.99,£9.97 per kg,fresh_food,meat_poultry,2024-11-19
"Specially Selected Pork, Caramelised Shallot & Honey St",£2.99,£9.97 per kg,fresh_food,meat_poultry,2024-11-19
Ashfields Pigs In Blankets 222g/12 Pack,£1.99,£8.96 per kg,fresh_food,meat_poultry,2024-11-19
Specially Selected Pork Chipolatas Wrapped In Bacon 247,£2.49,£10.08 per kg,fresh_food,meat_poultry,2024-11-19
Specially Selected Pork & Caramelised Red Onion Chipola,£2.49,£10.08 per kg,fresh_food,meat_poultry,2024-11-19
Specially Selected Turkey & Chicken Two Bird Roast 1.2k,£22.99,£19.16 per kg,fresh_food,meat_poultry,2024-11-19
Ashfields British Quick Cook Chicken Breast Sizzlers 50,£3.69,£7.38 per kg,fresh_food,meat_poultry,2024-11-19
Ashfields Medium Whole Chicken 1.4kg - 1.69kg,£4.15,£2.68 per kg,fresh_food,meat_poultry,2024-11-19
Ashfields Large Whole Chicken 1.7kg - 1.99kg,£4.79,£2.59 per kg,fresh_food,meat_poultry,2024-11-19
Ashfields Extra Large Whole Chicken 2kg - 2.3kg,£5.19,£2.41 per kg,fresh_food,meat_poultry,2024-11-19
Nature's Glen Medium Whole Chicken 1.4kg - 1.69kg,£4.15,£2.68 per kg,fresh_food,meat_poultry,2024-11-19
Nature's Glen Large Whole Chicken 1.7kg - 1.99kg,£4.79,£2.59 per kg,fresh_food,meat_poultry,2024-11-19
Nature's Glen Extra Large Whole Chicken 2kg - 2.3kg,£5.19,£2.41 per kg,fresh_food,meat_poultry,2024-11-19
Ashfields Roast In The Bag Extra Tasty Whole Chicken 1.,£4.99,£3.12 per kg,fresh_food,meat_poultry,2024-11-19
Oakhurst Unsmoked Gammon Steaks 500g/4 Pack,£3.59,£7.18 per kg,fresh_food,meat_poultry,2024-11-19
Butcher's Select Pork Sausages 454g/8 Pack,£1.79,£3.94 per kg,fresh_food,meat_poultry,2024-11-19
"Specially Selected Orange, Apple & Cranberry Stuffing B",£2.49,£7.11 per kg,fresh_food,meat_poultry,2024-11-19
Ashfields British Pork Loin Joint Typically 1.5kg,£8.09,£5.39 per kg,fresh_food,meat_poultry,2024-11-19
Ashfields Hoisin Stir Fry Strips 475g,£3.09,£6.51 per kg,fresh_food,meat_poultry,2024-11-19
Ashfields Fajita Stir Fry Strips 475g,£3.09,£6.51 per kg,fresh_food,meat_poultry,2024-11-19
Butcher's Select 45% Reduced Fat Pork Sausages 454g/8 P,£1.79,£3.94 per kg,fresh_food,meat_poultry,2024-11-19
"Specially Selected Scottish Pork, Arran Mustard & Honey",£2.49,£6.23 per kg,fresh_food,meat_poultry,2024-11-19
Lawsons 10 Scottish Recipe Skinless Sausages 264g,£1.49,£5.64 per kg,fresh_food,meat_poultry,2024-11-19
Ashfields Grill 30 Day Matured Rump Steaks With Cracked,£3.99,£9.98 per kg,fresh_food,meat_poultry,2024-11-19
Nature's Glen Lamb Leg Steaks 300g,£4.19,£13.97 per kg,fresh_food,meat_poultry,2024-11-19
Nature's Glen Scotch Lamb Chops 340g/4 Pack,£4.49,£13.21 per kg,fresh_food,meat_poultry,2024-11-19
Oakhurst Half Leg Of Lamb Typically 1.15kg,£13.79,£11.99 per kg,fresh_food,meat_poultry,2024-11-19
Oakhurst Lamb Leg Steaks 300g,£4.19,£13.97 per kg,fresh_food,meat_poultry,2024-11-19
Oakhurst Lamb Chops 340g,£4.49,£13.21 per kg,fresh_food,meat_poultry,2024-11-19
Nature's Glen Half Leg Of Lamb Typically 1.15kg,£13.79,£11.99 per kg,fresh_food,meat_poultry,2024-11-19
Specially Selected British Cumberland Pork Chipolata 37,£2.49,£6.64 per kg,fresh_food,meat_poultry,2024-11-19
Nature's Glen Chicken Breast Fillets 650g,£4.49,£6.91 per kg,fresh_food,meat_poultry,2024-11-19
Macaulay's Mini Breakfast Pack 350g,£1.75,£5.00 per kg,fresh_food,meat_poultry,2024-11-19
Nature's Glen Diced Chicken Breast 600g,£3.99,£6.65 per kg,fresh_food,meat_poultry,2024-11-19
Nature's Glen Chicken Breast Mini Fillets 600g,£3.99,£6.65 per kg,fresh_food,meat_poultry,2024-11-19
Nature's Glen Chicken Wings 1kg,£1.99,£1.99 per kg,fresh_food,meat_poultry,2024-11-19
Oakhurst Slow Cooked BBQ Spare Ribs 600g,£4.49,£7.48 per kg,fresh_food,meat_poultry,2024-11-19
"Ready, Set…Cook! Slow Cooked BBQ Pulled Pork 400g",£3.29,£8.23 per kg,fresh_food,meat_poultry,2024-11-19
Ashfields 28 Day Matured Welsh Fillet Steak 170g,£4.99,£29.35 per kg,fresh_food,meat_poultry,2024-11-19
Ashfields Welsh 30 Day Matured Ribeye Steak 227g,£4.99,£21.98 per kg,fresh_food,meat_poultry,2024-11-19
Ashfields 30 Day Matured Welsh Rump Steak 1 Pack,£4.19,£16.43 per kg,fresh_food,meat_poultry,2024-11-19
Ashfields 30 Day Matured Welsh Sirloin Steak 277g,£4.79,£21.10 per kg,fresh_food,meat_poultry,2024-11-19
Ashfields 21 Day Matured Welsh Ribeye Steak 195g,£3.99,£20.46 per kg,fresh_food,meat_poultry,2024-11-19
Ashfields 21 Day Matured Welsh Rump Steak 232g,£3.49,£15.04 per kg,fresh_food,meat_poultry,2024-11-19
Ashfields 21 Day Matured Welsh Sirloin Steak 195g,£3.69,£18.92 per kg,fresh_food,meat_poultry,2024-11-19
Ashfields Welsh Lean Diced Beef 400g,£4.19,£10.48 per kg,fresh_food,meat_poultry,2024-11-19
Nature's Glen Scottish Chicken Drumsticks 1000g,£1.99,£1.99 per kg,fresh_food,meat_poultry,2024-11-19
Oakhurst Unsmoked Back Bacon Rashers 360g/10 Pack,£2.29,£6.36 per kg,fresh_food,meat_poultry,2024-11-19
Oakhurst Unsmoked Back Bacon Rashers 300g/10 Pack,£1.89,£6.30 per kg,fresh_food,meat_poultry,2024-11-19
Oakhurst Smoked Back Bacon Rashers 360g/10 Pack,£2.29,£6.36 per kg,fresh_food,meat_poultry,2024-11-19
Specially Selected Sage & Onion Stuffing Balls 350g,£2.49,£7.11 per kg,fresh_food,meat_poultry,2024-11-19
Specially Selected Dry Cured Smoked Back Bacon 240g/8 P,£2.39,£9.96 per kg,fresh_food,meat_poultry,2024-11-19
Specially Selected Dry Cured Unsmoked Back Bacon 240g/8,£2.39,£9.96 per kg,fresh_food,meat_poultry,2024-11-19
Edwards 6 Traditional Pork Sausages 400g,£2.75,£6.88 per kg,fresh_food,meat_poultry,2024-11-19
Shazans Chicken Drumsticks 1kg,£4.29,£4.29 per kg,fresh_food,meat_poultry,2024-11-19
Shazans Chicken Mini Fillets 500g,£4.49,£8.98 per kg,fresh_food,meat_poultry,2024-11-19
Shazans Chicken Breast Fillets 950g,£6.79,£7.15 per kg,fresh_food,meat_poultry,2024-11-19
Shazans Chicken Thigh Fillets 600g,£4.49,£7.48 per kg,fresh_food,meat_poultry,2024-11-19
Nature's Glen Scottish Chicken Thigh Fillets 900g,£4.99,£5.54 per kg,fresh_food,meat_poultry,2024-11-19
"Ready, Set…Cook! Meal Kit Chinese Chicken Stir Fry 650g",£3.99,£6.14 per kg,fresh_food,meat_poultry,2024-11-19
"Ashfields Pork, Sage & Onion Stuffing Balls 350g/12 Pac",£2.29,£6.54 per kg,fresh_food,meat_poultry,2024-11-19
Specially Selected Cheese Wagyu Appetisers 500g,£4.99,£9.98 per kg,fresh_food,meat_poultry,2024-11-19
Specially Selected Chimichurri Wagyu Appetisers 500g,£4.99,£9.98 per kg,fresh_food,meat_poultry,2024-11-19
Specially Selected Bon Bon Wagyu Appetisers 500g,£4.99,£9.98 per kg,fresh_food,meat_poultry,2024-11-19
Specially Selected Chicken Doughnut Dippers 330g/8 Pack,£3.49,£10.58 per kg,fresh_food,meat_poultry,2024-11-19
Specially Selected Ultimate Pigs In Blankets 300g/6 Pac,£2.99,£9.97 per kg,fresh_food,meat_poultry,2024-11-19
Specially Selected Cheese In Blankets 192g/12 Pack,£2.99,£13.47 per kg,fresh_food,meat_poultry,2024-11-19
"Specially Selected Pork, Apple & Honey Stuffing Stars 3",£3.49,£11.63 per kg,fresh_food,meat_poultry,2024-11-19
Specially Selected Simply Seasoned Stuffing Shapes 300g,£3.49,£11.63 per kg,fresh_food,meat_poultry,2024-11-19
Everyday Essentials British Chicken Breast Pieces 500g,£3.09,£6.18 per kg,fresh_food,meat_poultry,2024-11-19
Ashfields Rtc Nduja Style Pork Meatballs 340g/12 Pack,£2.49,£7.32 per kg,fresh_food,meat_poultry,2024-11-19
Oakhurst Smoked Gammon Steaks 500g/4 Pack,£3.59,£7.18 per kg,fresh_food,meat_poultry,2024-11-19
The Grill Guys British Beef Smashed Burgers With Bone M,£2.99,£8.79 per kg,fresh_food,meat_poultry,2024-11-19
The Grill Guys Meatballs 340g,£2.99,£8.79 per kg,fresh_food,meat_poultry,2024-11-19
Ashfields Sweet Chilli Chicken Breast Fillets 316g/2 Pa,£2.75,£8.70 per kg,fresh_food,meat_poultry,2024-11-19
Ashfields Ready To Cook Cajun Chicken Breast Fillets 27,£2.75,£10.00 per kg,fresh_food,meat_poultry,2024-11-19
Ashfields British Beef Medallion Steaks 340g,£3.99,£11.74 per kg,fresh_food,meat_poultry,2024-11-19
Specially Selected British Wagyu Beef Burgers 340g,£3.69,£10.85 per kg,fresh_food,meat_poultry,2024-11-19
Macaulay's Beef Olives 400g/4 Pack,£3.49,£8.73 per kg,fresh_food,meat_poultry,2024-11-19
Riverway Irish Recipe Style 8 Pork Sausages 410g,£1.35,£3.29 per kg,fresh_food,meat_poultry,2024-11-19
Macaulay's Black Pudding Slices 240g/4 Pack,£0.99,£4.13 per kg,fresh_food,meat_poultry,2024-11-19
Ashfields Grill Buttermilk Tandoori Chicken Kebabs 320g,£3.99,£12.47 per kg,fresh_food,meat_poultry,2024-11-19
Ashfields Grill Minted Lamb Shoulder Chops 420g,£4.99,£11.88 per kg,fresh_food,meat_poultry,2024-11-19
Specially Selected Aberdeen Angus Beef Quarter Pounders,£3.49,£7.69 per kg,fresh_food,meat_poultry,2024-11-19
Specially Selected 36 Day Matured Aberdeen Angus Beef R,£18.28,£11.99 per kg,fresh_food,meat_poultry,2024-11-19
Specially Selected 36 Day Matured Aberdeen Angus Rump S,£4.25,£18.72 per kg,fresh_food,meat_poultry,2024-11-19
Specially Selected 36 Day Matured Aberdeen Angus Ribeye,£5.49,£24.19 per kg,fresh_food,meat_poultry,2024-11-19
Specially Selected 30 Day Matured Aberdeen Angus Beef F,£5.99,£35.24 per kg,fresh_food,meat_poultry,2024-11-19
Specially Selected 36 Day Matured Aberdeen Angus Sirloi,£5.29,£23.30 per kg,fresh_food,meat_poultry,2024-11-19
Specially Selected 30 Day Matured British Beef Fillet S,£5.99,£35.24 per kg,fresh_food,meat_poultry,2024-11-19
Ready Set Cook Crispy Aromatic Spatchcock Duck 1.364kg,£9.99,£7.32 per kg,fresh_food,meat_poultry,2024-11-19
Nature's Glen Lean Scotch Beef Quarter Pounders 454g/4,£3.39,£7.47 per kg,fresh_food,meat_poultry,2024-11-19
Nature's Glen 12 Scotch Beef Meatballs 5% Fat 340g/12 P,£2.99,£8.79 per kg,fresh_food,meat_poultry,2024-11-19
Ashfields Chicken Drum Fillets 600g,£2.79,£4.65 per kg,fresh_food,meat_poultry,2024-11-19
Ashfields British Skinny Beef Meatballs 5% Fat 340g/12,£2.99,£8.79 per kg,fresh_food,meat_poultry,2024-11-19
Ashfields British Beef Meatballs 340g/12 Pack,£2.49,£7.32 per kg,fresh_food,meat_poultry,2024-11-19
Nature's Glen Lean Scotch Beef Mince 5% Fat 750g,£4.99,£6.65 per kg,fresh_food,meat_poultry,2024-11-19
Nature's Glen Lean Scotch Beef Mince 5% Fat 500g,£3.49,£6.98 per kg,fresh_food,meat_poultry,2024-11-19
Nature's Glen Scotch Beef Mince 10% Fat 500g,£3.09,£6.18 per kg,fresh_food,meat_poultry,2024-11-19
Nature's Glen Scotch Beef Mince 20% Fat 500g,£2.49,£4.98 per kg,fresh_food,meat_poultry,2024-11-19
Nature's Glen 100% Scotch Sirloin Steak 227g,£4.79,£21.10 per kg,fresh_food,meat_poultry,2024-11-19
Nature's Glen 30 Day Matured King Of Steaks 340g,£6.99,£20.56 per kg,fresh_food,meat_poultry,2024-11-19
Nature's Glen 21 Day Matured Scotch Beef Roasting Joint,£8.70,£8.49 per kg,fresh_food,meat_poultry,2024-11-19
Specially Selected Scottish Unsmoked Streaky Bacon Rash,£2.29,£10.41 per kg,fresh_food,meat_poultry,2024-11-19
Specially Selected Smoked Scottish Streaky Bacon Rasher,£2.29,£10.41 per kg,fresh_food,meat_poultry,2024-11-19
Ashfields 21 Day Matured British Beef Roasting Joint Ty,£8.70,£8.49 per kg,fresh_food,meat_poultry,2024-11-19
Ashfields 30 Day Matured British Beef Roasting Joint Ty,£10.75,£10.49 per kg,fresh_food,meat_poultry,2024-11-19
Ashfields British Diced Beef 400g,£4.19,£10.48 per kg,fresh_food,meat_poultry,2024-11-19
Ashfields British Beef Meatballs 680g/24 Pack,£4.29,£6.31 per kg,fresh_food,meat_poultry,2024-11-19
Ashfields British Beef Quarter Pounders 454g/4 Pack,£2.49,£5.48 per kg,fresh_food,meat_poultry,2024-11-19
Everyday Essentials British Beef Steak 227g,£2.99,£13.17 per kg,fresh_food,meat_poultry,2024-11-19
Nature's Glen 7 Day Matured Extra Lean Diced Steak 350g,£3.99,£11.40 per kg,fresh_food,meat_poultry,2024-11-19
Nature's Glen Scotch Diced Beef 400g,£4.19,£10.48 per kg,fresh_food,meat_poultry,2024-11-19
Nature's Glen Scotch Beef Meatballs 340g/12 Pack,£2.49,£7.32 per kg,fresh_food,meat_poultry,2024-11-19
Nature's Glen Lean Scotch Beef Mince 5% Fat 250g,£2.19,£8.76 per kg,fresh_food,meat_poultry,2024-11-19
Nature's Glen 21 Day Matured Scotch Beef Steak 227g,£2.99,£13.17 per kg,fresh_food,meat_poultry,2024-11-19
Nature's Glen 21 Day Matured Scotch Ribeye Steak 195g,£3.99,£20.46 per kg,fresh_food,meat_poultry,2024-11-19
Nature's Glen 21 Day Matured Scotch Sirloin Steak 195g,£3.69,£18.92 per kg,fresh_food,meat_poultry,2024-11-19
Nature's Glen 21 Day Matured Scotch Rump Steak 232g,£3.49,£15.04 per kg,fresh_food,meat_poultry,2024-11-19
Nature's Glen 100% Scotch Fillet Steak 170g,£4.99,£29.35 per kg,fresh_food,meat_poultry,2024-11-19
Nature's Glen 30 Day Matured 100% Scotch Ribeye Steak 2,£4.99,£21.98 per kg,fresh_food,meat_poultry,2024-11-19
Nature's Glen 30 Day Matured Scotch Rump Steak 255g,£4.19,£16.43 per kg,fresh_food,meat_poultry,2024-11-19
Nature's Glen 28 Day Matured Scotch Fillet Steaks 340g/,£9.99,£29.38 per kg,fresh_food,meat_poultry,2024-11-19
Ashfields British 21 Day Matured Sirloin Steak 195g,£3.69,£18.92 per kg,fresh_food,meat_poultry,2024-11-19
Ashfields British 21 Day Matured Rump Steak 232g,£3.49,£15.04 per kg,fresh_food,meat_poultry,2024-11-19
Ashfields British 21 Day Matured Ribeye Steak 195g,£3.99,£20.46 per kg,fresh_food,meat_poultry,2024-11-19
Ashfields 100% British 30 Day Matured Rump Steak 255g,£4.19,£16.43 per kg,fresh_food,meat_poultry,2024-11-19
Ashfields King Of Steaks 12oz Sirloin Steak 340g,£6.99,£20.56 per kg,fresh_food,meat_poultry,2024-11-19
Ashfields 100% British 30 Day Matured Ribeye Steak 227g,£4.99,£21.98 per kg,fresh_food,meat_poultry,2024-11-19
Ashfields Ready To Cook Salt & Chilli Pork Belly Slices,£3.59,£8.98 per kg,fresh_food,meat_poultry,2024-11-19
Specially Selected Wagyu Korean Style Diamond Scored Fl,£4.99,£16.63 per kg,fresh_food,meat_poultry,2024-11-19
Ashfields Ready To Cook Mediterranean Style Pork Loin S,£3.19,£7.25 per kg,fresh_food,meat_poultry,2024-11-19
Edwards 6 Succulent Honey & Mustard Pork Sausages 400g,£2.75,£6.88 per kg,fresh_food,meat_poultry,2024-11-19
Nature's Glen 30 Day Matured Scotch Beef Roasting Joint,£10.75,£10.49 per kg,fresh_food,meat_poultry,2024-11-19
Macaulay's Steak Sausages 300g,£1.99,£6.63 per kg,fresh_food,meat_poultry,2024-11-19
Macaulay's Skinny Beef Olives 400g/4 Pack,£3.99,£9.98 per kg,fresh_food,meat_poultry,2024-11-19
Specially Selected Wagyu Teriyaki Style Diamond Scored,£4.99,£16.63 per kg,fresh_food,meat_poultry,2024-11-19
Ashfields British Skinny Beef Quarter Pounders 454g /4,£3.39,£7.47 per kg,fresh_food,meat_poultry,2024-11-19
Ashfields British Extra Lean 7 Day Matured Diced Steak,£3.99,£11.40 per kg,fresh_food,meat_poultry,2024-11-19
Ashfields Ready To Cook Mexican Pork Belly Slices 400g,£3.59,£8.98 per kg,fresh_food,meat_poultry,2024-11-19
Specially Selected Wagyu Denver Steak 300g,£4.99,£16.63 per kg,fresh_food,meat_poultry,2024-11-19
Oakhurst Beef Bourguignon 530g,£4.79,£9.04 per kg,fresh_food,meat_poultry,2024-11-19
Oakhurst Smoky BBQ Beef Brisket 400g,£4.29,£10.73 per kg,fresh_food,meat_poultry,2024-11-19
Let's Party Mini Garlic Chicken Kievs 300g/10 Pack,£2.49,£8.30 per kg,fresh_food,meat_poultry,2024-11-19
Oakhurst Slow Cooked Chicken Shawarma 480g,£3.29,£6.85 per kg,fresh_food,meat_poultry,2024-11-19
Oakhurst Large Unsmoked Gammon Joint 1.3kg,£6.69,£5.15 per kg,fresh_food,meat_poultry,2024-11-19
Everyday Essentials Smoked Back Bacon Rashers 1kg,£4.49,£4.49 per kg,fresh_food,meat_poultry,2024-11-19
Everyday Essentials Unsmoked Back Bacon Rashers 1kg,£4.49,£4.49 per kg,fresh_food,meat_poultry,2024-11-19
Oakhurst Large Smoked Gammon Joint 1.3kg,£6.69,£5.15 per kg,fresh_food,meat_poultry,2024-11-19
Oakhurst Slow Cooked BBQ Ribs 600g,£4.49,£7.48 per kg,fresh_food,meat_poultry,2024-11-19
Everyday Essentials Pork Belly Slices 500g,£3.39,£6.78 per kg,fresh_food,meat_poultry,2024-11-19
Ashfields British Beef Braising Steaks 400g,£3.99,£9.98 per kg,fresh_food,meat_poultry,2024-11-19
Nature's Glen Scottish Boneless Pork Shoulder Joint Typ,£5.99,£3.99 per kg,fresh_food,meat_poultry,2024-11-19
Nature's Glen Scottish Pork Fillet Typically 0.5kg,£3.50,£6.99 per kg,fresh_food,meat_poultry,2024-11-19
Nature's Glen Scotch Quarter Pounder Beef Burgers 454g/,£2.49,£5.48 per kg,fresh_food,meat_poultry,2024-11-19
Nature's Glen 21 Day Matured Scotch Frying Steak 360g,£3.69,£10.25 per kg,fresh_food,meat_poultry,2024-11-19
Oakhurst Slow Cooked BBQ Pulled Pork 400g,£3.29,£8.23 per kg,fresh_food,meat_poultry,2024-11-19
Ashfields Loaded Yorkshires 315g/6 Pack,£3.79,£12.03 per kg,fresh_food,meat_poultry,2024-11-19
Specially Selected British Free Range East Anglian Whol,£47.96,£11.99 per kg,fresh_food,meat_poultry,2024-11-19
Specially Selected Maple & Bacon Pork Sausages 400g/6 P,£2.49,£6.23 per kg,fresh_food,meat_poultry,2024-11-19
Specially Selected Hot Honey Pork Sausages 400g/6 Pack,£2.49,£6.23 per kg,fresh_food,meat_poultry,2024-11-19
Specially Selected Dry Cured Unsmoked Thick Cut Back Ba,£2.39,£9.96 per kg,fresh_food,meat_poultry,2024-11-19
Specially Selected Dry Cured Smoked Thick Cut Back Baco,£2.39,£9.96 per kg,fresh_food,meat_poultry,2024-11-19
Specially Selected Lean Pork Sausages 3% Fat 400g/6 Pac,£2.49,£6.23 per kg,fresh_food,meat_poultry,2024-11-19
Specially Selected Pigs In Blankets & Stuffing Balls Ga,£4.49,£8.13 per kg,fresh_food,meat_poultry,2024-11-19
Specially Selected Venison Grill Steaks 454g,£3.99,£8.79 per kg,fresh_food,meat_poultry,2024-11-19
Specially Selected British Easy Carve Stuffed Duck 1.6k,£29.99,£18.74 per kg,fresh_food,meat_poultry,2024-11-19
Specially Selected Tuscan Inspired Chicken Breast Fille,£3.79,£8.61 per kg,fresh_food,meat_poultry,2024-11-19
Specially Selected Mango Masala Chicken Breast Fillets,£3.79,£11.15 per kg,fresh_food,meat_poultry,2024-11-19
Specially Selected Wagyu Meatballs 600g/24 Pack,£5.49,£9.15 per kg,fresh_food,meat_poultry,2024-11-19
Hellbent Boerewors 340g,£3.49,£9.69 per kg,fresh_food,meat_poultry,2024-11-19
Specially Selected Trout Gravadlax 100g,£3.79,£31.58 per kg,fresh_food,seafood,2024-11-19
"Specially Selected The Ultimate Lobster, Prawn & Crayfi",£4.49,£24.94 per kg,fresh_food,seafood,2024-11-19
Specially Selected King Prawn & Scallop Thermidor Grati,£3.99,£16.63 per kg,fresh_food,seafood,2024-11-19
Specially Selected King Prawn & Scallop Prosecco Gratin,£3.99,£16.63 per kg,fresh_food,seafood,2024-11-19
Specially Selected Lobster Mac & Cheese Gratins 240g/2,£3.99,£16.63 per kg,fresh_food,seafood,2024-11-19
Let's Party Cocktail Blinis 135g/16 Pack,£1.49,£11.04 per kg,fresh_food,seafood,2024-11-19
Specially Selected The Ultimate Himalayan Salt Aged Smo,£3.99,£39.90 per kg,fresh_food,seafood,2024-11-19
The Fishmonger Boneless Smoked Haddock Fillets 230g/2 P,£3.59,£15.61 per kg,fresh_food,seafood,2024-11-19
The Fishmonger Tempura Battered King Prawns 200g,£2.59,£12.95 per kg,fresh_food,seafood,2024-11-19
The Fishmonger Hot Smoked Salmon Fillets 185g/2 Pack,£3.99,£21.57 per kg,fresh_food,seafood,2024-11-19
The Fishmonger Hot Smoked Lemon & Parsley Salmon Fillet,£3.99,£21.57 per kg,fresh_food,seafood,2024-11-19
The Fishmonger Hot Smoked Sweet Chilli Salmon Fillets 1,£3.99,£21.57 per kg,fresh_food,seafood,2024-11-19
The Fishmonger Whole Atlantic Salmon Typically 2kg,£11.98,£5.99 per kg,fresh_food,seafood,2024-11-19
The Fishmonger Lemon & Herb Kiln Roasted Salmon Fillets,£3.99,£22.17 per kg,fresh_food,seafood,2024-11-19
The Fishmonger Boneless Side Of Salmon 1kg,£11.99,£11.99 per kg,fresh_food,seafood,2024-11-19
Specially Selected Rich & Spicy Cod & Chorizo Fishcakes,£1.99,£6.86 per kg,fresh_food,seafood,2024-11-19
The Fishmonger Cooked & Peeled Coldwater Prawns 150g,£1.99,£13.27 per kg,fresh_food,seafood,2024-11-19
Specially Selected Sweet & Spicy Sweet Chilli Salmon Fi,£1.99,£6.86 per kg,fresh_food,seafood,2024-11-19
The Fishmonger Cooked Scottish Mussels With Garlic & Bu,£1.95,£4.33 per kg,fresh_food,seafood,2024-11-19
The Fishmonger Cooked Scottish Mussels With White Wine,£1.95,£4.33 per kg,fresh_food,seafood,2024-11-19
The Fishmonger Breaded Fish Fillets 600g/4 Pack,£2.99,£4.98 per kg,fresh_food,seafood,2024-11-19
The Fishmonger Cod Fishcakes 270g/2 Pack,£1.39,£5.15 per kg,fresh_food,seafood,2024-11-19
The Fishmonger Salmon Fishcakes 270g/2 Pack,£1.39,£5.15 per kg,fresh_food,seafood,2024-11-19
The Fishmonger Haddock Fishcakes 270g/2 Pack,£1.39,£5.15 per kg,fresh_food,seafood,2024-11-19
Specially Selected Melt In The Middle Cod Fishcake With,£1.99,£6.86 per kg,fresh_food,seafood,2024-11-19
Specially Selected Melt In The Middle Smoked Haddock Fi,£1.99,£6.86 per kg,fresh_food,seafood,2024-11-19
"The Fishmonger Smoked Haddock Fillets With A Cheddar, A",£3.29,£8.66 per kg,fresh_food,seafood,2024-11-19
The Fishmonger Cod Fillets With A Creamy Parsley Sauce,£3.29,£8.66 per kg,fresh_food,seafood,2024-11-19
Specially Selected Lightly Smoked Scottish Salmon Fille,£4.49,£18.71 per kg,fresh_food,seafood,2024-11-19
Specially Selected Scottish Salmon Fillets 240g/2 Pack,£4.49,£18.71 per kg,fresh_food,seafood,2024-11-19
The Fishmonger Seafood Sticks 250g/16 Pack,£0.99,£3.96 per kg,fresh_food,seafood,2024-11-19
"The Fishmonger Ginger, Chilli & Lime Infused Salmon Fil",£3.89,£17.68 per kg,fresh_food,seafood,2024-11-19
The Fishmonger Red Thai Inspired Infused Salmon Fillets,£3.89,£17.68 per kg,fresh_food,seafood,2024-11-19
The Fishmonger Cooked & Peeled King Prawns 150g,£2.39,£15.93 per kg,fresh_food,seafood,2024-11-19
The Fishmonger Piri Piri Infused Salmon Fillets 220g,£3.89,£17.68 per kg,fresh_food,seafood,2024-11-19
The Fishmonger Hot Smoked Sweet Chilli Scottish Salmon,£3.99,£22.17 per kg,fresh_food,seafood,2024-11-19
The Fishmonger Tempura Haddock Goujons 200g,£2.25,£11.25 per kg,fresh_food,seafood,2024-11-19
The Fishmonger Boneless Salmon Fillets 240g/2 Pack,£3.89,£16.21 per kg,fresh_food,seafood,2024-11-19
Specially Selected Boneless Cod Loins 260g/2 Pack,£4.49,£17.27 per kg,fresh_food,seafood,2024-11-19
The Fishmonger Boneless Cod Fillets 250g/2 Pack,£3.79,£15.16 per kg,fresh_food,seafood,2024-11-19
The Fishmonger Boneless Scottish Half Side Of Salmon 50,£7.69,£15.38 per kg,fresh_food,seafood,2024-11-19
The Fishmonger Boneless Scottish Salmon Fillets 240g/2,£3.89,£16.21 per kg,fresh_food,seafood,2024-11-19
Everyday Essentials Boneless Salmon Pieces 250g,£2.85,£11.40 per kg,fresh_food,seafood,2024-11-19
The Fishmonger Breaded Haddock Fillets 300g/2 Pack,£2.85,£9.50 per kg,fresh_food,seafood,2024-11-19
The Fishmonger Breaded Cod Fillets 300g/2 Pack,£2.85,£9.50 per kg,fresh_food,seafood,2024-11-19
The Fishmonger Smoked Salmon Slices 100g,£2.49,£24.90 per kg,fresh_food,seafood,2024-11-19
Specially Selected King Prawn Cocktail 170g,£2.49,£14.65 per kg,fresh_food,seafood,2024-11-19
Specially Selected Marie Rose King Prawn Cocktail 170g,£2.49,£14.65 per kg,fresh_food,seafood,2024-11-19
The Fishmonger Boneless Salmon Fillets 480g/4 Pack,£5.99,£12.48 per kg,fresh_food,seafood,2024-11-19
Specially Selected Bubbly Battered Cod Fillets 350g/2 P,£3.65,£10.43 per kg,fresh_food,seafood,2024-11-19
The Fishmonger Smoked Haddock Fillets 230g/2 Pack,£3.59,£15.61 per kg,fresh_food,seafood,2024-11-19
The Fishmonger Sriracha Marinated King Prawns 150g,£2.49,£16.60 per kg,fresh_food,seafood,2024-11-19
"Specially Selected Rich & Zesty Salmon, Spinach And Lem",£1.99,£6.86 per kg,fresh_food,seafood,2024-11-19
The Fishmonger Smoked Basa Fillets 240g/2 Pack,£1.99,£8.29 per kg,fresh_food,seafood,2024-11-19
The Fishmonger Basa Fillets 250g/2 Pack,£1.99,£7.96 per kg,fresh_food,seafood,2024-11-19
Specially Selected Melt In The Middle Cod & Pea Fishcak,£1.99,£6.86 per kg,fresh_food,seafood,2024-11-19
Specially Selected King Prawn Selection 186g/10 Pack,£3.99,£2.15 per 100g,fresh_food,seafood,2024-11-19
Specially Selected Mild & Delicate Smoked Salmon 100g,£2.99,£29.90 per kg,fresh_food,seafood,2024-11-19
Specially Selected Strong & Robust Smoked Salmon 100g,£2.99,£29.90 per kg,fresh_food,seafood,2024-11-19
The Fishmonger Half Side Of Salmon 500g,£7.69,£15.38 per kg,fresh_food,seafood,2024-11-19
The Fishmonger Hot Smoked Black Pepper Mackerel Fillet,£2.19,£10.95 per kg,fresh_food,seafood,2024-11-19
The Fishmonger Smoked Mackerel Fillets 200g,£2.19,£10.95 per kg,fresh_food,seafood,2024-11-19
The Fishmonger Boneless Sea Bass Fillets 180g/2 Pack,£2.89,£16.06 per kg,fresh_food,seafood,2024-11-19
The Fishmonger Smoked Salmon Slices 200g,£4.49,£22.45 per kg,fresh_food,seafood,2024-11-19
The Fishmonger Sweet Mustard & Dill Dressing Flavoured,£2.99,£24.92 per kg,fresh_food,seafood,2024-11-19
The Fishmonger Lemon & Pepper Flavoured Smoked Salmon 1,£2.99,£29.90 per kg,fresh_food,seafood,2024-11-19
"The Fishmonger Garlic, Chilli & Coriander Marinated Kin",£2.49,£16.60 per kg,fresh_food,seafood,2024-11-19
The Fishmonger Tempura Haddock Fillets 300g,£3.29,£10.97 per kg,fresh_food,seafood,2024-11-19
The Fishmonger Salt & Vinegar Tempura Haddock Fillets 3,£3.29,£10.97 per kg,fresh_food,seafood,2024-11-19
The Fishmonger Hot Smoked Salmon Flakes 100g,£2.29,£22.90 per kg,fresh_food,seafood,2024-11-19
The Fishmonger Hot Smoked Salmon Flakes With Honey Flav,£2.29,£22.90 per kg,fresh_food,seafood,2024-11-19
The Fishmonger Hot Smoked Salmon Flakes With A Chilli G,£2.29,£22.90 per kg,fresh_food,seafood,2024-11-19
Specially Selected Honey Roast Hot Smoked Salmon Side 4,£9.99,£22.20 per kg,fresh_food,seafood,2024-11-19
The Fishmonger Scottish Smoked Salmon Trimmings 100g,£1.49,£14.90 per kg,fresh_food,seafood,2024-11-19
Specially Selected Scottish Cooked Mussels Tomato & Cho,£2.49,£5.53 per kg,fresh_food,seafood,2024-11-19
Specially Selected Scottish Cooked Veuve Monsigny Musse,£2.49,£5.53 per kg,fresh_food,seafood,2024-11-19
The Fishmonger Skinless & Boneless Breaded Fish Fillets,£2.99,£4.98 per kg,fresh_food,seafood,2024-11-19
Specially Selected Skinless & Boneless Cod Loins 260g/2,£4.49,£17.27 per kg,fresh_food,seafood,2024-11-19
The Fishmonger Hot Smoked Sweetcure Mackerel Fillets 20,£2.19,£10.95 per kg,fresh_food,seafood,2024-11-19
Specially Selected Scottish Loch Trout Fillets 240g/2 P,£3.99,£16.63 per kg,fresh_food,seafood,2024-11-19
Specially Selected Beer Battered Cod Fillets 350g/2 Pac,£3.65,£10.43 per kg,fresh_food,seafood,2024-11-19
Everyday Essentials Cod Pieces 250g,£2.99,£11.96 per kg,fresh_food,seafood,2024-11-19
Everyday Essentials Smoked Haddock Pieces 250g,£2.99,£11.96 per kg,fresh_food,seafood,2024-11-19
Specially Selected Lemon Infused Scottish Salmon Joint,£11.99,£17.63 per kg,fresh_food,seafood,2024-11-19
Specially Selected Cooked & Peeled Extra Large King Pra,£2.85,£19.00 per kg,fresh_food,seafood,2024-11-19
Specially Selected Fish Pie En Croute 380g,£3.99,£10.50 per kg,fresh_food,seafood,2024-11-19
Specially Selected Salmon En Croute 380g,£3.99,£10.50 per kg,fresh_food,seafood,2024-11-19
Specially Selected Chunky Breaded Cod Fillets 350g/2 Pa,£3.39,£9.69 per kg,fresh_food,seafood,2024-11-19
Specially Selected Christmas Cure Smoked Salmon 100g,£3.79,£37.90 per kg,fresh_food,seafood,2024-11-19
The Deli Houmous 200g,£0.99,£0.50 per 100g,fresh_food,party_food_salads_dips,2024-11-19
The Deli Reduced Fat Houmous 200g,£0.99,£0.50 per 100g,fresh_food,party_food_salads_dips,2024-11-19
Specially Selected Rich & Indulgent Coleslaw 300g,£1.25,£0.42 per 100g,fresh_food,party_food_salads_dips,2024-11-19
Let's Party Mini Steak Bakes 10x30g,£1.99,£6.63 per kg,fresh_food,party_food_salads_dips,2024-11-19
Let's Party Mini Cheese & Onion Bakes 10x30g,£1.99,£6.63 per kg,fresh_food,party_food_salads_dips,2024-11-19
Let's Party Mini Festive Bakes 300g,£1.99,£6.63 per kg,fresh_food,party_food_salads_dips,2024-11-19
The Deli Grazing Platter 170g,£2.29,£1.35 per 100g,fresh_food,party_food_salads_dips,2024-11-19
Specially Selected Parmigiano Reggiano & Roasted Tomato,£1.59,£0.72 per 100g,fresh_food,party_food_salads_dips,2024-11-19
Crestwood Cheese & Onion Quiche 400g,£1.99,£0.50 per 100g,fresh_food,party_food_salads_dips,2024-11-19
Crestwood Quiche Lorraine 400g,£1.99,£0.50 per 100g,fresh_food,party_food_salads_dips,2024-11-19
"Crestwood Broccoli, Tomato & Cheese Quiche 400g",£1.99,£0.50 per 100g,fresh_food,party_food_salads_dips,2024-11-19
The Deli Reduced Fat Coleslaw 300g,£0.75,£0.25 per 100g,fresh_food,party_food_salads_dips,2024-11-19
Specially Selected Coleslaw 300g,£1.25,£0.42 per 100g,fresh_food,party_food_salads_dips,2024-11-19
Specially Selected Classic Smashed Avocados 150g,£1.29,£0.86 per 100g,fresh_food,party_food_salads_dips,2024-11-19
Specially Selected Spicy Smashed Avocado 150g,£1.29,£0.86 per 100g,fresh_food,party_food_salads_dips,2024-11-19
The Deli Yogurt Rainbow Coleslaw 300g,£0.99,£0.33 per 100g,fresh_food,party_food_salads_dips,2024-11-19
Crestwood Ready To Eat Puff Pastry Cheese & Onion Pasty,£0.69,£0.35 per 100g,fresh_food,party_food_salads_dips,2024-11-19
Frasers Minced Beef Pie 330g,£1.45,£4.39 per kg,fresh_food,party_food_salads_dips,2024-11-19
Crestwood Mediterranean Inspired Vegetable Frittata 130,£1.39,£1.07 per 100g,fresh_food,party_food_salads_dips,2024-11-19
Crestwood Crustless Quiche Lorraine 150g,£1.39,£0.93 per 100g,fresh_food,party_food_salads_dips,2024-11-19
Dessert Menu Bramley Apple Pie 550g,£2.99,£0.54 per 100g,fresh_food,party_food_salads_dips,2024-11-19
Crestwood Mini Pork & Apple Pies 300g/6 Pack,£1.99,£0.66 per 100g,fresh_food,party_food_salads_dips,2024-11-19
The Deli Sweet Chilli Houmous 200g,£0.99,£0.50 per 100g,fresh_food,party_food_salads_dips,2024-11-19
The Deli Three Cheese Pasta Salad 400g,£1.75,£0.44 per 100g,fresh_food,party_food_salads_dips,2024-11-19
Crestwood Ready To Eat Puff Pastry Steak Slices 300g/2,£1.75,£0.58 per 100g,fresh_food,party_food_salads_dips,2024-11-19
Crestwood Puff Pastry Topped Steak Pie For One 200g,£1.55,£0.78 per 100g,fresh_food,party_food_salads_dips,2024-11-19
Crestwood Puff Pastry Topped Steak & Kidney Pie 200g,£1.55,£0.78 per 100g,fresh_food,party_food_salads_dips,2024-11-19
Crestwood Puff Pastry Topped Chicken & Gravy Pie 200g,£1.55,£0.78 per 100g,fresh_food,party_food_salads_dips,2024-11-19
The Deli Chunky Guacamole Dip 150g,£0.99,£0.66 per 100g,fresh_food,party_food_salads_dips,2024-11-19
The Deli Creamy Tzatziki Dip 200g,£0.99,£0.50 per 100g,fresh_food,party_food_salads_dips,2024-11-19
The Deli Three Cheese & Onion Deli Filler 250g,£1.49,£0.60 per 100g,fresh_food,party_food_salads_dips,2024-11-19
The Deli Coronation Chicken Deli Filler 250g,£1.49,£0.60 per 100g,fresh_food,party_food_salads_dips,2024-11-19
Specially Selected Cherrywood Smoked Bacon & Mature Che,£2.99,£0.75 per 100g,fresh_food,party_food_salads_dips,2024-11-19
The Deli Chunky Salsa Dip 200g,£0.99,£0.50 per 100g,fresh_food,party_food_salads_dips,2024-11-19
The Deli Cheese & Chive Dip 200g,£0.99,£0.50 per 100g,fresh_food,party_food_salads_dips,2024-11-19
The Deli Classic Dip Selection 500g,£1.99,£0.40 per 100g,fresh_food,party_food_salads_dips,2024-11-19
The Deli Tex Mex Dip Selection 400g,£1.99,£0.50 per 100g,fresh_food,party_food_salads_dips,2024-11-19
The Deli Nacho Chilli Cheese Dip 200g,£0.99,£0.50 per 100g,fresh_food,party_food_salads_dips,2024-11-19
The Deli Three Cheese Coleslaw 300g,£0.99,£0.33 per 100g,fresh_food,party_food_salads_dips,2024-11-19
Crestwood Mac & Cheese Crispbakes 227g/2 Pack,£1.49,£6.56 per 100g,fresh_food,party_food_salads_dips,2024-11-19
The Deli Reduced Fat Sour Cream & Chive Dip 200g,£0.99,£0.50 per 100g,fresh_food,party_food_salads_dips,2024-11-19
The Deli Caramelised Onion Houmous 200g,£0.99,£0.50 per 100g,fresh_food,party_food_salads_dips,2024-11-19
The Deli Moroccan Inspired Houmous 200g,£0.99,£0.50 per 100g,fresh_food,party_food_salads_dips,2024-11-19
The Deli Onion & Garlic Dip 200g,£0.99,£0.50 per 100g,fresh_food,party_food_salads_dips,2024-11-19
The Deli Sour Cream & Chive Dip 200g,£0.99,£0.50 per 100g,fresh_food,party_food_salads_dips,2024-11-19
Crestwood Cheese & Bacon Crispbakes 227g/2 Pack,£1.49,£6.56 per 100g,fresh_food,party_food_salads_dips,2024-11-19
Crestwood Corned Beef Crispbakes 227g/2 Pack,£1.49,£6.56 per 100g,fresh_food,party_food_salads_dips,2024-11-19
The Deli Sweet Potato Pakora 171g,£1.25,£0.73 per 100g,fresh_food,party_food_salads_dips,2024-11-19
The Deli Moroccan Style Falafel 171g,£1.25,£0.73 per 100g,fresh_food,party_food_salads_dips,2024-11-19
Specially Selected Hog Roast Sausage Rolls 188g,£2.39,£1.27 per 100g,fresh_food,party_food_salads_dips,2024-11-19
The Deli Chicken & Bacon Pasta 400g,£1.75,£0.44 per 100g,fresh_food,party_food_salads_dips,2024-11-19
The Deli Tomato & Basil Pasta Salad 400g,£1.75,£0.44 per 100g,fresh_food,party_food_salads_dips,2024-11-19
Specially Selected Melton Mowbray Pork Pie 295g,£1.99,£0.68 per 100g,fresh_food,party_food_salads_dips,2024-11-19
Crestwood Classic Pork Pies 260g/4 Pack,£1.19,£0.46 per 100g,fresh_food,party_food_salads_dips,2024-11-19
Crestwood Chicken & Mushroom Slices 300g/2 Pack,£1.75,£0.58 per 100g,fresh_food,party_food_salads_dips,2024-11-19
Crestwood Mini Melton Mowbray Pork Pies 300g/6 Pack,£1.99,£0.66 per 100g,fresh_food,party_food_salads_dips,2024-11-19
Crestwood Ready To Eat Puff Pastry Sausage Rolls 360g/6,£1.59,£0.44 per 100g,fresh_food,party_food_salads_dips,2024-11-19
Crestwood Puff Pastry Cheese & Onion Rolls 360g/6 Pack,£1.65,£0.46 per 100g,fresh_food,party_food_salads_dips,2024-11-19
Crestwood Mini Savoury Eggs 216g,£1.49,£0.69 per 100g,fresh_food,party_food_salads_dips,2024-11-19
Everyday Essentials Sausage Rolls 480g/8 Pack,£0.99,£0.21 per 100g,fresh_food,party_food_salads_dips,2024-11-19
Specially Selected Fresh & Aromatic Spinach & Pine Nut,£1.59,£0.74 per 100g,fresh_food,party_food_salads_dips,2024-11-19
Crestwood Mini Pork & Pickle Pies 300g/6 Pack,£1.99,£0.66 per 100g,fresh_food,party_food_salads_dips,2024-11-19
Frasers Scotch Pies 4 Pack,£2.19,£0.55 each,fresh_food,party_food_salads_dips,2024-11-19
Frasers Steak Bakes 2x136g,£1.75,£6.43 per kg,fresh_food,party_food_salads_dips,2024-11-19
Frasers Chicken Curry Pies 282g/2 Pack,£1.49,£0.75 each,fresh_food,party_food_salads_dips,2024-11-19
Frasers Scotch Pies 2 Pack,£1.29,£0.65 each,fresh_food,party_food_salads_dips,2024-11-19
Frasers Steak & Gravy Pies 260g/2 Pack,£1.69,£0.85 each,fresh_food,party_food_salads_dips,2024-11-19
"Specially Selected Chicken, Leek & Ham Pie With Arran M",£2.59,£10.36 per kg,fresh_food,party_food_salads_dips,2024-11-19
Specially Selected Scotch Steak & Black Pudding Pie 250,£2.59,£10.36 per kg,fresh_food,party_food_salads_dips,2024-11-19
Specially Selected Scotch Steak & Porter Ale Pie 250g,£2.59,£10.36 per kg,fresh_food,party_food_salads_dips,2024-11-19
Specially Selected Aberdeen Angus Steak Pie 660g,£5.99,£9.08 per kg,fresh_food,party_food_salads_dips,2024-11-19
Specially Selected Spicy & Aromatic Fruity Moroccan Ins,£1.59,£0.76 per 100g,fresh_food,party_food_salads_dips,2024-11-19
The Deli Red Pepper Houmous 200g,£0.99,£0.50 per 100g,fresh_food,party_food_salads_dips,2024-11-19
The Deli Spicy Tomato & Pepperoni Pasta 400g,£1.75,£0.44 per 100g,fresh_food,party_food_salads_dips,2024-11-19
The Deli Chimichurri Olives 140g,£1.59,£1.14 per 100g,fresh_food,party_food_salads_dips,2024-11-19
Flake Bake Jamaican Beef Patty 140g,£0.99,£0.71 per 100g,fresh_food,party_food_salads_dips,2024-11-19
Specially Selected Caprese Salad 140g,£1.99,£1.42 per 100g,fresh_food,party_food_salads_dips,2024-11-19
Eat & Go Teriyaki Chicken Poke 300g,£3.69,£1.23 per 100g,fresh_food,party_food_salads_dips,2024-11-19
The Deli Pesto Marinated Mozzarella 150g,£1.75,£1.17 per 100g,fresh_food,party_food_salads_dips,2024-11-19
Specially Selected Pesto & Mozzarella Flatbread 263g,£1.99,£7.57 per kg,fresh_food,party_food_salads_dips,2024-11-19
Specially Selected Mozzarella & Peppadew® Piquanté Pepp,£1.99,£7.60 per kg,fresh_food,party_food_salads_dips,2024-11-19
Specially Selected Caramelised Red Onion & Extra Mature,£1.99,£7.65 per kg,fresh_food,party_food_salads_dips,2024-11-19
Crestwood Ready To Eat Puff Pastry Snack Sausage Rolls,£1.19,£0.44 per 100g,fresh_food,party_food_salads_dips,2024-11-19
Crestwood Ready To Eat Puff Pastry Cheese & Bacon Sausa,£1.19,£0.44 per 100g,fresh_food,party_food_salads_dips,2024-11-19
Frasers Macaroni Pies 2x136g/2 Pack,£1.29,£0.65 each,fresh_food,party_food_salads_dips,2024-11-19
Frasers Macaroni Bakes 2x136g/2 Pack,£1.75,£6.43 per kg,fresh_food,party_food_salads_dips,2024-11-19
Frasers Chicken Curry Bakes 2x136g/2 Pack,£1.75,£6.43 per kg,fresh_food,party_food_salads_dips,2024-11-19
Frasers Cheesy Bean Bakes 2x136g/2 Pack,£1.75,£6.43 per kg,fresh_food,party_food_salads_dips,2024-11-19
Frasers Cheese & Onion Bakes 2x136g/2 Pack,£1.75,£6.43 per kg,fresh_food,party_food_salads_dips,2024-11-19
Specially Selected Cheese & Caramelised Onion Rolls 188,£2.39,£1.27 per 100g,fresh_food,party_food_salads_dips,2024-11-19
Crestwood Puff Pastry Topped Steak Pie 500g,£2.79,£0.56 per 100g,fresh_food,party_food_salads_dips,2024-11-19
Crestwood Puff Pastry Topped Chicken & Gravy Pie 500g,£2.79,£0.56 per 100g,fresh_food,party_food_salads_dips,2024-11-19
The Deli Chicken & Sweetcorn Deli Filler 220g,£1.49,£0.68 per 100g,fresh_food,party_food_salads_dips,2024-11-19
Crestwood Beef & Vegetable Pasties 520g/4 Pack,£1.99,£0.38 per 100g,fresh_food,party_food_salads_dips,2024-11-19
Crestwood Cheese & Onion Pasties 520g/4 Pack,£1.99,£0.38 per 100g,fresh_food,party_food_salads_dips,2024-11-19
Crestwood Hunters Chicken Pie For One 170g,£1.39,£0.82 per 100g,fresh_food,party_food_salads_dips,2024-11-19
Crestwood Sausage & Onion Pie For One 170g,£1.39,£0.82 per 100g,fresh_food,party_food_salads_dips,2024-11-19
Crestwood Ready To Eat Puff Pastry Cheese & Onion Slice,£1.75,£0.58 per 100g,fresh_food,party_food_salads_dips,2024-11-19
Crestwood Ready To Eat Puff Pastry Ham & Cheese Slices,£1.75,£0.58 per 100g,fresh_food,party_food_salads_dips,2024-11-19
Crestwood Ready To Eat Puff Pastry Cheesy Bean Slices 3,£1.75,£0.58 per 100g,fresh_food,party_food_salads_dips,2024-11-19
"Crestwood Cauliflower, Broccoli & Cheese Pie For One 17",£1.39,£0.82 per 100g,fresh_food,party_food_salads_dips,2024-11-19
Crestwood Scotch Eggs 226g/2 Pack,£1.09,£0.48 per 100g,fresh_food,party_food_salads_dips,2024-11-19
The Deli Creamy Coleslaw 600g,£1.19,£0.20 per 100g,fresh_food,party_food_salads_dips,2024-11-19
Specially Selected Balsamic Onion & Mature Cheddar Chee,£2.99,£0.75 per 100g,fresh_food,party_food_salads_dips,2024-11-19
Crestwood Chicken Tikka Slices 300g/2 Pack,£1.75,£0.58 per 100g,fresh_food,party_food_salads_dips,2024-11-19
The Deli Garlic Aioli Dip 200g,£0.99,£0.50 per 100g,fresh_food,party_food_salads_dips,2024-11-19
Brownings The Bakers Belter Steak Bridie 215g,£1.79,£8.33 per kg,fresh_food,party_food_salads_dips,2024-11-19
Brownings The Bakers The Famous Kilmarnock Pie 150g,£1.79,£11.93 per kg,fresh_food,party_food_salads_dips,2024-11-19
Brownings The Bakers Forfar Bridie 215g,£1.79,£8.33 per kg,fresh_food,party_food_salads_dips,2024-11-19
Frasers Top Crust Steak Pie 660g,£4.69,£7.11 per kg,fresh_food,party_food_salads_dips,2024-11-19
Frasers Top Crust Steak Pie 371g,£2.69,£7.25 per kg,fresh_food,party_food_salads_dips,2024-11-19
Crestwood Ready To Eat Puff Pastry Beef & Vegetable Pas,£0.69,£0.35 per 100g,fresh_food,party_food_salads_dips,2024-11-19
The Deli Egg Mayo Deli Filler 250g,£1.49,£0.60 per 100g,fresh_food,party_food_salads_dips,2024-11-19
The Deli Tuna & Sweetcorn Deli Filler 250g,£1.49,£0.60 per 100g,fresh_food,party_food_salads_dips,2024-11-19
Specially Selected Sweet Caramelised Biscuit & Cinnamon,£2.99,£7.93 per kg,fresh_food,party_food_salads_dips,2024-11-19
Specially Selected Hidden Centre Pork Pie 454g,£5.49,£1.21 per 100g,fresh_food,party_food_salads_dips,2024-11-19
Crestwood Ready To Eat Puff Pastry Corned Beef Pasties,£1.99,£0.44 per 100g,fresh_food,party_food_salads_dips,2024-11-19
Specially Selected Potato & Onion Tortilla 200g,£1.99,£1.00 per 100g,fresh_food,party_food_salads_dips,2024-11-19
"The Deli Butternut Squash, Tomato & Basil Falafel 171g",£1.25,£0.73 per 100g,fresh_food,party_food_salads_dips,2024-11-19
Crestwood Peppered Steak Slice 150g,£0.99,£0.66 per 100g,fresh_food,party_food_salads_dips,2024-11-19
Crestwood Chicken & Bacon Slice 150g,£0.99,£0.66 per 100g,fresh_food,party_food_salads_dips,2024-11-19
Dessert Menu Morello Cherry Pie 540g,£2.99,£0.55 per 100g,fresh_food,party_food_salads_dips,2024-11-19
Specially Selected Ploughman's Quiche 400g,£2.99,£0.75 per 100g,fresh_food,party_food_salads_dips,2024-11-19
Specially Selected Premium Pork Sausage Rolls 188g/4 Pa,£2.39,£1.27 per 100g,fresh_food,party_food_salads_dips,2024-11-19
The Deli Lemon & Herb Green Olives 140g,£1.59,£1.14 per 100g,fresh_food,party_food_salads_dips,2024-11-19
The Deli Chilli & Garlic Green Olives 140g,£1.59,£1.14 per 100g,fresh_food,party_food_salads_dips,2024-11-19
The Deli Pitted Green & Black Olives With Feta 150g,£1.75,£1.17 per 100g,fresh_food,party_food_salads_dips,2024-11-19
The Deli Pitted Green Olives With Cheddar 150g,£1.75,£1.17 per 100g,fresh_food,party_food_salads_dips,2024-11-19
Specially Selected Spanish Ibérico Ham Croquetas 108g,£1.99,£1.84 per 100g,fresh_food,party_food_salads_dips,2024-11-19
Crestwood Crustless Cheddar Cheese & Leek Quiche 150g,£1.39,£0.93 per 100g,fresh_food,party_food_salads_dips,2024-11-19
Specially Selected Sicilian Queen Nocellara Olives 150g,£1.99,£1.33 per 100g,fresh_food,party_food_salads_dips,2024-11-19
Specially Selected Greek Marinated Olives 145g,£1.99,£1.37 per 100g,fresh_food,party_food_salads_dips,2024-11-19
Specially Selected Cream Cheese Stuffed Cherry Bell Pep,£1.99,£1.33 per 100g,fresh_food,party_food_salads_dips,2024-11-19
Specially Selected Double Stuffed Giant Halkidiki Olive,£1.99,£1.33 per 100g,fresh_food,party_food_salads_dips,2024-11-19
"Specially Selected Chicken, Smoked Bacon & Leek Pie 250",£2.59,£1.04 per 100g,fresh_food,party_food_salads_dips,2024-11-19
Specially Selected Steak Pie 500g,£3.99,£0.80 per 100g,fresh_food,party_food_salads_dips,2024-11-19
Specially Selected Steak Pie 250g,£2.59,£1.04 per 100g,fresh_food,party_food_salads_dips,2024-11-19
"Specially Selected Chicken, Bacon & Leek Pie 500g",£3.99,£0.80 per 100g,fresh_food,party_food_salads_dips,2024-11-19
Specially Selected Caramelised Red Onion & Rosemary Bre,£5.49,£9.98 per kg,fresh_food,party_food_salads_dips,2024-11-19
Specially Selected Pork & Cider Pie 250g,£2.59,£1.04 per 100g,fresh_food,party_food_salads_dips,2024-11-19
Specially Selected Mushroom & Pecorino Spiralli Pasta S,£1.59,£0.88 per 100g,fresh_food,party_food_salads_dips,2024-11-19
Brooklea Milk Chocolate & Caramel Light Choc Pots 4x80g,£1.39,£0.43 per 100g,fresh_food,chilled_desserts,2024-11-19
Brooklea Milk Chocolate Light Choc Pots 4x80g,£1.39,£0.43 per 100g,fresh_food,chilled_desserts,2024-11-19
Dessert Menu Mini Pancakes 250g,£1.99,£0.80 per 100g,fresh_food,chilled_desserts,2024-11-19
Brooklea Chocolate Flavour Protein Pudding 200g,£0.99,£0.50 per 100g,fresh_food,chilled_desserts,2024-11-19
Brooklea Caramel Flavour Protein Pudding 200g,£0.99,£0.50 per 100g,fresh_food,chilled_desserts,2024-11-19
Dessert Menu Syrup Sponge Puddings 2x110g,£1.99,£0.91 per 100g,fresh_food,chilled_desserts,2024-11-19
Specially Selected Hand Finished Belgian Chocolate Yule,£8.99,£1.10 per 100g,fresh_food,chilled_desserts,2024-11-19
Dessert Menu Chocolate Éclairs 116g/2 Pack,£0.75,£0.65 each,fresh_food,chilled_desserts,2024-11-19
Brooklea Apple Rice Pudding 180g,£0.45,£0.25 per 100g,fresh_food,chilled_desserts,2024-11-19
Specially Selected Cherry Bakewell Sponge Pudding 400g,£2.89,£0.72 per 100g,fresh_food,chilled_desserts,2024-11-19
Specially Selected Belgian Chocolate Ganache 85g,£1.19,£1.40 per 100g,fresh_food,chilled_desserts,2024-11-19
Specially Selected Sicilian Lemon Posset 90g,£1.19,£1.40 per 100g,fresh_food,chilled_desserts,2024-11-19
Dessert Menu Sweet Pancakes 500g/8 Pack,£1.99,£0.40 per 100g,fresh_food,chilled_desserts,2024-11-19
Dessert Menu Egg Custard Tarts 324g/4 Pack,£1.25,£0.31 each,fresh_food,chilled_desserts,2024-11-19
Brooklea Milk Chocolate Pots Of Choc 4x65g,£1.35,£0.52 per 100g,fresh_food,chilled_desserts,2024-11-19
Brooklea Caramel Pots Of Choc 4x65g,£1.35,£0.52 per 100g,fresh_food,chilled_desserts,2024-11-19
Dessert Menu Chocolate Mousse 6x60g,£0.99,£0.28 per 100g,fresh_food,chilled_desserts,2024-11-19
Dessert Menu Strawberry Mousse 6x60g,£0.99,£0.28 per 100g,fresh_food,chilled_desserts,2024-11-19
Dessert Menu Chocolate & Cream Dessert 190g,£0.95,£0.50 per 100g,fresh_food,chilled_desserts,2024-11-19
Dessert Menu Double Chocolate Dessert 190g,£0.95,£0.50 per 100g,fresh_food,chilled_desserts,2024-11-19
Dessert Menu Toffee Dessert 190g,£0.95,£0.50 per 100g,fresh_food,chilled_desserts,2024-11-19
Dessert Menu Vanilla Dessert 190g,£0.95,£0.50 per 100g,fresh_food,chilled_desserts,2024-11-19
Specially Selected Indulgent Sticky Toffee Pudding 450g,£2.89,£0.64 per 100g,fresh_food,chilled_desserts,2024-11-19
Dessert Menu Strawberry Tarts 154g/2 Pack,£1.49,£0.75 each,fresh_food,chilled_desserts,2024-11-19
Dessert Menu Toffee Tarts 172g/2 Pack,£1.49,£0.75 each,fresh_food,chilled_desserts,2024-11-19
Dessert Menu American Style Buttermilk Pancakes 6 Pack,£1.99,£0.83 per 100g,fresh_food,chilled_desserts,2024-11-19
Dessert Menu Chocolate Sponge Puddings 2x110g,£1.99,£0.91 per 100g,fresh_food,chilled_desserts,2024-11-19
Dessert Menu Sticky Toffee Pudding 2x110g,£1.99,£0.91 per 100g,fresh_food,chilled_desserts,2024-11-19
Dessert Menu Raspberry Jam Sponge Puddings 2x110g,£1.99,£0.91 per 100g,fresh_food,chilled_desserts,2024-11-19
Dessert Menu Clotted Cream Rice Pudding 500g,£1.99,£0.40 per 100g,fresh_food,chilled_desserts,2024-11-19
Dessert Menu Bread & Butter Pudding 350g,£1.99,£0.57 per 100g,fresh_food,chilled_desserts,2024-11-19
Dessert Menu Tiramisu Dessert 500g,£2.79,£0.56 per 100g,fresh_food,chilled_desserts,2024-11-19
Dessert Menu Family Profiteroles Dessert 450g,£2.79,£0.62 per 100g,fresh_food,chilled_desserts,2024-11-19
Dessert Menu Jam & Cream Doughnuts 136g/2 Pack,£0.75,£0.46 per 100g,fresh_food,chilled_desserts,2024-11-19
Specially Selected Belgian Chocolate Profiterole Stack,£6.99,£1.04 per 100g,fresh_food,chilled_desserts,2024-11-19
Brooklea Strawberry Rice Pudding 180g,£0.45,£0.25 per 100g,fresh_food,chilled_desserts,2024-11-19
Brooklea Rice Original 180g,£0.45,£0.25 per 100g,fresh_food,chilled_desserts,2024-11-19
Brooklea Vanilla Custard Rice Pudding 180g,£0.45,£0.25 per 100g,fresh_food,chilled_desserts,2024-11-19
Brooklea Little Snacks Chocolate Flavour 4x30g,£1.15,£0.96 per 100g,fresh_food,chilled_desserts,2024-11-19
Brooklea Little Snacks Strawberry Flavour 4 Pack,£1.15,£0.96 per 100g,fresh_food,chilled_desserts,2024-11-19
Dessert Menu Strawberry Trifle 3x125g,£1.39,£0.37 per 100g,fresh_food,chilled_desserts,2024-11-19
Dessert Menu Raspberry Trifles 3x125g,£1.39,£0.37 per 100g,fresh_food,chilled_desserts,2024-11-19
Dessert Menu Protein Brownie 100g,£0.99,£0.99 per 100g,fresh_food,chilled_desserts,2024-11-19
Dessert Menu Strawberry Cheesecakes 3x100g,£1.85,£0.62 per 100g,fresh_food,chilled_desserts,2024-11-19
Dessert Menu Lemon Cheesecakes 3x100g,£1.85,£0.62 per 100g,fresh_food,chilled_desserts,2024-11-19
Dessert Menu Blackcurrant Cheesecakes 3x100g,£1.85,£0.62 per 100g,fresh_food,chilled_desserts,2024-11-19
Specially Selected Lemon Meringue & Mascarpone Cheeseca,£2.35,£1.31 per 100g,fresh_food,chilled_desserts,2024-11-19
Specially Selected Chocolate Hazelnut Ganache 85g,£1.19,£1.40 per 100g,fresh_food,chilled_desserts,2024-11-19
Müller Rice Protein Chocolate Flavour 180g,£0.89,£0.49 per 100g,fresh_food,chilled_desserts,2024-11-19
Müller Rice Protein Vanilla Flavour 180g,£0.89,£0.49 per 100g,fresh_food,chilled_desserts,2024-11-19
Brooklea Protein Mousse White Chocolate Flavour 200g,£1.29,£0.65 per 100g,fresh_food,chilled_desserts,2024-11-19
Dairy Fine Milk Chocolate Pots Of Choc 350g,£1.49,£0.43 per 100g,fresh_food,chilled_desserts,2024-11-19
Dairyfine Orange Pots Of Choc 350g,£1.49,£0.43 per 100g,fresh_food,chilled_desserts,2024-11-19
Dessert Menu Triple Chocolate Brownie Pudding 200g,£1.75,£0.88 per 100g,fresh_food,chilled_desserts,2024-11-19
Dessert Menu Triple Chocolate Cookie Dough Pudding 200g,£1.75,£0.88 per 100g,fresh_food,chilled_desserts,2024-11-19
Brooklea Protein Pudding White Chocolate Flavour 200g,£0.99,£0.50 per 100g,fresh_food,chilled_desserts,2024-11-19
Specially Selected Sticky Toffee Trifle 900g,£4.99,£0.55 per 100g,fresh_food,chilled_desserts,2024-11-19
Specially Selected Hand Finished Belgian White Chocolat,£8.99,£1.10 per 100g,fresh_food,chilled_desserts,2024-11-19
Specially Selected Passion Fruit & Madagascan Vanilla P,£9.49,£1.05 per 100g,fresh_food,chilled_desserts,2024-11-19
Specially Selected Caramelised Biscuit Crown 700g,£6.49,£0.93 per 100g,fresh_food,chilled_desserts,2024-11-19
Specially Selected Sherry Trifle 900g,£4.99,£0.55 per 100g,fresh_food,chilled_desserts,2024-11-19
Specially Selected Raspberry & Prosecco Panna Cotta Sta,£9.49,£1.05 per 100g,fresh_food,chilled_desserts,2024-11-19
Specially Selected Belgian Chocolate Billionaire's Chee,£8.99,£1.00 per 100g,fresh_food,chilled_desserts,2024-11-19
Dessert Menu Strawberry Trifle 600g,£2.29,£0.38 per 100g,fresh_food,chilled_desserts,2024-11-19
Specially Selected Madagascan Vanilla Custard 500g,£1.99,£0.40 per 100g,fresh_food,chilled_desserts,2024-11-19
Dairyfine Milk Chocolate Split Pot Deserts 4x90g,£2.59,£0.76 per 100g,fresh_food,chilled_desserts,2024-11-19
Specially Selected Mince Pie Cheesecake Bites 6x35g,£3.49,£1.66 per 100g,fresh_food,chilled_desserts,2024-11-19
Specially Selected Chocolate & Salted Caramel Cheesecak,£3.49,£1.66 per 100g,fresh_food,chilled_desserts,2024-11-19
Specially Selected Ultimate Gold Coin 470g,£6.99,£1.49 per 100g,fresh_food,chilled_desserts,2024-11-19
Specially Selected Belgian White Chocolate & Morello Ch,£8.99,£1.00 per 100g,fresh_food,chilled_desserts,2024-11-19
Let's Party Chocolate Mini Star Bites 280g,£3.49,£1.25 per 100g,fresh_food,chilled_desserts,2024-11-19
Let's Party Sticky Toffee Mini Star Bites 280g,£3.49,£1.25 per 100g,fresh_food,chilled_desserts,2024-11-19
Specially Selected Belgian Chocolate Orange Melt In The,£6.99,£0.96 per 100g,fresh_food,chilled_desserts,2024-11-19
Specially Selected Belgian Chocolate & Morello Cherry B,£6.99,£0.96 per 100g,fresh_food,chilled_desserts,2024-11-19
Dessert Menu Milk Chocolate Trifle 500g,£2.29,£0.46 per 100g,fresh_food,chilled_desserts,2024-11-19
Dessert Menu Protein Pancakes 160g,£1.99,£1.24 per 100g,fresh_food,chilled_desserts,2024-11-19
Dessert Menu Jelly & Custard 3x125g,£0.99,£0.26 per 100g,fresh_food,chilled_desserts,2024-11-19
Brooklea Salted Caramel Protein Mousse 200g,£1.29,£0.65 per 100g,fresh_food,chilled_desserts,2024-11-19
Brooklea Chocolate Flavour Protein Mousse 200g,£1.29,£0.65 per 100g,fresh_food,chilled_desserts,2024-11-19
Dessert Menu Chocolate Trifles 2x90g,£0.89,£0.49 per 100g,fresh_food,chilled_desserts,2024-11-19
Specially Selected Gastro Vanilla & Mixed Berry Crumb T,£2.99,£1.76 per 100g,fresh_food,chilled_desserts,2024-11-19
Dessert Menu Sweet Rhubarb Crumble 500g,£2.99,£0.60 per 100g,fresh_food,chilled_desserts,2024-11-19
Dessert Menu Bramley Apple Crumble 500g,£2.99,£0.60 per 100g,fresh_food,chilled_desserts,2024-11-19
Dessert Menu Bramley Apple Crumbles 270g/2 Pack,£1.89,£0.70 per 100g,fresh_food,chilled_desserts,2024-11-19
Dessert Menu Sweet Rhubarb Crumbles 270g/2 Pack,£1.89,£0.70 per 100g,fresh_food,chilled_desserts,2024-11-19
Specially Selected Belgian Chocolate Melt In The Middle,£2.29,£1.15 per 100g,fresh_food,chilled_desserts,2024-11-19
Specially Selected Salted Caramel Melt In The Middle Pu,£2.29,£1.21 per 100g,fresh_food,chilled_desserts,2024-11-19
Holly Lane Syrup Sponge Pudding 100g,£0.99,£9.90 per kg,fresh_food,chilled_desserts,2024-11-19
Holly Lane Chocolate Sponge Pudding 100g,£0.99,£9.90 per kg,fresh_food,chilled_desserts,2024-11-19
Specially Selected Mango & Passion Fruit Posset 85g,£1.19,£1.40 per 100g,fresh_food,chilled_desserts,2024-11-19
Specially Selected Belgian Milk Chocolate & Sea Salt Pi,£3.99,£1.90 per 100g,fresh_food,chilled_desserts,2024-11-19
Specially Selected Belgian Blonde Chocolate & Caramel P,£3.99,£1.90 per 100g,fresh_food,chilled_desserts,2024-11-19
Specially Selected Belgian Chocolate & Sea Salt Crown 7,£6.49,£0.93 per 100g,fresh_food,chilled_desserts,2024-11-19
Specially Selected Italian Pandoro 750g,£5.29,£7.05 per kg,fresh_food,chilled_desserts,2024-11-19
Specially Selected Blonde Chocolate & Salted Fudge Chee,£2.35,£1.31 per 100g,fresh_food,chilled_desserts,2024-11-19
Dessert Menu Vanilla Flavour Santa's Belt Cheesecake 50,£3.99,£0.80 per 100g,fresh_food,chilled_desserts,2024-11-19
Dessert Menu Chocolate Flavour Gonk Cheesecake 500g,£3.99,£0.80 per 100g,fresh_food,chilled_desserts,2024-11-19
Specially Selected Caramelised Biscuit Crumb Topped Che,£2.99,£1.76 per 100g,fresh_food,chilled_desserts,2024-11-19
Specially Selected Chocolate Edition Macarons 72g/6 Pac,£1.99,£2.76 per 100g,fresh_food,chilled_desserts,2024-11-19
Specially Selected Classic Edition Macarons 72g/6 Pack,£1.99,£2.76 per 100g,fresh_food,chilled_desserts,2024-11-19
Everyday Essentials Cheese & Tomato Pizza 114g,£0.55,£4.82 per kg,fresh_food,pizza_pasta_gbread,2024-11-19
Carlos Margherita Stonebaked Pizza 305g,£1.99,£6.52 per kg,fresh_food,pizza_pasta_gbread,2024-11-19
Carlos Stonebaked Pepperoni Pizza 313g,£2.49,£7.96 per kg,fresh_food,pizza_pasta_gbread,2024-11-19
Everyday Essentials Cheese & Tomato Pizza 300g,£0.99,£3.30 per kg,fresh_food,pizza_pasta_gbread,2024-11-19
Everyday Essential Garlic Baguette 170g,£0.37,£2.18 per kg,fresh_food,pizza_pasta_gbread,2024-11-19
Carlos BBQ Chicken Stonebaked Pizza 350g,£2.49,£7.11 per kg,fresh_food,pizza_pasta_gbread,2024-11-19
Carlos Garlic Baguettes 420g/2 Pack,£1.45,£3.45 per kg,fresh_food,pizza_pasta_gbread,2024-11-19
Carlos Meat Feast Stonebaked Pizza 335g,£2.49,£7.43 per kg,fresh_food,pizza_pasta_gbread,2024-11-19
Carlos Garlic Slices 290g/9 Pack,£1.59,£0.55 per 100g,fresh_food,pizza_pasta_gbread,2024-11-19
Specially Selected Hand Stretched Spicy Italian Schiacc,£3.79,£7.80 per kg,fresh_food,pizza_pasta_gbread,2024-11-19
Carlos Takeaway Fully Loaded BBQ Chicken Pizza 515g,£3.99,£7.75 per kg,fresh_food,pizza_pasta_gbread,2024-11-19
Specially Selected Mozzarella & Sun-dried Cherry Tomato,£3.79,£7.81 per kg,fresh_food,pizza_pasta_gbread,2024-11-19
Carlos Takeaway Fully Loaded Meat Feast Pizza 506g,£3.99,£7.98 per kg,fresh_food,pizza_pasta_gbread,2024-11-19
"Specially Selected Wood Fired Chicken, Chorizo & Roquit",£3.79,£8.00 per kg,fresh_food,pizza_pasta_gbread,2024-11-19
Specially Selected Butternut Squash & Pine Nuts Girasol,£2.29,£9.16 per kg,fresh_food,pizza_pasta_gbread,2024-11-19
Carlos Takeaway Mini Garlic Pizza Bread 145g,£1.39,£9.59 per kg,fresh_food,pizza_pasta_gbread,2024-11-19
Carlos Reduced Fat Garlic Slices 290g/9 Pack,£1.59,£0.55 per 100g,fresh_food,pizza_pasta_gbread,2024-11-19
"Specially Selected Italian Ham, Portobello Mushroom And",£3.79,£7.29 per kg,fresh_food,pizza_pasta_gbread,2024-11-19
Inspired Cuisine Fusilli Pasta 500g,£1.69,£3.38 per kg,fresh_food,pizza_pasta_gbread,2024-11-19
Inspired Cuisine Tagliatelle Pasta 500g,£1.69,£3.38 per kg,fresh_food,pizza_pasta_gbread,2024-11-19
Inspired Cuisine Gnocchi 500g,£1.69,£3.38 per kg,fresh_food,pizza_pasta_gbread,2024-11-19
Everyday Essential Part Baked Garlic Baguettes 340g/2 P,£0.74,£2.18 per kg,fresh_food,pizza_pasta_gbread,2024-11-19
Carlos Garlic & Parsley Flatbread 250g,£1.39,£5.56 per kg,fresh_food,pizza_pasta_gbread,2024-11-19
Carlos Cheese & Garlic Flatbread 260g,£1.39,£5.35 per kg,fresh_food,pizza_pasta_gbread,2024-11-19
Carlos Large Stonebaked Margherita Pizza 493g,£2.99,£5.75 per kg,fresh_food,pizza_pasta_gbread,2024-11-19
Let's Party Garlic Doughball Christmas Tree 260g,£2.99,£11.50 per kg,fresh_food,pizza_pasta_gbread,2024-11-19
Carlos Garlic Baguettes Reduced Fat 420g/2 Pack,£1.45,£3.45 per kg,fresh_food,pizza_pasta_gbread,2024-11-19
"Specially Selected Porcini, Chanterelle & Truffle Mezze",£2.29,£9.16 per kg,fresh_food,pizza_pasta_gbread,2024-11-19
Specially Selected Buffalo Milk Ricotta & Spinach Ravio,£2.29,£9.16 per kg,fresh_food,pizza_pasta_gbread,2024-11-19
Carlos Takeaway Stuffed Crust Cheese Feast Pizza 670g,£3.99,£5.96 per kg,fresh_food,pizza_pasta_gbread,2024-11-19
Carlos Stuffed Crust Pizza Double Pepperoni 691g,£3.99,£5.77 per kg,fresh_food,pizza_pasta_gbread,2024-11-19
Inspired Cuisine Tomato & Basil Pasta Sauce 350g,£1.59,£4.54 per kg,fresh_food,pizza_pasta_gbread,2024-11-19
Inspired Cuisine Tomato & Mascarpone Pasta Sauce 350g,£1.59,£4.54 per kg,fresh_food,pizza_pasta_gbread,2024-11-19
Specially Selected Meatballs Albondigas 195g,£1.99,£1.02 per 100g,fresh_food,pizza_pasta_gbread,2024-11-19
Carlos Ham & Pineapple Stonebaked Pizza 355g,£2.49,£7.01 per kg,fresh_food,pizza_pasta_gbread,2024-11-19
The Deli Marinated Tomatoes With Garlic & Oregano 140g,£1.59,£1.14 per 100g,fresh_food,pizza_pasta_gbread,2024-11-19
The Deli Marinated Tomatoes & Mozzarella Cheese 150g,£1.75,£1.17 per 100g,fresh_food,pizza_pasta_gbread,2024-11-19
Cucina Chicken & Bacon Tortelloni Pasta 300g,£1.59,£5.30 per kg,fresh_food,pizza_pasta_gbread,2024-11-19
Cucina Four Cheese Tortelloni Pasta 300g,£1.59,£5.30 per kg,fresh_food,pizza_pasta_gbread,2024-11-19
Cucina Spinach & Ricotta Tortelloni 300g,£1.59,£5.30 per kg,fresh_food,pizza_pasta_gbread,2024-11-19
Specially Selected Mezzelune With Prosciutto Di Parma &,£2.29,£9.16 per kg,fresh_food,pizza_pasta_gbread,2024-11-19
Specially Selected Mozzarella & Slow Roasted Tomato Woo,£2.69,£12.81 per kg,fresh_food,pizza_pasta_gbread,2024-11-19
Specially Selected Spicy Salami & Chilli Jam Wood Fired,£2.69,£13.06 per kg,fresh_food,pizza_pasta_gbread,2024-11-19
Specially Selected Wood Fired Katsu Inspired Chicken Pi,£3.79,£8.24 per kg,fresh_food,pizza_pasta_gbread,2024-11-19
"Specially Selected Ardennes, Apple & Calvados Pate 240g",£3.49,£1.45 per 100g,fresh_food,chilled_meats,2024-11-19
"Specially Selected Drunken Duck, Cherry & Amaretto Pâté",£3.49,£1.45 per 100g,fresh_food,chilled_meats,2024-11-19
Specially Selected Venison & Clementine Pate 240g,£3.49,£1.45 per 100g,fresh_food,chilled_meats,2024-11-19
Eat & Go Original Meatster Salami Snack 5x25g,£1.99,£1.59 per 100g,fresh_food,chilled_meats,2024-11-19
Specially Selected Wiltshire Cured Ham Slices 120g,£1.99,£1.66 per 100g,fresh_food,chilled_meats,2024-11-19
Eat & Go Ready To Eat Snackin' Roasted Chicken 90g,£0.99,£1.10 per 100g,fresh_food,chilled_meats,2024-11-19
Eat & Go Chicken Satay Skewers 100g/10 Pack,£1.69,£1.69 per 100g,fresh_food,chilled_meats,2024-11-19
Ashfields Wafer Thin Smoked Ham 400g,£2.39,£0.60 per 100g,fresh_food,chilled_meats,2024-11-19
Eat & Go Original Meatster Minis 100g,£1.99,£1.99 per 100g,fresh_food,chilled_meats,2024-11-19
The Deli French Torchon Ham 200g,£1.99,£1.00 per 100g,fresh_food,chilled_meats,2024-11-19
Ashfields Pork Cocktail Sausages 400g/40 Pack*,£1.99,£0.50 per 100g,fresh_food,chilled_meats,2024-11-19
Specially Selected West Country Butter Roast Chicken 12,£1.99,£1.66 per 100g,fresh_food,chilled_meats,2024-11-19
Specially Selected Breaded Wiltshire Cured Ham Slices 1,£1.99,£1.66 per 100g,fresh_food,chilled_meats,2024-11-19
Specially Selected Mild Spanish Chorizo Ring 200g,£1.89,£0.95 per 100g,fresh_food,chilled_meats,2024-11-19
Eat & Go Ready To Eat Snackin' Southern Fried Chicken 9,£0.99,£1.10 per 100g,fresh_food,chilled_meats,2024-11-19
Specially Selected Stuffing Topped Roast Chicken 135g,£1.99,£1.66 per 100g,fresh_food,chilled_meats,2024-11-19
The Deli Ardennes Pâté 200g,£0.99,£0.50 per 100g,fresh_food,chilled_meats,2024-11-19
Ashfields British Honey Ham 115g,£0.85,£0.74 per 100g,fresh_food,chilled_meats,2024-11-19
Specially Selected Italian Inspired Antipasto Misto Sel,£3.99,£2.22 per 100g,fresh_food,chilled_meats,2024-11-19
Specially Selected Brussels & Shallots Pâté 170g,£1.69,£0.99 per 100g,fresh_food,chilled_meats,2024-11-19
Specially Selected Venison & Red Fruits Pâté 170g,£1.69,£0.99 per 100g,fresh_food,chilled_meats,2024-11-19
The Deli Smoked Pork Sausage 260g,£1.99,£0.77 per 100g,fresh_food,chilled_meats,2024-11-19
Eat & Go BBQ Flavour Chicken Skewers 100g/10 Pack,£1.69,£1.69 per 100g,fresh_food,chilled_meats,2024-11-19
The Deli Smoked Pork Sausage 160g,£1.59,£0.99 per 100g,fresh_food,chilled_meats,2024-11-19
The Deli Smoked Reduced Fat Pork Sausage 160g,£1.59,£0.99 per 100g,fresh_food,chilled_meats,2024-11-19
The Deli Smoked Pork Sausage With Garlic 160g,£1.59,£0.99 per 100g,fresh_food,chilled_meats,2024-11-19
The Deli Smoked Pork Sausage With Chilli 160g,£1.59,£0.99 per 100g,fresh_food,chilled_meats,2024-11-19
The Deli Smoked Pancetta 2x85g,£1.89,£1.11 per 100g,fresh_food,chilled_meats,2024-11-19
The Deli Unsmoked Pancetta 2x85g,£1.89,£1.11 per 100g,fresh_food,chilled_meats,2024-11-19
Specially Selected Duck & Orange Pâté 170g,£1.69,£0.99 per 100g,fresh_food,chilled_meats,2024-11-19
Specially Selected Wiltshire Cured Finely Sliced Ham 24,£2.99,£1.25 per 100g,fresh_food,chilled_meats,2024-11-19
Ashfields British Peppered Ham 120g,£1.49,£1.24 per 100g,fresh_food,chilled_meats,2024-11-19
Nature's Glen Scotch Roast Beef Topside Slices 100g,£1.49,£1.49 per 100g,fresh_food,chilled_meats,2024-11-19
Ashfields Dry Cured British Maple Ham 120g,£1.49,£1.24 per 100g,fresh_food,chilled_meats,2024-11-19
Ashfields British Wafer Thin Cooked Chicken 120g,£1.49,£1.24 per 100g,fresh_food,chilled_meats,2024-11-19
Nature's Glen Ayrshire Cured Cooked Ham 125g,£1.75,£1.40 per 100g,fresh_food,chilled_meats,2024-11-19
Hall's Sliced Chopped Ham & Pork 125g,£1.25,£1.00 per 100g,fresh_food,chilled_meats,2024-11-19
The Deli Spicy Chorizo & Chilli Cheddar Cheese Rollitos,£1.85,£2.31 per 100g,fresh_food,chilled_meats,2024-11-19
Specially Selected Spicy Spanish Chorizo Ring 200g,£1.89,£0.95 per 100g,fresh_food,chilled_meats,2024-11-19
Ashfields British Cooked Turkey 250g,£2.19,£0.88 per 100g,fresh_food,chilled_meats,2024-11-19
Let's Party Party Snack Platter 347g,£4.99,£1.44 per 100g,fresh_food,chilled_meats,2024-11-19
Ashfields British Breaded Ham 120g,£1.49,£1.24 per 100g,fresh_food,chilled_meats,2024-11-19
Ashfields Dry Cured Wafer Thin Oak Smoked Ham 120g,£1.49,£1.24 per 100g,fresh_food,chilled_meats,2024-11-19
The Deli Brussels Pâté 200g,£0.99,£0.50 per 100g,fresh_food,chilled_meats,2024-11-19
The Deli Italian Prosciutto 120g,£1.89,£1.58 per 100g,fresh_food,chilled_meats,2024-11-19
Crestwood Chicken Poppers 170g,£1.49,£0.88 per 100g,fresh_food,chilled_meats,2024-11-19
The Deli Spanish Meats & Cheese Selection 135g,£1.95,£1.44 per 100g,fresh_food,chilled_meats,2024-11-19
The Deli Italian Salami & Cheese Selection 120g,£1.95,£1.63 per 100g,fresh_food,chilled_meats,2024-11-19
Ham Trimmings 400g,£2.49,£0.62 per 100g,fresh_food,chilled_meats,2024-11-19
Everyday Essentials Hot & Spicy Chicken Breast Slices 2,£1.99,£0.83 per 100g,fresh_food,chilled_meats,2024-11-19
The Deli Italian Inspired Roma Ham 90g,£1.39,£1.54 per 100g,fresh_food,chilled_meats,2024-11-19
The Deli Italian Inspired Genoa Ham 90g,£1.39,£1.54 per 100g,fresh_food,chilled_meats,2024-11-19
The Deli Italian Inspired Sicily Ham 90g,£1.39,£1.54 per 100g,fresh_food,chilled_meats,2024-11-19
The Deli Italian Inspired Calabria Ham 90g,£1.39,£1.54 per 100g,fresh_food,chilled_meats,2024-11-19
Specially Selected British Farm Assured Roast Beef Tops,£2.19,£2.19 per 100g,fresh_food,chilled_meats,2024-11-19
The Deli German Peppered Roast Pork Loin 100g,£1.49,£1.49 per 100g,fresh_food,chilled_meats,2024-11-19
The Deli German Roast Pork Loin 100g,£1.49,£1.49 per 100g,fresh_food,chilled_meats,2024-11-19
The Deli Corned Beef 175g/5 Slices,£1.45,£0.83 per 100g,fresh_food,chilled_meats,2024-11-19
Ashfields Ready To Eat Cooked Whole Chicken 900g,£4.99,£0.53 per 100g,fresh_food,chilled_meats,2024-11-19
Ashfields Ready To Eat Roast Chicken Drumsticks 450g,£2.49,£0.55 per 100g,fresh_food,chilled_meats,2024-11-19
Ashfields Ready To Eat Roast Chicken Thighs 450g,£2.49,£0.55 per 100g,fresh_food,chilled_meats,2024-11-19
Ashfields Cooked Chicken Breast Slices 150g,£2.15,£1.43 per 100g,fresh_food,chilled_meats,2024-11-19
Eat & Go Hot Meatster Salami Snack 5x25g,£1.99,£1.59 per 100g,fresh_food,chilled_meats,2024-11-19
The Deli Classic Frankfurters 350g/10 Pack,£1.89,£0.54 per 100g,fresh_food,chilled_meats,2024-11-19
Ashfields British Cooked Chicken 300g,£2.19,£0.73 per 100g,fresh_food,chilled_meats,2024-11-19
Ashfields Roast British Topside Of Beef 130g,£1.95,£1.50 per 100g,fresh_food,chilled_meats,2024-11-19
Ashfields Roast British Peppered Topside Of Beef 130g,£1.95,£1.50 per 100g,fresh_food,chilled_meats,2024-11-19
The Deli German Salami & Smoked Cheese Selection 145g/3,£1.99,£1.37 per 100g,fresh_food,chilled_meats,2024-11-19
The Deli Pepperoni & Mozzarella Selection 130g,£1.99,£1.53 per 100g,fresh_food,chilled_meats,2024-11-19
The Deli Milano Salami Rich & Delicate 90g,£0.99,£1.10 per 100g,fresh_food,chilled_meats,2024-11-19
Ashfields Ready To Eat Corned Beef Slices 125g,£1.49,£1.19 per 100g,fresh_food,chilled_meats,2024-11-19
The Deli Spanish Serrano Ham 100g,£1.89,£1.89 per 100g,fresh_food,chilled_meats,2024-11-19
The Deli Smoked Mild Pepperoni 120g,£1.05,£0.88 per 100g,fresh_food,chilled_meats,2024-11-19
The Deli Hot Pepperoni 120g,£1.05,£0.88 per 100g,fresh_food,chilled_meats,2024-11-19
The Deli Italian Antipasto Selection 120g,£1.99,£1.66 per 100g,fresh_food,chilled_meats,2024-11-19
The Deli German Salami Slices 135g,£0.99,£0.73 per 100g,fresh_food,chilled_meats,2024-11-19
Despicable Me Cooked Pork Slices 100g/7 Pack,£0.99,£0.99 per 100g,fresh_food,chilled_meats,2024-11-19
Crestwood Savoury Snacks Southern Fried Chicken Straws,£1.49,£0.89 per 100g,fresh_food,chilled_meats,2024-11-19
The Deli Farmhouse Pâté With Mushroom 170g,£0.99,£0.58 per 100g,fresh_food,chilled_meats,2024-11-19
Everyday Essentials Chicken Tikka Breast Slices 240g,£1.99,£0.83 per 100g,fresh_food,chilled_meats,2024-11-19
The Deli Smooth Brussels Pâté 175g,£0.69,£0.39 per 100g,fresh_food,chilled_meats,2024-11-19
The Deli Coarse Ardennes Pâté 175g,£0.69,£0.39 per 100g,fresh_food,chilled_meats,2024-11-19
The Deli Smooth Reduced Fat Brussels Pâté 175g,£0.69,£0.39 per 100g,fresh_food,chilled_meats,2024-11-19
The Deli Spanish Tapas Selection 120g,£1.99,£1.66 per 100g,fresh_food,chilled_meats,2024-11-19
The Deli Spanish Chorizo Slices 120g,£0.99,£0.83 per 100g,fresh_food,chilled_meats,2024-11-19
The Deli German Smoked Brunswick Ham 100g,£1.19,£1.19 per 100g,fresh_food,chilled_meats,2024-11-19
The Deli Produced In Germany Frikadellen 500g,£2.89,£0.58 per 100g,fresh_food,chilled_meats,2024-11-19
The Deli Produced In Germany Meatballs 500g,£2.89,£0.58 per 100g,fresh_food,chilled_meats,2024-11-19
Plant Menu No Chicken Slices 100g,£1.49,£14.90 per kg,fresh_food,chilled_meats,2024-11-19
Plant Menu No Ham Slices 100g,£1.49,£14.90 per kg,fresh_food,chilled_meats,2024-11-19
Plant Menu Sweet Chilli Marinated Tofu 180g,£0.89,£4.94 per kg,fresh_food,chilled_meats,2024-11-19
The Deli German Salami 135g,£0.99,£0.73 per 100g,fresh_food,chilled_meats,2024-11-19
The Deli German Peppered Salami 135g,£0.99,£0.73 per 100g,fresh_food,chilled_meats,2024-11-19
Eat & Go Roasted Chicken Breast Chunks 80g,£0.99,£1.24 per 100g,fresh_food,chilled_meats,2024-11-19
Eat & Go Tandoori Style Chicken Breast Chunks 80g,£0.99,£1.24 per 100g,fresh_food,chilled_meats,2024-11-19
Eat & Go Snackin' Chicken Fillets 5x35g,£1.99,£1.14 per 100g,fresh_food,chilled_meats,2024-11-19
Eat & Go Snackin' Chicken BBQ Fillets 5x35g,£1.99,£1.14 per 100g,fresh_food,chilled_meats,2024-11-19
Ashfields Dry Cured British Breaded Ham 240g,£2.25,£0.94 per 100g,fresh_food,chilled_meats,2024-11-19
Ashfields Dry Cured British Honey Roast Ham 240g,£2.25,£0.94 per 100g,fresh_food,chilled_meats,2024-11-19
Ashfields British Wafer Thin Honey Roast Ham 375g/28 Pa,£3.49,£0.93 per 100g,fresh_food,chilled_meats,2024-11-19
Ashfields British Wafer Thin Cooked Ham 375g/28 Pack,£3.49,£0.93 per 100g,fresh_food,chilled_meats,2024-11-19
Ashfields British Dry Cured Oak Smoked Ham 240g/14 Pack,£2.25,£0.94 per 100g,fresh_food,chilled_meats,2024-11-19
Ashfields British Dry Cured Cooked Ham 240g/14 Pack,£2.25,£0.94 per 100g,fresh_food,chilled_meats,2024-11-19
Ashfields British Dry Cured Cooked Ham 120g/7 Pack,£1.49,£1.24 per 100g,fresh_food,chilled_meats,2024-11-19
Specially Selected Wiltshire Cured Finely Sliced Ham 24,£2.99,£1.25 per 100g,fresh_food,chilled_meats,2024-11-19
Specially Selected Scotch Salt Beef Finely Sliced 90g/6,£1.99,£2.21 per 100g,fresh_food,chilled_meats,2024-11-19
Specially Selected Scotch Roast Beef Finely Sliced 90g,£1.99,£2.21 per 100g,fresh_food,chilled_meats,2024-11-19
The Deli Classic Bratwurst 540g,£2.79,£0.52 per 100g,fresh_food,chilled_meats,2024-11-19
The Deli Chilli Bratwurst 540g,£2.79,£0.52 per 100g,fresh_food,chilled_meats,2024-11-19
Ashfields Flame Grilled Chicken Breast Mini Fillets 170,£2.49,£1.46 per 100g,fresh_food,chilled_meats,2024-11-19
Ashfields Tikka Chicken Breast Mini Fillets 170g,£2.49,£1.46 per 100g,fresh_food,chilled_meats,2024-11-19
Specially Selected Scotch Roast Beef Topside Slices 90g,£1.99,£2.21 per 100g,fresh_food,chilled_meats,2024-11-19
Ashfields British Cooked Ham 300g,£1.69,£0.56 per 100g,fresh_food,chilled_meats,2024-11-19
Ashfields Wafer Thin British Cooked Ham 120g,£1.49,£1.24 per 100g,fresh_food,chilled_meats,2024-11-19
The Deli Hot Pepperoni Pork Sausage 120g,£1.05,£0.88 per 100g,fresh_food,chilled_meats,2024-11-19
The Deli Mild Pepperoni Pork Sausage 120g,£1.05,£0.88 per 100g,fresh_food,chilled_meats,2024-11-19
Ashfields British Cooked Chicken 115g,£0.89,£0.77 per 100g,fresh_food,chilled_meats,2024-11-19
Ashfields British Cooked Beef 115g,£0.89,£0.77 per 100g,fresh_food,chilled_meats,2024-11-19
Ashfields Wafer Thin British Honey Roast Ham 120g,£1.49,£1.24 per 100g,fresh_food,chilled_meats,2024-11-19
Ashfields Dry Cured British Oak Smoked Ham 120g,£1.49,£1.24 per 100g,fresh_food,chilled_meats,2024-11-19
Specially Selected Applewood Smoked Finely Sliced Ham 1,£1.99,£1.66 per 100g,fresh_food,chilled_meats,2024-11-19
Specially Selected Blossom Honey Roast Finely Sliced Ha,£1.99,£1.66 per 100g,fresh_food,chilled_meats,2024-11-19
Ashfields Ready To Eat British Chicken Breast 120g,£1.49,£1.24 per 100g,fresh_food,chilled_meats,2024-11-19
Ashfields Ready To Eat British Turkey Breast 120g,£1.49,£1.24 per 100g,fresh_food,chilled_meats,2024-11-19
Specially Selected Spanish Tapas Platter 120g,£2.39,£1.99 per 100g,fresh_food,chilled_meats,2024-11-19
Specially Selected Italian Antipasti Platter 120g,£2.39,£1.99 per 100g,fresh_food,chilled_meats,2024-11-19
The Deli Spicy Salami Selection 120g,£1.99,£1.66 per 100g,fresh_food,chilled_meats,2024-11-19
The Deli Smoky Salami Selection 110g,£1.99,£1.81 per 100g,fresh_food,chilled_meats,2024-11-19
The Deli German Unsmoked Brunswick Ham 100g,£1.19,£1.19 per 100g,fresh_food,chilled_meats,2024-11-19
Ashfields British Breaded Ham 300g/14 Pack,£1.69,£0.56 per 100g,fresh_food,chilled_meats,2024-11-19
Specially Selected Scottish Roast Pork Slices 120g,£1.99,£1.66 per 100g,fresh_food,chilled_meats,2024-11-19
Everyday Essentials Roast Chicken Breast Fillets 235g,£1.99,£0.85 per 100g,fresh_food,chilled_meats,2024-11-19
Ashfields Dry Cured British Black Garlic Ham 120g,£1.49,£1.24 per 100g,fresh_food,chilled_meats,2024-11-19
Ashfields Dry Cured British Treacle & Ale Ham 120g,£1.49,£1.24 per 100g,fresh_food,chilled_meats,2024-11-19
Ashfields Wafer Thin British Roast Chicken 400g,£2.29,£0.57 per 100g,fresh_food,chilled_meats,2024-11-19
Eat & Go Satay Chicken Skewers 300g/30 Pack*,£3.99,£1.33 per 100g,fresh_food,chilled_meats,2024-11-19
Eat & Go Classic Salami Snacks 40g/8 Pack*,£0.99,£2.48 per 100g,fresh_food,chilled_meats,2024-11-19
Eat & Go Chilli Salami Snacks 40g/8 Pack*,£0.99,£2.48 per 100g,fresh_food,chilled_meats,2024-11-19
Delamere Roast Whole Chicken 0.82kg-1.08kg,£4.99,£0.55 per 100g,fresh_food,chilled_meats,2024-11-19
The Deli Spanish Diced Chorizo 130g,£1.49,£1.15 per 100g,fresh_food,chilled_meats,2024-11-19
The Deli Spanish Chorizo Coins 100g,£1.49,£1.49 per 100g,fresh_food,chilled_meats,2024-11-19
The Deli Pork & Apple Pâté 170g,£0.99,£0.58 per 100g,fresh_food,chilled_meats,2024-11-19
The Deli German Salami Slices 200g,£1.49,£0.75 per 100g,fresh_food,chilled_meats,2024-11-19
The Deli German Pepperoni Slices 200g,£1.49,£0.75 per 100g,fresh_food,chilled_meats,2024-11-19
The Deli Chilli Bratwurst 540g,£2.79,£0.52 per 100g,fresh_food,chilled_meats,2024-11-19
Ashfields Flame Grilled Chicken Breast Mini Fillets 170,£2.49,£1.46 per 100g,fresh_food,chilled_meats,2024-11-19
Ashfields Tikka Chicken Breast Mini Fillets 170g,£2.49,£1.46 per 100g,fresh_food,chilled_meats,2024-11-19
Specially Selected Scotch Roast Beef Topside Slices 90g,£1.99,£2.21 per 100g,fresh_food,chilled_meats,2024-11-19
Ashfields British Cooked Ham 300g,£1.69,£0.56 per 100g,fresh_food,chilled_meats,2024-11-19
Ashfields Wafer Thin British Cooked Ham 120g,£1.49,£1.24 per 100g,fresh_food,chilled_meats,2024-11-19
The Deli Hot Pepperoni Pork Sausage 120g,£1.05,£0.88 per 100g,fresh_food,chilled_meats,2024-11-19
The Deli Mild Pepperoni Pork Sausage 120g,£1.05,£0.88 per 100g,fresh_food,chilled_meats,2024-11-19
Ashfields British Cooked Chicken 115g,£0.89,£0.77 per 100g,fresh_food,chilled_meats,2024-11-19
Ashfields British Cooked Beef 115g,£0.89,£0.77 per 100g,fresh_food,chilled_meats,2024-11-19
Ashfields Wafer Thin British Honey Roast Ham 120g,£1.49,£1.24 per 100g,fresh_food,chilled_meats,2024-11-19
Ashfields Dry Cured British Oak Smoked Ham 120g,£1.49,£1.24 per 100g,fresh_food,chilled_meats,2024-11-19
Specially Selected Applewood Smoked Finely Sliced Ham 1,£1.99,£1.66 per 100g,fresh_food,chilled_meats,2024-11-19
Specially Selected Blossom Honey Roast Finely Sliced Ha,£1.99,£1.66 per 100g,fresh_food,chilled_meats,2024-11-19
Ashfields Ready To Eat British Chicken Breast 120g,£1.49,£1.24 per 100g,fresh_food,chilled_meats,2024-11-19
Ashfields Ready To Eat British Turkey Breast 120g,£1.49,£1.24 per 100g,fresh_food,chilled_meats,2024-11-19
Specially Selected Spanish Tapas Platter 120g,£2.39,£1.99 per 100g,fresh_food,chilled_meats,2024-11-19
Specially Selected Italian Antipasti Platter 120g,£2.39,£1.99 per 100g,fresh_food,chilled_meats,2024-11-19
The Deli Spicy Salami Selection 120g,£1.99,£1.66 per 100g,fresh_food,chilled_meats,2024-11-19
The Deli Smoky Salami Selection 110g,£1.99,£1.81 per 100g,fresh_food,chilled_meats,2024-11-19
The Deli German Unsmoked Brunswick Ham 100g,£1.19,£1.19 per 100g,fresh_food,chilled_meats,2024-11-19
Ashfields British Breaded Ham 300g/14 Pack,£1.69,£0.56 per 100g,fresh_food,chilled_meats,2024-11-19
Specially Selected Scottish Roast Pork Slices 120g,£1.99,£1.66 per 100g,fresh_food,chilled_meats,2024-11-19
Everyday Essentials Roast Chicken Breast Fillets 235g,£1.99,£0.85 per 100g,fresh_food,chilled_meats,2024-11-19
Ashfields Dry Cured British Black Garlic Ham 120g,£1.49,£1.24 per 100g,fresh_food,chilled_meats,2024-11-19
Ashfields Dry Cured British Treacle & Ale Ham 120g,£1.49,£1.24 per 100g,fresh_food,chilled_meats,2024-11-19
Ashfields Wafer Thin British Roast Chicken 400g,£2.29,£0.57 per 100g,fresh_food,chilled_meats,2024-11-19
Eat & Go Satay Chicken Skewers 300g/30 Pack*,£3.99,£1.33 per 100g,fresh_food,chilled_meats,2024-11-19
Eat & Go Classic Salami Snacks 40g/8 Pack*,£0.99,£2.48 per 100g,fresh_food,chilled_meats,2024-11-19
Eat & Go Chilli Salami Snacks 40g/8 Pack*,£0.99,£2.48 per 100g,fresh_food,chilled_meats,2024-11-19
Delamere Roast Whole Chicken 0.82kg-1.08kg,£4.99,£0.55 per 100g,fresh_food,chilled_meats,2024-11-19
The Deli Spanish Diced Chorizo 130g,£1.49,£1.15 per 100g,fresh_food,chilled_meats,2024-11-19
The Deli Spanish Chorizo Coins 100g,£1.49,£1.49 per 100g,fresh_food,chilled_meats,2024-11-19
The Deli Pork & Apple Pâté 170g,£0.99,£0.58 per 100g,fresh_food,chilled_meats,2024-11-19
The Deli German Salami Slices 200g,£1.49,£0.75 per 100g,fresh_food,chilled_meats,2024-11-19
The Deli German Pepperoni Slices 200g,£1.49,£0.75 per 100g,fresh_food,chilled_meats,2024-11-19
The Deli Chilli Bratwurst 540g,£2.79,£0.52 per 100g,fresh_food,chilled_meats,2024-11-19
Ashfields Flame Grilled Chicken Breast Mini Fillets 170,£2.49,£1.46 per 100g,fresh_food,chilled_meats,2024-11-19
Ashfields Tikka Chicken Breast Mini Fillets 170g,£2.49,£1.46 per 100g,fresh_food,chilled_meats,2024-11-19
Specially Selected Scotch Roast Beef Topside Slices 90g,£1.99,£2.21 per 100g,fresh_food,chilled_meats,2024-11-19
Ashfields British Cooked Ham 300g,£1.69,£0.56 per 100g,fresh_food,chilled_meats,2024-11-19
Ashfields Wafer Thin British Cooked Ham 120g,£1.49,£1.24 per 100g,fresh_food,chilled_meats,2024-11-19
The Deli Hot Pepperoni Pork Sausage 120g,£1.05,£0.88 per 100g,fresh_food,chilled_meats,2024-11-19
The Deli Mild Pepperoni Pork Sausage 120g,£1.05,£0.88 per 100g,fresh_food,chilled_meats,2024-11-19
Ashfields British Cooked Chicken 115g,£0.89,£0.77 per 100g,fresh_food,chilled_meats,2024-11-19
Ashfields British Cooked Beef 115g,£0.89,£0.77 per 100g,fresh_food,chilled_meats,2024-11-19
Ashfields Wafer Thin British Honey Roast Ham 120g,£1.49,£1.24 per 100g,fresh_food,chilled_meats,2024-11-19
Ashfields Dry Cured British Oak Smoked Ham 120g,£1.49,£1.24 per 100g,fresh_food,chilled_meats,2024-11-19
Specially Selected Applewood Smoked Finely Sliced Ham 1,£1.99,£1.66 per 100g,fresh_food,chilled_meats,2024-11-19
Specially Selected Blossom Honey Roast Finely Sliced Ha,£1.99,£1.66 per 100g,fresh_food,chilled_meats,2024-11-19
Ashfields Ready To Eat British Chicken Breast 120g,£1.49,£1.24 per 100g,fresh_food,chilled_meats,2024-11-19
Ashfields Ready To Eat British Turkey Breast 120g,£1.49,£1.24 per 100g,fresh_food,chilled_meats,2024-11-19
Specially Selected Spanish Tapas Platter 120g,£2.39,£1.99 per 100g,fresh_food,chilled_meats,2024-11-19
Specially Selected Italian Antipasti Platter 120g,£2.39,£1.99 per 100g,fresh_food,chilled_meats,2024-11-19
The Deli Spicy Salami Selection 120g,£1.99,£1.66 per 100g,fresh_food,chilled_meats,2024-11-19
The Deli Smoky Salami Selection 110g,£1.99,£1.81 per 100g,fresh_food,chilled_meats,2024-11-19
The Deli German Unsmoked Brunswick Ham 100g,£1.19,£1.19 per 100g,fresh_food,chilled_meats,2024-11-19
Ashfields British Breaded Ham 300g/14 Pack,£1.69,£0.56 per 100g,fresh_food,chilled_meats,2024-11-19
Specially Selected Scottish Roast Pork Slices 120g,£1.99,£1.66 per 100g,fresh_food,chilled_meats,2024-11-19
Everyday Essentials Roast Chicken Breast Fillets 235g,£1.99,£0.85 per 100g,fresh_food,chilled_meats,2024-11-19
Ashfields Dry Cured British Black Garlic Ham 120g,£1.49,£1.24 per 100g,fresh_food,chilled_meats,2024-11-19
Ashfields Dry Cured British Treacle & Ale Ham 120g,£1.49,£1.24 per 100g,fresh_food,chilled_meats,2024-11-19
Ashfields Wafer Thin British Roast Chicken 400g,£2.29,£0.57 per 100g,fresh_food,chilled_meats,2024-11-19
Eat & Go Satay Chicken Skewers 300g/30 Pack*,£3.99,£1.33 per 100g,fresh_food,chilled_meats,2024-11-19
Eat & Go Classic Salami Snacks 40g/8 Pack*,£0.99,£2.48 per 100g,fresh_food,chilled_meats,2024-11-19
Eat & Go Chilli Salami Snacks 40g/8 Pack*,£0.99,£2.48 per 100g,fresh_food,chilled_meats,2024-11-19
Delamere Roast Whole Chicken 0.82kg-1.08kg,£4.99,£0.55 per 100g,fresh_food,chilled_meats,2024-11-19
The Deli Spanish Diced Chorizo 130g,£1.49,£1.15 per 100g,fresh_food,chilled_meats,2024-11-19
The Deli Spanish Chorizo Coins 100g,£1.49,£1.49 per 100g,fresh_food,chilled_meats,2024-11-19
The Deli Pork & Apple Pâté 170g,£0.99,£0.58 per 100g,fresh_food,chilled_meats,2024-11-19
The Deli German Salami Slices 200g,£1.49,£0.75 per 100g,fresh_food,chilled_meats,2024-11-19
The Deli German Pepperoni Slices 200g,£1.49,£0.75 per 100g,fresh_food,chilled_meats,2024-11-19
Village Bakery White Tortilla Wraps 8x62g,£0.99,£0.12 each,bakery,bakery,2024-11-19
Village Bakery Toastie Thick Sliced White Bread 800g,£0.75,£0.09 per 100g,bakery,bakery,2024-11-19
Specially Selected Brioche Burger Buns 200g/4 Pack,£1.05,£0.26 each,bakery,bakery,2024-11-19
Hovis Soft White Medium 800g,£1.39,£0.17 per 100g,bakery,bakery,2024-11-19
Village Bakery Toasting Waffles 250g/12 Pack,£1.59,£0.13 each,bakery,bakery,2024-11-19
Village Bakery Mini White Tortilla Wraps 8x31g,£0.75,£0.09 each,bakery,bakery,2024-11-19
Specially Selected Seeded Brioche Burger Buns 200g/4 Pa,£1.05,£0.26 each,bakery,bakery,2024-11-19
Hovis Soft White Thick 800g,£1.39,£0.17 per 100g,bakery,bakery,2024-11-19
Village Bakery Original Bagels 425g/5 Pack,£0.79,£0.16 each,bakery,bakery,2024-11-19
Village Bakery Soft Sliced White Sandwich Thins 240g/6,£0.69,£0.12 each,bakery,bakery,2024-11-19
Village Bakery Brown Sandwich Thins 240g/6 Pack,£0.69,£0.12 each,bakery,bakery,2024-11-19
Village Bakery Both In One Tortilla Wraps 8x62g,£0.99,£0.12 each,bakery,bakery,2024-11-19
Hovis Tasty Wholemeal Medium 800g,£1.39,£0.17 per 100g,bakery,bakery,2024-11-19
Bon Appetit! Chocolate Filled Crêpes 180g/6 Pack,£1.29,£0.22 each,bakery,bakery,2024-11-19
Village Bakery Sliced White Hot Dog Rolls 348g/6 Pack,£0.89,£0.15 each,bakery,bakery,2024-11-19
Village Bakery Toaster Crumpets 6 Pack,£1.15,£0.19 each,bakery,bakery,2024-11-19
Specially Selected Sourdough Crumpets 6 Pack,£0.95,£0.16 each,bakery,bakery,2024-11-19
Specially Selected Marc De Champagne Christmas Pudding,£4.99,£12.48 per kg,bakery,bakery,2024-11-19
Specially Selected Italian Panettone Classic 100g,£1.49,£14.90 per kg,bakery,bakery,2024-11-19
Specially Selected Chocolate Panettone 100g,£1.49,£14.90 per kg,bakery,bakery,2024-11-19
Village Bakery White Rolls 390g/6 Pack,£0.49,£0.08 each,bakery,bakery,2024-11-19
Village Bakery Wholemeal Rolls 390g/6 Pack,£0.49,£0.08 each,bakery,bakery,2024-11-19
Specially Selected Belgian Chocolate & Salted Caramel C,£14.99,£15.95 per kg,bakery,bakery,2024-11-19
Village Bakery Jam Doughnuts 4x70g,£1.39,£0.35 each,bakery,bakery,2024-11-19
Specially Selected Lemon Iced Doughnuts 4 Pack,£1.99,£0.50 each,bakery,bakery,2024-11-19
Specially Selected Caramel Iced Doughnuts 4x70g,£1.99,£0.50 each,bakery,bakery,2024-11-19
Bon Appetit! Chocolate Chip Brioche Rolls 280g/8 Pack,£1.09,£0.14 each,bakery,bakery,2024-11-19
Village Bakery White Toasting Muffins 264g/4 Pack,£0.69,£0.17 each,bakery,bakery,2024-11-19
Village Bakery Both In One Sandwich Thins 6 Pack/6 Pack,£0.69,£0.12 each,bakery,bakery,2024-11-19
Village Bakery Italian Style Metro Rolls 4x100g,£1.49,£0.37 each,bakery,bakery,2024-11-19
McGregor's Bakehouse Peppermint Slices 4 Pack,£1.39,£0.35 each,bakery,bakery,2024-11-19
Inspired Cuisine Panini Rolls 360g/4 Pack,£1.19,£0.30 each,bakery,bakery,2024-11-19
Holly Lane Cuthbert Caterpillar Cake 625g,£6.49,£10.38 per kg,bakery,bakery,2024-11-19
Warburtons Crumpets 6 Pack,£0.79,£0.13 each,bakery,bakery,2024-11-19
Village Bakery So Malty Malt Loaf 280g,£0.99,£0.35 per 100g,bakery,bakery,2024-11-19
Tan Y Castell Welshcakes 6 Pack,£1.09,£0.18 each,bakery,bakery,2024-11-19
Village Bakery Cinnamon Buns 2x96g,£1.25,£0.63 each,bakery,bakery,2024-11-19
Village Bakery The Great Tiger Bloomer 400g,£0.99,£0.25 per 100g,bakery,bakery,2024-11-19
Holly Lane Double Chocolate Swiss Roll 228g,£1.35,£0.53 per 100g,bakery,bakery,2024-11-19
Bon Appetit! All Butter Croissants 440g/8 Pack,£2.69,£0.61 per 100g,bakery,bakery,2024-11-19
Holly Lane Marzipan Stollen 750g,£3.49,£4.65 per kg,bakery,bakery,2024-11-19
Holly Lane Cupcake Party Platter 636g/12 Pack,£4.79,£0.40 each,bakery,bakery,2024-11-19
Specially Selected Rich & Buttery 6 Frangipane Mince Pi,£2.59,£0.43 each,bakery,bakery,2024-11-19
Village Bakery Chocolate Chunk Muffins 4 Pack,£1.35,£0.34 each,bakery,bakery,2024-11-19
Village Bakery Cheesy Topped Rolls 4x75g,£1.35,£0.34 each,bakery,bakery,2024-11-19
Holly Lane 6 Month Matured Christmas Pudding 400g,£1.99,£4.98 per kg,bakery,bakery,2024-11-19
Bon Appetit! Milk Brioche Rolls 350g/10 Pack,£1.39,£0.14 each,bakery,bakery,2024-11-19
Mr Kipling 6 Christmas Slices 6 X Christmas Slices,£1.99,£0.33 each,bakery,bakery,2024-11-19
Holly Lane 6 Month Matured Christmas Pudding 100g,£0.89,£8.90 per kg,bakery,bakery,2024-11-19
Holly Lane 6 Month Matured Christmas Pudding 800g,£3.79,£4.74 per kg,bakery,bakery,2024-11-19
Belmont Danish Traditional Butter Cookies 340g,£2.79,£0.82 per 100g,bakery,bakery,2024-11-19
Specially Selected All Butter Almond Mince Tarts 290g/6,£2.59,£0.43 each,bakery,bakery,2024-11-19
Inspired Cuisine Ciabatta Rolls 360g/4 Pack,£1.19,£0.30 each,bakery,bakery,2024-11-19
Everyday Essentials Medium Sliced White Bread 800g,£0.47,£0.06 per 100g,bakery,bakery,2024-11-19
Everyday Essentials Medium Sliced Wholemeal Bread 800g,£0.47,£0.06 per 100g,bakery,bakery,2024-11-19
Village Bakery Bake At Home White Rolls 300g/4 Pack,£0.85,£0.21 each,bakery,bakery,2024-11-19
Village Bakery Chocolate Flavour Filled Waffles 272g/8,£1.59,£0.20 each,bakery,bakery,2024-11-19
Holly Lane Triple Chocolate Muffins 4 Pack,£1.35,£0.34 each,bakery,bakery,2024-11-19
Village Bakery Blueberry Muffins 4 Pack,£1.35,£0.34 each,bakery,bakery,2024-11-19
Dairyfine Chocolate Mini Rolls 260g,£1.29,£0.13 each,bakery,bakery,2024-11-19
Holly Lane Viennese Whirls 165g/6 Pack,£1.09,£0.18 each,bakery,bakery,2024-11-19
Holly Lane Angel Slices 165g/6 Pack,£0.99,£0.17 each,bakery,bakery,2024-11-19
Holly Lane Walnut Cake 306g,£1.29,£0.42 per 100g,bakery,bakery,2024-11-19
Holly Lane Madeira Cake 280g,£1.29,£0.46 per 100g,bakery,bakery,2024-11-19
Holly Lane Angel Cake 250g,£1.29,£0.52 per 100g,bakery,bakery,2024-11-19
Specially Selected Brioche Hot Dog Rolls 270g/6 Pack,£1.39,£0.23 each,bakery,bakery,2024-11-19
Specially Selected Strawberry & Clotted Cream Flavour S,£1.49,£5.42 per kg,bakery,bakery,2024-11-19
Specially Selected Sicilian Lemon Swiss Roll 275g,£1.49,£5.42 per kg,bakery,bakery,2024-11-19
Holly Lane Fruit Tea Loaf 500g,£2.19,£0.44 per 100g,bakery,bakery,2024-11-19
Holly Lane Irish Whiskey Cake 490g,£2.19,£0.44 per 100g,bakery,bakery,2024-11-19
Village Bakery White Rolls 670g/12 Pack,£1.29,£0.11 each,bakery,bakery,2024-11-19
Specially Selected Deliciously Sweet Caramel Crispy Min,£2.25,£1.07 per 100g,bakery,bakery,2024-11-19
Specially Selected White Sourdough Loaf 500g,£1.69,£0.34 per 100g,bakery,bakery,2024-11-19
Specially Selected Irresistibly Tasty Marshmallow Brown,£2.25,£0.68 per 100g,bakery,bakery,2024-11-19
Specially Selected Bake At Home Baguettes With Sourdoug,£1.39,£0.70 each,bakery,bakery,2024-11-19
Bon Appetit! Pains Au Chocolat 8x45g,£1.29,£0.16 each,bakery,bakery,2024-11-19
Bon Appetit! Vanilla Marble Brioche 400g,£2.19,£5.48 per kg,bakery,bakery,2024-11-19
Bon Appetit! Chocolate Marble Brioche 400g,£2.19,£5.48 per kg,bakery,bakery,2024-11-19
Bon Appetit! Chocolate Chip Brioche Swirls 6x50g,£1.75,£0.29 each,bakery,bakery,2024-11-19
Bon Appetit! Raisin Brioche Swirls 6x50g,£1.75,£0.29 each,bakery,bakery,2024-11-19
Bon Appetit! Sliced Brioche Loaf 500g,£1.69,£3.38 per kg,bakery,bakery,2024-11-19
Village Bakery Mini Blueberry Muffins 380g/16 Pack,£1.75,£0.11 each,bakery,bakery,2024-11-19
Holly Lane Mini Chocolate Chip Muffins 336g/16 Pack,£1.75,£0.11 each,bakery,bakery,2024-11-19
Holly Lane Mini Double Chocolate Muffins 336g/16 Pack,£1.75,£0.11 each,bakery,bakery,2024-11-19
Village Bakery Caramel Shortcake Slices 200g/4 Pack,£1.45,£0.36 each,bakery,bakery,2024-11-19
Village Bakery Iced Belgian Buns 200g/2 Pack,£1.09,£0.55 each,bakery,bakery,2024-11-19
Village Bakery Super Soft Seeded Wraps 8 Pack,£0.99,£0.12 each,bakery,bakery,2024-11-19
Village Bakery Wholemeal Tortilla Wraps 8x62g,£0.99,£2.00 per kg,bakery,bakery,2024-11-19
Specially Selected Rocky Road Mini Bites 220g,£2.25,£1.02 per 100g,bakery,bakery,2024-11-19
Holly Lane Bakewell Slices 175g/6 Pack,£1.09,£0.18 each,bakery,bakery,2024-11-19
Village Bakery Plain Bagel Thins 6 Pack/6 Pack,£1.19,£0.20 each,bakery,bakery,2024-11-19
Specially Selected All Butter Scones 260g/4 Pack,£1.59,£0.40 each,bakery,bakery,2024-11-19
Specially Selected Sultana All Butter Scones 300g/4 Pac,£1.59,£0.40 each,bakery,bakery,2024-11-19
Village Bakery White Oven Bottom Muffins 272g/4 Pack,£0.65,£0.16 each,bakery,bakery,2024-11-19
Village Bakery Seeded Sliced Bloomer Bread 800g,£1.39,£0.17 per 100g,bakery,bakery,2024-11-19
Village Bakery Crumpets 336g/6 Pack,£0.45,£0.08 each,bakery,bakery,2024-11-19
Specially Selected Light & Flaky All Butter Croissants,£1.95,£0.49 each,bakery,bakery,2024-11-19
Village Bakery Tiger Bloomer Sliced Bread 800g,£1.39,£0.17 per 100g,bakery,bakery,2024-11-19
Village Bakery Wholemeal Rustic Bloomer Sliced Bread 40,£0.99,£0.25 per 100g,bakery,bakery,2024-11-19
Village Bakery Medium Sliced White Bread 800g,£0.74,£0.09 per 100g,bakery,bakery,2024-11-19
Village Bakery Soft White Farmhouse Loaf 800g,£0.85,£0.11 per 100g,bakery,bakery,2024-11-19
Village Bakery Classic Sliced Malted Bloomer Loaf 800g,£1.39,£0.17 per 100g,bakery,bakery,2024-11-19
Brownings The Bakers Large Buttermilk Pancakes 4 Pack,£0.89,£0.22 each,bakery,bakery,2024-11-19
Authentic Scottish Bakeries Scotch Pancakes 6x30g,£0.59,£0.10 each,bakery,bakery,2024-11-19
Authentic Scottish Bakeries Well Fired Rolls 200g/4 Pac,£0.79,£0.20 each,bakery,bakery,2024-11-19
Belmont Jaffa Cake Bars 123g/5 Pack,£0.99,£0.20 each,bakery,bakery,2024-11-19
Village Bakery Soft White Pittas 360g/6 Pack,£0.50,£0.08 each,bakery,bakery,2024-11-19
Village Bakery Wholemeal Pittas 360g/6 Pack,£0.50,£0.08 each,bakery,bakery,2024-11-19
McGregor's Bakehouse Honeycomb Caramel Shortcake 170g,£1.39,£0.35 each,bakery,bakery,2024-11-19
Village Bakery Bake At Home White Dinner Rolls 560g/8 P,£1.89,£0.24 each,bakery,bakery,2024-11-19
Village Bakery Bake At Home Seeded Dinner Rolls 560g/8,£1.89,£0.24 each,bakery,bakery,2024-11-19
Specially Selected Dark Rye Sourdough Loaf 500g,£1.69,£0.34 per 100g,bakery,bakery,2024-11-19
Village Bakery Soft White Large Baps 4 Pack,£0.69,£0.17 each,bakery,bakery,2024-11-19
Village Bakery Soft Wholemeal Large Baps 4 Pack,£0.69,£0.17 each,bakery,bakery,2024-11-19
Mothers Pride Scottish Plain Medium Cut 800g,£1.19,£0.15 per 100g,bakery,bakery,2024-11-19
Brace's Medium White Sliced Bread 800g,£1.35,£0.17 per 100g,bakery,bakery,2024-11-19
Brace's Family Bread Thick White Sliced Bread 800g,£1.35,£0.17 per 100g,bakery,bakery,2024-11-19
The Country Bakehouse Four Eccles Cakes 4 Pack,£1.69,£0.42 each,bakery,bakery,2024-11-19
Authentic Scottish Bakeries Cherry Scones 280g/4 Pack,£1.09,£0.27 each,bakery,bakery,2024-11-19
Village Bakery Lightly Seeded Loaf 800g,£0.85,£0.11 per 100g,bakery,bakery,2024-11-19
Village Bakery Sesame Bagels 425g/5 Pack,£0.99,£0.20 each,bakery,bakery,2024-11-19
Village Bakery Scottish Plain Bread Medium Cut 800g,£0.99,£0.12 per 100g,bakery,bakery,2024-11-19
Authentic Scottish Bakeries Scottish Plain Thick Cut Wh,£0.99,£0.12 per 100g,bakery,bakery,2024-11-19
Bon Appetit! Croissants 320g,£1.39,£0.17 each,bakery,bakery,2024-11-19
Authentic Scottish Bakeries Sultana Scones 240g/4 Pack,£0.89,£0.22 each,bakery,bakery,2024-11-19
Authentic Scottish Bakeries Plain Scones 240g/4 Pack,£0.89,£0.22 each,bakery,bakery,2024-11-19
Specially Selected Seeded Sourdough Loaf 500g,£1.69,£0.34 per 100g,bakery,bakery,2024-11-19
Holly Lane Chocolate Chip Cake Bars 130g/5 Pack,£0.75,£0.15 each,bakery,bakery,2024-11-19
Bilash Plain Naan Breads 260g/2 Pack,£0.69,£0.35 each,bakery,bakery,2024-11-19
Inspired Cuisine Garlic & Coriander Naans 260g/2 Pack,£0.69,£0.35 each,bakery,bakery,2024-11-19
Warbootons Medium Soft White 800g,£1.40,£0.18 per 100g,bakery,bakery,2024-11-19
Warbootons Soft Thick White Toastie 800g,£1.40,£0.18 per 100g,bakery,bakery,2024-11-19
Warburtons Toastie Soft Thick White 400g,£0.99,£0.25 per 100g,bakery,bakery,2024-11-19
Warburtons Medium Sliced Wholemeal 400g,£0.99,£0.25 per 100g,bakery,bakery,2024-11-19
Kingsmill 50/50 Medium Bread 800g,£1.30,£0.16 per 100g,bakery,bakery,2024-11-19
Authentic Scottish Bakeries White Sub Rolls 340g/4 Pack,£0.85,£0.21 each,bakery,bakery,2024-11-19
Authentic Scottish Bakeries Wholemeal Sub Rolls 320g/4,£0.85,£0.21 each,bakery,bakery,2024-11-19
McGregor's Bakehouse Caramel Shortcake 200g,£1.45,£0.36 each,bakery,bakery,2024-11-19
Authentic Scottish Bakeries Scottish Morning Rolls 4 Pa,£0.69,£0.17 each,bakery,bakery,2024-11-19
Authentic Scottish Bakeries Finger Rolls 6 Pack,£0.75,£0.13 each,bakery,bakery,2024-11-19
Village Bakery Splendid Seeds Sliced White Bread 800g,£1.29,£0.16 per 100g,bakery,bakery,2024-11-19
Authentic Scottish Bakeries Potato Scones 6x40g,£0.75,£0.13 each,bakery,bakery,2024-11-19
Authentic Scottish Bakeries Buttermilk Soda Farls 180g/,£0.99,£0.50 each,bakery,bakery,2024-11-19
Authentic Scottish Bakeries Scottish Butteries 4 Pack,£0.99,£0.25 each,bakery,bakery,2024-11-19
Authentic Scottish Bakeries Large Scottish Crumpets 345,£0.95,£0.16 each,bakery,bakery,2024-11-19
Dairyfine Titan Cake Bars 132g/5 Pack,£0.99,£0.20 each,bakery,bakery,2024-11-19
McGregor's Bakehouse Madeira Cake 320g,£1.35,£1.35 each,bakery,bakery,2024-11-19
McGregor's Bakehouse Sultana Cake 320g,£1.35,£1.35 each,bakery,bakery,2024-11-19
McGregor's Bakehouse Cherry Cake 320g,£1.35,£1.35 each,bakery,bakery,2024-11-19
McGregor's Bakehouse Raspberry Butterfly Cakes 6x35g,£1.39,£0.23 each,bakery,bakery,2024-11-19
Authentic Scottish Bakeries Mature Cheddar Cheese Scone,£1.09,£0.27 each,bakery,bakery,2024-11-19
Village Bakery Both In One Sliced Bread 800g,£0.75,£0.09 per 100g,bakery,bakery,2024-11-19
Specially Selected Superseed Farmhouse Sliced White Bre,£1.09,£0.14 per 100g,bakery,bakery,2024-11-19
Bon Appetit! Plain Sugar Waffles 275g/5 Pack,£1.25,£0.25 each,bakery,bakery,2024-11-19
Bon Appetit! Chocolate Sugar Waffles 300g/5 Pack,£1.25,£0.25 each,bakery,bakery,2024-11-19
Village Bakery Medium Sliced Wholemeal Bread 800g,£0.75,£0.09 per 100g,bakery,bakery,2024-11-19
Village Bakery Fruit Loaf 400g,£1.09,£0.27 per 100g,bakery,bakery,2024-11-19
Village Bakery Bake At Home White Baguettes 300g/2 Pack,£0.85,£0.43 each,bakery,bakery,2024-11-19
Village Bakery Scotch Pancakes 192g/6 Pack,£0.49,£0.08 each,bakery,bakery,2024-11-19
Specially Selected Luxury Fruited Hot Cross Buns 260g/4,£1.35,£0.34 each,bakery,bakery,2024-11-19
Specially Selected Lemon Drizzle Cake 399g,£2.25,£5.64 per kg,bakery,bakery,2024-11-19
Choceur Milk Chocolate Cake Bars 107g/5 Pack,£0.99,£0.20 each,bakery,bakery,2024-11-19
Specially Selected Victoria Sponge Cake 350g,£2.25,£6.43 per 100g,bakery,bakery,2024-11-19
Village Bakery High Protein Banana Pancakes 200g/4 Pack,£1.35,£0.34 each,bakery,bakery,2024-11-19
Holly Lane Oaty Flapjack 80g,£0.69,£0.86 per 100g,bakery,bakery,2024-11-19
Holly Lane Chocolate Chip Flapjack 80g,£0.69,£0.86 per 100g,bakery,bakery,2024-11-19
Village Bakery Victoria Mini Sandwich Cakes 160g,£1.99,£0.50 each,bakery,bakery,2024-11-19
Village Bakery Shortbread Mini Bites 240g/20 Pack,£1.75,£0.09 each,bakery,bakery,2024-11-19
Village Bakery Milk Chocolate Flapjack Mini Bites 300g/,£1.75,£0.09 each,bakery,bakery,2024-11-19
Village Bakery Metro Rolls 400g/4 Pack,£1.49,£0.37 each,bakery,bakery,2024-11-19
Village Bakery High Protein Bagel Thins 360g/4 Pack,£1.19,£0.30 each,bakery,bakery,2024-11-19
Specially Selected Lemon Curd Iced Buns 158g/2 Pack,£1.65,£0.83 each,bakery,bakery,2024-11-19
Village Bakery High Protein Flame Baked Flatbreads 320g,£1.49,£0.37 each,bakery,bakery,2024-11-19
Specially Selected Smoked Garlic And Parsley Flatbreads,£1.49,£0.75 each,bakery,bakery,2024-11-19
Village Bakery Greek Style Flame Baked Flatbreads 320g/,£1.49,£0.37 each,bakery,bakery,2024-11-19
Village Bakery Lemon Filled Muffins 276g/4 Pack,£1.35,£0.35 each,bakery,bakery,2024-11-19
Holly Lane Mini Rainbow Cupcakes 9 Pack,£1.99,£0.22 each,bakery,bakery,2024-11-19
Warburtons 6 Sliced Soft White Rolls 6 X Soft White Rol,£1.20,£0.20 each,bakery,bakery,2024-11-19
Specially Selected Traditional Crème Brûlée Nougat 100g,£1.99,£1.99 per 100g,bakery,bakery,2024-11-19
Specially Selected Traditional Almond & Hazelnut Nougat,£1.99,£1.99 per 100g,bakery,bakery,2024-11-19
Village Bakery Extra Thick Sliced White Bread 800g,£0.75,£0.09 per 100g,bakery,bakery,2024-11-19
Riya's Original Recipe Plain Naan Bread 2x200g,£1.49,£0.75 each,bakery,bakery,2024-11-19
Riya's Original Recipe Garlic & Coriander Naan Bread 2x,£1.49,£0.75 each,bakery,bakery,2024-11-19
Lees 12 Mini Snowballs 135g,£0.99,£0.08 each,bakery,bakery,2024-11-19
Specially Selected Traditional Mixed Berries Nougat 100,£1.99,£1.99 per 100g,bakery,bakery,2024-11-19
Specially Selected Rich Iced Fruit Cake 400g,£3.29,£8.23 per kg,bakery,bakery,2024-11-19
Holly Lane Raspberry Swiss Roll 245g,£1.35,£0.53 per 100g,bakery,bakery,2024-11-19
Specially Selected Classic Panettone 750g,£4.99,£6.65 per kg,bakery,bakery,2024-11-19
Specially Selected Chocolate Panettone 750g,£4.99,£6.65 per kg,bakery,bakery,2024-11-19
Specially Selected 24 Month Matured Christmas Pudding 4,£4.49,£11.23 per kg,bakery,bakery,2024-11-19
Everyday Essentials Strawberry & Vanilla Flavour Mini R,£0.75,£0.13 each,bakery,bakery,2024-11-19
Specially Selected Caramelised Biscuit Bombe 227g,£2.49,£10.97 per kg,bakery,bakery,2024-11-19
Specially Selected Millionaires Bombe 227g,£2.49,£10.97 per kg,bakery,bakery,2024-11-19
Specially Selected 24 Month Matured Christmas Pudding 1,£1.29,£12.90 per kg,bakery,bakery,2024-11-19
Specially Selected 24 Month Matured Christmas Pudding 8,£7.49,£9.36 per kg,bakery,bakery,2024-11-19
Holly Lane Snowy Choc Blocks Mini Bites 180g,£1.99,£11.06 per kg,bakery,bakery,2024-11-19
Holly Lane Spotted Dick Sponge Pudding 100g,£0.89,£8.90 per kg,bakery,bakery,2024-11-19
Holly Lane Raspberry Jam Sponge Pudding 100g,£0.89,£8.90 per kg,bakery,bakery,2024-11-19
Village Bakery Protein Salted Caramel Pancakes 4 Pack,£1.35,£0.34 each,bakery,bakery,2024-11-19
Village Bakery Pumpkin Spice Buns 2 Pack,£1.49,£0.75 each,bakery,bakery,2024-11-19
Village Bakery Rosemary & Rock Salt Focaccia 2 Pack,£1.59,£0.80 each,bakery,bakery,2024-11-19
Village Bakery Apple Turnovers 200g,£1.49,£0.37 each,bakery,bakery,2024-11-19
Dairyfine Triple Chocolate Cookies 4 Pack,£1.39,£0.35 each,bakery,bakery,2024-11-19
Village Bakery Toffee Filled Muffins 4 Pack,£1.35,£0.35 each,bakery,bakery,2024-11-19
Village Bakery Dino Crumpets 4 Pack,£1.15,£0.29 each,bakery,bakery,2024-11-19
Village Bakery Chilli Cheese Topped Rolls 4 Pack,£1.35,£0.34 each,bakery,bakery,2024-11-19
Choceur Caramel Cookies 4 Pack,£1.39,£0.35 each,bakery,bakery,2024-11-19
Specially Selected Orange & Maple Christmas Pudding 800,£9.99,£1.25 per 100g,bakery,bakery,2024-11-19
Specially Selected Caramel Panettone Sponge Pudding 450,£6.49,£14.42 per kg,bakery,bakery,2024-11-19
Specially Selected Burnt Caramel & Rum Flavour Christma,£4.99,£12.48 per kg,bakery,bakery,2024-11-19
Specially Selected Rich Iced Fruit Cake 907g,£8.49,£9.36 per kg,bakery,bakery,2024-11-19
Specially Selected All Butter Jamaican Rum Mince Tarts,£2.59,£0.43 each,bakery,bakery,2024-11-19
Specially Selected Chocolate Smash Dome Cake 921g,£14.99,£16.28 per kg,bakery,bakery,2024-11-19
Village Bakery High Protein Tortilla Wraps 366g/6 Pack,£0.99,£2.70 per kg,bakery,bakery,2024-11-19
Holly Lane Monster Mini Cupcakes 9 Pack,£1.99,£0.22 each,bakery,bakery,2024-11-19
Holly Lane Bramley Apple Pies 315g/6 Pack,£1.29,£0.22 each,bakery,bakery,2024-11-19
Holly Lane Cherry Bakewells 250g/6 Pack,£1.19,£0.20 each,bakery,bakery,2024-11-19
Howell's Six Jammy Joeys 6 X Jammy Joeys,£1.49,£0.25 each,bakery,bakery,2024-11-19
Brownings The Bakers Super Seeded Deli Rolls 4 Pack,£0.89,£0.22 each,bakery,bakery,2024-11-19
Nutoka Flavour Pancakes 4 Pack,£1.49,£0.37 each,bakery,bakery,2024-11-19
Specially Selected Chocolate & Hazelnut Stollen Wreath,£12.99,£15.46 per kg,bakery,bakery,2024-11-19
Village Bakery Hand Stretched Sourdough Pizza Base 230g,£1.59,£0.69 per 100g,bakery,bakery,2024-11-19
Village Bakery Time To Party Cupcake Platter 12 Pack,£4.79,£0.40 each,bakery,bakery,2024-11-19
Mathiesons 4 Pineapple Tarts 4 X Pineapple Tarts,£1.39,£0.35 each,bakery,bakery,2024-11-19
Village Bakery Tiger Rolls 4 Pack,£0.99,£0.25 each,bakery,bakery,2024-11-19
Mathiesons 4 Assorted Tarts 4 Pack,£1.39,£0.35 each,bakery,bakery,2024-11-19
McGregor's Bakehouse Lemon Cake 320g,£1.35,£1.35 each,bakery,bakery,2024-11-19
Dairyfine Chocums Cookies 4x60g/4 Pack,£1.39,£0.35 each,bakery,bakery,2024-11-19
Dairyfine Giant Buttons Cookies 4x60g/4 Pack,£1.39,£0.35 each,bakery,bakery,2024-11-19
Authentic Scottish Bakeries Oat Topped Deli Rolls 240g/,£0.89,£0.22 each,bakery,bakery,2024-11-19
Village Bakery White Sliced Burger Buns 300g/6 Pack,£1.09,£0.18 each,bakery,bakery,2024-11-19
Village Bakery White Sliced Seeded Burger Buns 300g/6 P,£1.09,£0.18 each,bakery,bakery,2024-11-19
Village Bakery Cluster Mini Bites 20 Pack,£1.75,£0.09 each,bakery,bakery,2024-11-19
Specially Selected Chocolate Cake 413g,£2.25,£5.45 per kg,bakery,bakery,2024-11-19
Village Bakery Flapjack Mini Bites 20 Pack,£1.75,£0.09 each,bakery,bakery,2024-11-19
Village Bakery Chocolate Brownie Mini Bites 20 Pack,£1.75,£0.09 each,bakery,bakery,2024-11-19
Hovis Best Of Both Medium 800g,£1.25,£0.16 per 100g,bakery,bakery,2024-11-19
Village Bakery Mini Flapjack Bites 280g/20 Pack,£1.75,£0.09 each,bakery,bakery,2024-11-19
Village Bakery Gooey & Rich Mini Brownie Bites 228g/20,£1.75,£0.09 each,bakery,bakery,2024-11-19
Village Bakery Caramel Shortcake Mini Bites 244g/20 Pac,£1.75,£0.09 each,bakery,bakery,2024-11-19
Holly Lane Deep Filled Mince Pies 290g/6 Pack,£1.25,£0.21 each,bakery,bakery,2024-11-19
Holly Lane Iced Mince Pies 295g/6 Pack,£1.59,£0.27 each,bakery,bakery,2024-11-19
Holly Lane Iced Fruit Cake 400g,£2.49,£6.23 per kg,bakery,bakery,2024-11-19
Village Bakery Wholemeal Toasting Muffins 260g/4 Pack,£0.69,£0.17 each,bakery,bakery,2024-11-19
Village Bakery White Toastie Sliced Bread 400g,£0.59,£0.15 per 100g,bakery,bakery,2024-11-19
Village Bakery Wholemeal Medium Sliced Bread 400g,£0.59,£0.15 per 100g,bakery,bakery,2024-11-19
Holly Lane Assorted Jam Tarts 180g/6 Pack,£0.95,£0.16 each,bakery,bakery,2024-11-19
Holly Lane Snowy Road Mini Bites 200g,£1.99,£9.95 per kg,bakery,bakery,2024-11-19
Holly Lane Chocolate Orange Rocky Road Bites 176g,£1.99,£11.31 per kg,bakery,bakery,2024-11-19
Village Bakery Croissants With Hazelnut & Cocoa Filling,£1.49,£0.30 each,bakery,bakery,2024-11-19
Specially Selected Traditional Pistachio Nougat 100g,£1.99,£1.99 per 100g,bakery,bakery,2024-11-19
Holly Lane Authentic Apple Stollen Bites 300g,£2.99,£9.97 per kg,bakery,bakery,2024-11-19
Holly Lane Authentic Marzipan Stollen Bites 350g,£2.99,£8.54 per kg,bakery,bakery,2024-11-19
Holly Lane Puff Pastry Mince Pies 300g/6 Pack,£1.99,£0.33 each,bakery,bakery,2024-11-19
Specially Selected Ballycastle Mince Pies 297g/6 Pack,£2.59,£0.43 each,bakery,bakery,2024-11-19
"Specially Selected Traditional Rum Flavour, Raisins & D",£1.99,£1.99 per 100g,bakery,bakery,2024-11-19
Belmont Milk Chocolate Lebkuchen Hearts 300g,£1.45,£0.48 per 100g,bakery,bakery,2024-11-19
Belmont Authentic Milk Chocolate Lebkuchen 200g,£1.49,£0.75 per 100g,bakery,bakery,2024-11-19
Belmont Authentic German Dark Chocolate Lebkuchen 200g,£1.49,£0.75 per 100g,bakery,bakery,2024-11-19
Belmont Dark Chocolate Lebkuchen Hearts 300g,£1.45,£0.48 per 100g,bakery,bakery,2024-11-19
Specially Selected Triple Chocolate Tiffin 180g/4 Pack,£1.89,£0.47 each,bakery,bakery,2024-11-19
Specially Selected Salted Caramel Millionaire's Shortbr,£1.89,£0.47 each,bakery,bakery,2024-11-19
Dairyfine Dreemy Cake Bars 117g/5 Pack,£0.99,£0.20 each,bakery,bakery,2024-11-19
Specially Selected Millionaire's Crumble Mince Pies 290,£2.59,£0.43 each,bakery,bakery,2024-11-19
Village Bakery Crumpet Thins 168g/6 Pack,£0.99,£0.17 each,bakery,bakery,2024-11-19
Specially Selected Rich Fruit Cake 800g,£5.99,£7.49 per kg,bakery,bakery,2024-11-19
Specially Selected Caramelised Apple Crumble Mince Tart,£2.59,£0.43 each,bakery,bakery,2024-11-19
Holly Lane Vanilla Flavour Sponge Party Cakes 345g/12 P,£1.89,£0.16 each,bakery,bakery,2024-11-19
Specially Selected 9 Month Matured Christmas Pudding 10,£1.29,£12.90 per kg,bakery,bakery,2024-11-19
Village Bakery Mini Chocolate Cupcakes 207g/9 Pack,£1.75,£0.19 each,bakery,bakery,2024-11-19
Village Bakery Berry Mini Cupcakes 207g/9 Pack,£1.75,£0.19 each,bakery,bakery,2024-11-19
Specially Selected All Butter Mini Mince Pies 224g/9 Pa,£1.99,£0.22 each,bakery,bakery,2024-11-19
Specially Selected All Butter Mince Pies 344g/6 Pack,£1.99,£0.33 each,bakery,bakery,2024-11-19
Specially Selected Luxury Topped Stollen 600g,£5.49,£9.15 per kg,bakery,bakery,2024-11-19
Holly Lane Top Iced Christmas Cake 907g,£5.75,£6.34 per kg,bakery,bakery,2024-11-19
Specially Selected Italian Pandoro 750g,£5.29,£7.05 per kg,bakery,bakery,2024-11-19
Specially Selected Wholemeal Seeded Medium Sliced Loaf,£1.05,£0.13 per 100g,bakery,bakery,2024-11-19
Cuthbert Christmas 605g,£6.49,£10.73 per kg,bakery,bakery,2024-11-19
Specially Selected Hot Honey Flatbreads 2 Pack,£1.49,£0.75 each,bakery,bakery,2024-11-19
Specially Selected Carrot Cake 379g,£2.25,£5.94 per 100g,bakery,bakery,2024-11-19
Specially Selected Bake At Home Crusty Rolls With Sourd,£1.29,£0.22 each,bakery,bakery,2024-11-19
Cadbury 5 Mini Yule Logs Triple Chocolate 5 X Mini Yule,£2.49,£0.50 each,bakery,bakery,2024-11-19
Specially Selected Christmas Brioche Star 550g,£3.99,£0.73 per 100g,bakery,bakery,2024-11-19
Specially Selected Marshmallow Brownie Bombs With Blond,£1.99,£0.33 each,bakery,bakery,2024-11-19
Specially Selected Ballycastle Chocolate Cake 364g,£2.49,£0.68 per 100g,bakery,bakery,2024-11-19
Specially Selected Gingerbread Crumble Cake 356g,£2.49,£0.70 per 100g,bakery,bakery,2024-11-19
Specially Selected Tiffin Mini Bites With Cherries & Ca,£1.99,£0.33 each,bakery,bakery,2024-11-19
Plant Menu Ultimate No Beef Burgers 227g/2 Pack,£2.29,£1.01 per 100g,frozen,frozen_vegetarian,2024-11-19
Plant Menu Vegetable Burgers 454g/4 Pack,£1.69,£0.37 per 100g,frozen,frozen_vegetarian,2024-11-19
Plant Menu Spicy Bean Burgers 454g/4 Pack,£1.69,£0.37 per 100g,frozen,frozen_vegetarian,2024-11-19
Plant Menu Meat-free Mince 400g,£1.49,£0.37 per 100g,frozen,frozen_vegetarian,2024-11-19
Plant Menu Salt & Vinegar No Fish Fillets 224g/2 Pack,£1.99,£0.89 per 100g,frozen,frozen_vegetarian,2024-11-19
"Plant Menu No Sausage, Bean & Vegan Melt Bakes 2x154g",£1.19,£0.39 per 100g,frozen,frozen_vegetarian,2024-11-19
Quorn Mince 500g,£2.95,£0.59 per 100g,frozen,frozen_vegetarian,2024-11-19
Quorn 24 Crispy Nuggets 476g,£2.95,£0.62 per kg,frozen,frozen_vegetarian,2024-11-19
Quorn 12 Sausages 504g,£2.95,£0.59 per kg,frozen,frozen_vegetarian,2024-11-19
Quorn Pieces 500g,£2.95,£0.59 per 100g,frozen,frozen_vegetarian,2024-11-19
Plant Menu No Pork Sausage Rolls 400g/4 Pack,£1.19,£0.30 per 100g,frozen,frozen_vegetarian,2024-11-19
"Crestwood Spinach, Leek & Cheddar Lattices 2x150g",£1.79,£0.60 per 100g,frozen,frozen_vegetarian,2024-11-19
Crestwood Red Onion & Goats Cheese Lattices 2x150g,£1.79,£0.60 per 100g,frozen,frozen_vegetarian,2024-11-19
Plant Menu Vegetable Fingers 453g/16 Pack,£1.69,£0.37 per 100g,frozen,frozen_vegetarian,2024-11-19
Veggie Menu Cheese & Spring Onion Crispbakes 454g/4 Pac,£1.75,£0.39 per 100g,frozen,frozen_vegetarian,2024-11-19
Veggie Menu Pesto & Cheddar Sausages 270g/6 Pack,£1.75,£0.65 per 100g,frozen,frozen_vegetarian,2024-11-19
Veggie Menu Pesto & Mozzarella Bakes 220g/2 Pack,£1.75,£0.80 per 100g,frozen,frozen_vegetarian,2024-11-19
Veggie Menu Spicy Butternut Squash & Chipotle Feta Bake,£1.75,£0.80 per 100g,frozen,frozen_vegetarian,2024-11-19
Veggie Menu BBQ Sweet Potato Burgers 227g/2 Pack,£1.75,£0.77 per 100g,frozen,frozen_vegetarian,2024-11-19
Veggie Menu Cauliflower Cheese Grills 397g/4 Pack,£1.75,£0.44 per 100g,frozen,frozen_vegetarian,2024-11-19
"Specially Selected Camembert, Parsnip & Mushroom Pies 2",£2.49,£0.62 per 100g,frozen,frozen_vegetarian,2024-11-19
Crestwood Cranberry & Camembert Lattices 2x150g/2 Pack,£1.79,£0.60 per 100g,frozen,frozen_vegetarian,2024-11-19
Plant Menu No Chicken Kievs 2x140g,£1.99,£0.71 per 100g,frozen,frozen_vegetarian,2024-11-19
Specially Selected No Beef Wellingtons 440g/2 Pack,£4.99,£1.13 per 100g,frozen,frozen_vegetarian,2024-11-19
"Specially Selected Brie, Butternut & Mushroom Wellingto",£4.99,£1.13 per 100g,frozen,frozen_vegetarian,2024-11-19
Specially Selected Root Vegetable & Brie Nut Roasts 2x1,£2.99,£0.77 per 100g,frozen,frozen_vegetarian,2024-11-19
Specially Selected Rainbow Vegetable Parcel 450g,£4.99,£1.11 per 100g,frozen,frozen_vegetarian,2024-11-19
Crestwood Halloumi Style Nuggets 150g/10 Pack,£1.99,£1.33 per 100g,frozen,frozen_vegetarian,2024-11-19
Plant Menu Southern Fried Tofu Bites 190g,£1.99,£1.05 per 100g,frozen,frozen_vegetarian,2024-11-19
Plant Menu Hot & Spicy Tofu Bites 190g,£1.99,£1.05 per 100g,frozen,frozen_vegetarian,2024-11-19
Plant Menu Tempura Tofu Bites 190g,£1.99,£1.05 per 100g,frozen,frozen_vegetarian,2024-11-19
Plant Menu Battered No Pork Sausages 180g/2 Pack,£1.99,£1.11 per 100g,frozen,frozen_vegetarian,2024-11-19
Plant Menu No Chicken Katsu Bakes 2x140g,£1.19,£0.43 per 100g,frozen,frozen_vegetarian,2024-11-19
Plant Menu Onion & Rosemary Sausages 300g/6 Pack,£1.49,£0.50 per 100g,frozen,frozen_vegetarian,2024-11-19
Plant Menu Ultimate No Pork Vegan Sausages 270g/6 Pack,£2.29,£0.85 per 100g,frozen,frozen_vegetarian,2024-11-19
Plant Menu No Chicken Peri-peri Fillets 240g/2 Pack,£1.79,£0.75 per 100g,frozen,frozen_vegetarian,2024-11-19
Plant Menu Meat-free Meatballs 400g,£1.49,£0.37 per 100g,frozen,frozen_vegetarian,2024-11-19
Specially Selected Vegetarian Meatball Crowns 2x180g,£1.49,£0.41 per 100g,frozen,frozen_vegetarian,2024-11-19
Specially Selected Tex Mex Chilli & Cheddar Crowns 2x18,£1.49,£0.41 per 100g,frozen,frozen_vegetarian,2024-11-19
"Specially Selected Potato, Brie & Caramelised Onion Pie",£2.49,£0.62 per 100g,frozen,frozen_vegetarian,2024-11-19
"Specially Selected Carrot, Beetroot & Broccoli Rostis 2",£2.99,£1.00 per 100g,frozen,frozen_vegetarian,2024-11-19
Specially Selected Sweet Potato & Butternut Squash Rost,£2.99,£1.00 per 100g,frozen,frozen_vegetarian,2024-11-19
Specially Selected Melting Centre Nut Roasts 2x195g,£2.99,£0.77 per 100g,frozen,frozen_vegetarian,2024-11-19
Crestwood Halloumi-style Fries 170g/10 Pack,£1.99,£1.17 per 100g,frozen,frozen_vegetarian,2024-11-19
Plant Menu No Chicken Breasts 175g/2 Pack,£1.49,£0.85 per 100g,frozen,frozen_vegetarian,2024-11-19
Veggie Menu Mozzarella Burgers 227g/2 Pack,£1.75,£0.77 per 100g,frozen,frozen_vegetarian,2024-11-19
Specially Selected The Ultimate No Beef Flank Steak 200,£6.99,£3.50 per 100g,frozen,frozen_vegetarian,2024-11-19
Specially Selected Pulled No Pork 200g,£3.29,£1.65 per 100g,frozen,frozen_vegetarian,2024-11-19
Specially Selected Pulled No Beef 200g,£3.29,£1.65 per 100g,frozen,frozen_vegetarian,2024-11-19
Specially Selected No Lamb Kofta Mix 250g,£3.29,£1.32 per 100g,frozen,frozen_vegetarian,2024-11-19
Just Like Grandma's Golden Yorkshire Puddings 230g/12 P,£0.99,£4.30 per kg,frozen,frozen_vegtables,2024-11-19
Four Seasons Diced White Onions 500g,£0.99,£1.98 per kg,frozen,frozen_vegtables,2024-11-19
Four Seasons Brussels Sprouts 1kg,£1.09,£1.09 per kg,frozen,frozen_vegtables,2024-11-19
Four Seasons Sliced Carrots 1kg,£0.95,£0.95 per kg,frozen,frozen_vegtables,2024-11-19
Four Seasons Leaf Spinach 1kg,£0.95,£0.95 per kg,frozen,frozen_vegtables,2024-11-19
Four Seasons Supersweet Sweetcorn 1kg,£1.45,£1.45 per kg,frozen,frozen_vegtables,2024-11-19
Four Seasons Sliced Mushrooms 500g,£0.99,£1.98 per kg,frozen,frozen_vegtables,2024-11-19
Four Seasons Broccoli Florets 1kg,£1.19,£1.19 per kg,frozen,frozen_vegtables,2024-11-19
Four Seasons Very Fine Whole Green Beans 1kg,£1.19,£1.19 per kg,frozen,frozen_vegtables,2024-11-19
Four Seasons Mixed Vegetables 1kg,£0.99,£0.99 per kg,frozen,frozen_vegtables,2024-11-19
Specially Selected British Petits Pois 700g,£0.99,£1.41 per kg,frozen,frozen_vegtables,2024-11-19
Everyday Essentials Yorkshire Puddings 230g/15 Pack,£0.46,£2.00 per kg,frozen,frozen_vegtables,2024-11-19
Four Seasons Country Vegetable Mix 1kg,£1.29,£1.29 per kg,frozen,frozen_vegtables,2024-11-19
"Four Seasons Carrot, Peas & Sweetcorn Steam Bags 640g",£1.99,£3.11 per kg,frozen,frozen_vegtables,2024-11-19
"Four Seasons Carrot, Broccoli & Sweetcorn Steam Bags 64",£1.99,£3.11 per kg,frozen,frozen_vegtables,2024-11-19
"Four Seasons Steam Bags Carrot, Cauliflower & Broccoli",£1.99,£3.11 per kg,frozen,frozen_vegtables,2024-11-19
Four Seasons Butternut Squash Chunks 500g,£0.99,£1.98 per kg,frozen,frozen_vegtables,2024-11-19
Four Seasons Cauliflower Cheese 750g,£2.25,£3.00 per kg,frozen,frozen_vegtables,2024-11-19
Four Seasons Breaded Onion Rings 750g,£1.99,£2.65 per kg,frozen,frozen_vegtables,2024-11-19
Four Seasons Battered Onion Rings 750g,£1.99,£2.65 per kg,frozen,frozen_vegtables,2024-11-19
Specially Selected Beef Dripping Large Yorkshire Puddin,£1.99,£6.91 per kg,frozen,frozen_vegtables,2024-11-19
Four Seasons British Garden Peas 900g,£0.99,£1.10 per kg,frozen,frozen_vegtables,2024-11-19
Four Seasons Whole Green Beans 1kg,£1.19,£1.19 per kg,frozen,frozen_vegtables,2024-11-19
"Specially Selected Brussels Sprouts With Bacon, Maple F",£1.49,£3.73 per kg,frozen,frozen_vegtables,2024-11-19
Four Seasons Cauliflower Florets 1kg,£0.95,£0.95 per kg,frozen,frozen_vegtables,2024-11-19
Birds Eye Garden Peas 800g,£2.49,£3.11 per kg,frozen,frozen_vegtables,2024-11-19
Four Seasons Super Sweet Mini Corn Cobs 750g,£1.15,£1.53 per kg,frozen,frozen_vegtables,2024-11-19
Four Seasons Frozen British Garden Peas 900g,£0.99,£1.10 per kg,frozen,frozen_vegtables,2024-11-19
Four Seasons Honey Glazed Parsnips 600g,£1.89,£3.15 per kg,frozen,frozen_vegtables,2024-11-19
Specially Selected British Grown British Petits Pois 70,£0.99,£1.41 per kg,frozen,frozen_vegtables,2024-11-19
Specially Selected Sweet & Tender Chantenay Carrots Wit,£1.49,£3.73 per kg,frozen,frozen_vegtables,2024-11-19
Four Seasons Homestyle Chips 1kg,£1.49,£1.49 per kg,frozen,chips_related,2024-11-19
Four Seasons Crispy Skin On Fries 1kg,£1.79,£1.79 per kg,frozen,chips_related,2024-11-19
Four Seasons Spanish Style Potatoes With Rainbow Veg 50,£1.89,£3.78 per kg,frozen,chips_related,2024-11-19
Four Seasons Waffle Fries 550g,£1.69,£3.07 per kg,frozen,chips_related,2024-11-19
Four Seasons French Fries 1kg,£1.35,£1.35 per kg,frozen,chips_related,2024-11-19
Four Seasons Curly Fries 650g,£1.39,£2.14 per kg,frozen,chips_related,2024-11-19
Four Seasons Salt & Pepper Fries 800g,£1.99,£2.49 per kg,frozen,chips_related,2024-11-19
Four Seasons Cheesy Cheddar Hash Browns 600g,£2.29,£3.82 per kg,frozen,chips_related,2024-11-19
Four Seasons Mashed Potato 700g,£1.25,£1.79 per kg,frozen,chips_related,2024-11-19
Four Seasons Steak Cut Chips 1.5kg,£1.99,£1.33 per kg,frozen,chips_related,2024-11-19
Four Seasons Potato Waffles 680g/12 Pack,£1.49,£2.19 per kg,frozen,chips_related,2024-11-19
Four Seasons Straight Cut Chips 1.5kg,£1.65,£1.10 per kg,frozen,chips_related,2024-11-19
Four Seasons Ready Baked Jacket Potatoes 800g/4 Pack,£2.35,£2.94 per kg,frozen,chips_related,2024-11-19
Four Seasons Mini Hash Brown Waffles 454g,£1.35,£2.97 per kg,frozen,chips_related,2024-11-19
Specially Selected Potato Dauphinoise 480g/4 Pack,£2.75,£5.73 per kg,frozen,chips_related,2024-11-19
Specially Selected Chunky Oven Chips 1.5kg,£2.99,£1.99 per kg,frozen,chips_related,2024-11-19
Four Seasons Triple Cooked Beef Dripping Chips 750g,£2.39,£3.19 per kg,frozen,chips_related,2024-11-19
Four Seasons French Fries Golden & Crispy 1kg,£1.35,£1.35 per kg,frozen,chips_related,2024-11-19
Four Seasons Grill Fries 750g,£1.99,£2.65 per kg,frozen,chips_related,2024-11-19
Four Seasons Hash Brown Fries 550g,£2.75,£5.00 per kg,frozen,chips_related,2024-11-19
Four Seasons Garlic & Herb Parmentier Potatoes 500g,£1.89,£3.78 per kg,frozen,chips_related,2024-11-19
Four Seasons Hash Browns 750g,£1.59,£2.12 per kg,frozen,chips_related,2024-11-19
Four Seasons Super Crispy French Fries 750g,£1.89,£2.52 per kg,frozen,chips_related,2024-11-19
Four Seasons Roast Potatoes 800g,£0.99,£1.24 per kg,frozen,chips_related,2024-11-19
Four Seasons Tasty Sweet Potato Fries 500g,£2.45,£4.90 per kg,frozen,chips_related,2024-11-19
Four Seasons Crinkle Cut Chips 1.5kg,£1.99,£1.33 per kg,frozen,chips_related,2024-11-19
Four Seasons Alphabet Potato Letters 454g,£0.95,£2.09 per kg,frozen,chips_related,2024-11-19
Four Seasons Potato Wedges 750g,£1.25,£1.67 per kg,frozen,chips_related,2024-11-19
Four Seasons Rosemary & Sea Salt Ziggy Fries 750g,£1.99,£2.65 per kg,frozen,chips_related,2024-11-19
Four Seasons Lightly Spiced Ziggy Fries 750g,£1.99,£2.65 per kg,frozen,chips_related,2024-11-19
Oakhurst Breakfast Hash Browns 10x50g,£1.99,£3.98 per kg,frozen,chips_related,2024-11-19
Four Seasons Lightly Salted Ziggy Fries 750g,£1.99,£2.65 per kg,frozen,chips_related,2024-11-19
Specially Selected Beef Dripping Roast Potatoes 1kg,£2.49,£2.49 per kg,frozen,chips_related,2024-11-19
Four Seasons Parmentier Potatoes 500g,£1.89,£3.78 per kg,frozen,chips_related,2024-11-19
Oakhurst Lamb Shanks Mint Gravy Cook From Frozen 860g/2,£5.99,£6.97 per kg,frozen,frozen_meat_poultry,2024-11-19
Roosters Chicken Nuggets 450g/30 Pack*,£1.49,£3.31 per kg,frozen,frozen_meat_poultry,2024-11-19
Roosters Chicken Quarter Pounders 227g/2 Pack,£1.75,£7.71 per kg,frozen,frozen_meat_poultry,2024-11-19
Roosters Chicken Dippers In Batter 450g/24* Pack,£1.49,£3.31 per kg,frozen,frozen_meat_poultry,2024-11-19
Roosters Gastro Buttermilk Chicken Thigh Burgers 330g,£2.69,£8.15 per kg,frozen,frozen_meat_poultry,2024-11-19
Roosters Breaded Chicken Goujons 320g,£1.59,£4.97 per kg,frozen,frozen_meat_poultry,2024-11-19
Roosters Southern Fried Chicken Goujons 320g,£1.59,£4.97 per kg,frozen,frozen_meat_poultry,2024-11-19
Frasers Scotch Beef Quarter Pounders 454g/4 Pack,£2.99,£6.59 per kg,frozen,frozen_meat_poultry,2024-11-19
Frasers Scotch Beef Chilli Quarter Pounders 454g/4 Pack,£2.99,£6.59 per kg,frozen,frozen_meat_poultry,2024-11-19
Specially Selected Scotch Aberdeen Angus Quarter Pounde,£3.19,£7.03 per kg,frozen,frozen_meat_poultry,2024-11-19
Oakhurst Lamb Shanks In A Red Wine Gravy 860g/2 Pack,£5.99,£6.97 per kg,frozen,frozen_meat_poultry,2024-11-19
Specially Selected Turkey Crown Frozen Class A 1.8kg,£24.99,£13.88 per kg,frozen,frozen_meat_poultry,2024-11-19
Oakhurst King Kebab Butter Chicken 924g,£5.49,£5.94 per kg,frozen,frozen_meat_poultry,2024-11-19
Roosters Gastro Southern Fried Chicken Thigh Burgers 33,£2.69,£8.15 per kg,frozen,frozen_meat_poultry,2024-11-19
Roosters Gastro Flamin' Hot Chicken Thigh Burgers 330g,£2.69,£8.15 per kg,frozen,frozen_meat_poultry,2024-11-19
Oakhurst Cooked Sliced Chicken 340g,£2.15,£6.32 per kg,frozen,frozen_meat_poultry,2024-11-19
Specially Selected Cheese & Onion Quarter Pounders 454g,£3.19,£7.03 per kg,frozen,frozen_meat_poultry,2024-11-19
Specially Selected Aberdeen Angus Quarter Pounders 454g,£3.19,£7.03 per kg,frozen,frozen_meat_poultry,2024-11-19
Everyday Essentials Chicken Breast Fillets 1kg,£4.25,£4.25 per kg,frozen,frozen_meat_poultry,2024-11-19
Oakhurst Cook From Frozen Chicken King Kebab Peri Peri,£5.49,£5.94 per kg,frozen,frozen_meat_poultry,2024-11-19
Oakhurst Cook From Frozen Thick Pork Sausages 800g/16 P,£2.29,£2.86 per kg,frozen,frozen_meat_poultry,2024-11-19
Oakhurst Cook From Frozen Irish Recipe Pork Sausages Ca,£2.29,£2.86 per kg,frozen,frozen_meat_poultry,2024-11-19
Oakhurst Breakfast Pork Patties 342g/6 Pack,£1.99,£5.82 per kg,frozen,frozen_meat_poultry,2024-11-19
Roosters Gastro Tempura Chicken Strips 600g,£3.39,£5.65 per kg,frozen,frozen_meat_poultry,2024-11-19
Roosters Gastro Southern Fried Chicken Chunks 356g,£2.39,£6.71 per kg,frozen,frozen_meat_poultry,2024-11-19
Roosters Gastro Battered Chicken Chunks 356g,£2.39,£6.71 per kg,frozen,frozen_meat_poultry,2024-11-19
Roosters Gastro Hot & Spicy Chicken Chunks 356g,£2.39,£6.71 per kg,frozen,frozen_meat_poultry,2024-11-19
Oakhurst Basted Turkey Breast Joint 800g,£5.49,£6.86 per kg,frozen,frozen_meat_poultry,2024-11-19
Roosters Cheese & Ham Chicken Kievs In Breadcrumbs 500g,£2.75,£5.50 per kg,frozen,frozen_meat_poultry,2024-11-19
Roosters Garlic & Herb Chicken Kievs In Breadcrumbs 500,£2.75,£5.50 per kg,frozen,frozen_meat_poultry,2024-11-19
Roosters Southern Fried Poppin' Chicken 210g,£1.09,£5.19 per kg,frozen,frozen_meat_poultry,2024-11-19
Oakhurst Cook From Frozen Beef Burgers 342g/6 Pack,£1.99,£5.82 per kg,frozen,frozen_meat_poultry,2024-11-19
Oakhurst Cooked Diced Chicken 340g,£2.15,£6.32 per kg,frozen,frozen_meat_poultry,2024-11-19
Roosters Gastro Sticky Teriyaki Chicken Thigh Bites 300,£2.19,£7.30 per kg,frozen,frozen_meat_poultry,2024-11-19
Roosters Gastro Sticky BBQ Chicken Thigh Bites 300g,£2.19,£7.30 per kg,frozen,frozen_meat_poultry,2024-11-19
Mr Brain's 6 Pork Faggots 656g,£1.19,£1.81 per kg,frozen,frozen_meat_poultry,2024-11-19
Ashfields Small British Turkey Crown 1.5 -1.9kg,£13.49,£7.10 per kg,frozen,frozen_meat_poultry,2024-11-19
Ashfields British Turkey Crown Medium 2.0 -2.3kg,£16.49,£7.17 per kg,frozen,frozen_meat_poultry,2024-11-19
Ashfields Large British Turkey Crown 2.4 -2.8kg,£17.79,£6.35 per kg,frozen,frozen_meat_poultry,2024-11-19
Ashfields Small British Turkey Whole Bird 2.8- 4kg,£14.99,£3.75 per kg,frozen,frozen_meat_poultry,2024-11-19
Ashfields British Turkey Whole Bird Medium 4- 5.4kg,£15.99,£2.96 per kg,frozen,frozen_meat_poultry,2024-11-19
Ashfields Large British Turkey Whole Bird 5.4-7.2kg,£17.99,£2.50 per kg,frozen,frozen_meat_poultry,2024-11-19
Roosters Gastro Breaded Chicken Strips 600g,£3.39,£5.65 per kg,frozen,frozen_meat_poultry,2024-11-19
Roosters Gastro Flamin Hot Chicken Strips 600g,£3.39,£5.65 per kg,frozen,frozen_meat_poultry,2024-11-19
Roosters Gastro Southern Fried Chicken Strips 600g,£3.39,£5.65 per kg,frozen,frozen_meat_poultry,2024-11-19
Oakhurst Beef Quarter Pounders 454g,£2.99,£6.59 per kg,frozen,frozen_meat_poultry,2024-11-19
Roosters Battered Chicken Balls In A Light & Crispy Bat,£2.99,£7.87 per kg,frozen,frozen_meat_poultry,2024-11-19
Roosters Curried Chicken Balls In Tempura Batter 380g,£2.99,£7.87 per kg,frozen,frozen_meat_poultry,2024-11-19
Oakhurst Chicken Nuggets With Sweet Chilli & BBQ Dips 3,£1.89,£6.30 per kg,frozen,frozen_meat_poultry,2024-11-19
Roosters Shredded Chicken Tikka Strips 380g,£2.99,£7.87 per kg,frozen,frozen_meat_poultry,2024-11-19
Roosters Salt & Chilli Shredded Chicken Strips 380g,£2.99,£7.87 per kg,frozen,frozen_meat_poultry,2024-11-19
Oakhurst Ready Cooked Chicken Skewers In A Salt & Chill,£2.99,£8.79 per kg,frozen,frozen_meat_poultry,2024-11-19
Oakhurst Ready Cooked Chicken Skewers 340g,£2.99,£8.79 per kg,frozen,frozen_meat_poultry,2024-11-19
Oakhurst Ready Cooked Chicken Skewers In A Barbecue Sty,£2.99,£8.79 per kg,frozen,frozen_meat_poultry,2024-11-19
Oakhurst Spicy Chicken Nuggets With Sweet Chilli & BBQ,£1.89,£6.30 per kg,frozen,frozen_meat_poultry,2024-11-19
Oakhurst Chicken Strips With Garlic Mayo Dip 225g/4 Pac,£2.69,£11.70 per kg,frozen,frozen_meat_poultry,2024-11-19
Hall's Square Sausage 1kg,£2.99,£2.99 per kg,frozen,frozen_meat_poultry,2024-11-19
Roosters Gastro Flamin Hot Chicken Breast Fillet Burger,£3.49,£8.73 per kg,frozen,frozen_meat_poultry,2024-11-19
Roosters Gastro Pesto & Cheese Chicken Kievs 320g/2 Pac,£2.89,£9.03 per kg,frozen,frozen_meat_poultry,2024-11-19
Oakhurst Chicken Strips With Sweet Chilli Dip 230g*/4 P,£2.69,£11.70 per kg,frozen,frozen_meat_poultry,2024-11-19
Oakhurst Chicken Strips With BBQ Dip 230g*/4 Pack,£2.69,£11.70 per kg,frozen,frozen_meat_poultry,2024-11-19
Roosters Gastro Pakora Chicken Tenders With Sweet Curry,£3.49,£9.97 per kg,frozen,frozen_meat_poultry,2024-11-19
Roosters Gastro Hoisin Chicken Tenders With Spring Onio,£3.49,£9.97 per kg,frozen,frozen_meat_poultry,2024-11-19
Roosters Gastro Breaded Chicken Chunks 356g,£2.39,£6.71 per kg,frozen,frozen_meat_poultry,2024-11-19
Roosters Gastro Tempura Chicken Chunks 350g,£2.39,£6.71 per kg,frozen,frozen_meat_poultry,2024-11-19
Roosters Gastro Flamin' Hot Chicken Chunks 350g,£2.39,£6.71 per kg,frozen,frozen_meat_poultry,2024-11-19
Roosters Gastro Southern Fried Chicken Chunks 350g,£2.39,£6.71 per kg,frozen,frozen_meat_poultry,2024-11-19
Roosters Gastro Breaded Chicken Chunks 350g,£2.39,£6.71 per kg,frozen,frozen_meat_poultry,2024-11-19
Oakhurst Cook From Frozen Pork Crackling Leg Joint Salt,£3.99,£6.65 per kg,frozen,frozen_meat_poultry,2024-11-19
Oakhurst Cook From Frozen Gammon Joint Honey & Maple Gl,£3.99,£6.65 per kg,frozen,frozen_meat_poultry,2024-11-19
Roosters Pakora Chicken Balls 380g,£2.99,£7.87 per kg,frozen,frozen_meat_poultry,2024-11-19
Roosters Gastro Boneless Chicken Thigh Tenders With Hot,£3.29,£6.85 per kg,frozen,frozen_meat_poultry,2024-11-19
Roosters Gastro Boneless Chicken Thigh Tenders With A B,£3.29,£6.85 per kg,frozen,frozen_meat_poultry,2024-11-19
Roosters Battered Poppin' Chicken 210g,£1.09,£5.19 per kg,frozen,frozen_meat_poultry,2024-11-19
Roosters Chicken Goujons In A Tempura Batter 320g,£1.59,£4.97 per kg,frozen,frozen_meat_poultry,2024-11-19
Roosters Gastro Sweet & Sour Chicken Thigh Bites 300g,£2.19,£7.30 per kg,frozen,frozen_meat_poultry,2024-11-19
Richmond 20 Thick Pork Sausages 860g,£2.99,£3.48 per kg,frozen,frozen_meat_poultry,2024-11-19
Roosters Katsu Shredded Chicken Strips 380g,£2.99,£7.87 per kg,frozen,frozen_meat_poultry,2024-11-19
Oakhurst Frozen Class A Whole Goose 4kg,£26.99,£6.75 per kg,frozen,frozen_meat_poultry,2024-11-19
Roosters Gastro Buttermilk Chicken Breast Fillet Burger,£3.49,£8.73 per kg,frozen,frozen_meat_poultry,2024-11-19
Roosters Gastro Southern Fried Chicken Breast Fillet Bu,£3.49,£8.73 per kg,frozen,frozen_meat_poultry,2024-11-19
Roosters Gastro Battered Chicken Tenders 350g,£3.49,£9.97 per kg,frozen,frozen_meat_poultry,2024-11-19
Roosters Gastro Sesame Chicken Tenders 385g,£3.49,£9.97 per kg,frozen,frozen_meat_poultry,2024-11-19
Roosters Crispy Chicken Steaks 380g/4 Pack,£1.69,£4.45 per kg,frozen,frozen_meat_poultry,2024-11-19
Roosters Southern Fried Chicken Steaks 380g/4 Pack,£1.69,£4.45 per kg,frozen,frozen_meat_poultry,2024-11-19
Oakhurst Cook From Frozen Turkey Breast Joint 800g,£5.49,£6.86 per kg,frozen,frozen_meat_poultry,2024-11-19
Oakhurst Cook From Frozen Basted Turkey Breast Joint 80,£5.49,£6.86 per kg,frozen,frozen_meat_poultry,2024-11-19
Roosters Gastro Stuffing & Gravy Chicken Kiev 320g,£2.89,£9.03 per kg,frozen,frozen_meat_poultry,2024-11-19
Roosters Gastro Brie & Cranberry Chicken Kiev 320g,£2.89,£9.03 per kg,frozen,frozen_meat_poultry,2024-11-19
Oakhurst Stuffed Chicken Breast Joint 560g,£3.29,£5.88 per kg,frozen,frozen_meat_poultry,2024-11-19
Oakhurst Butter Basted Chicken Breast Joint 560g,£3.29,£5.88 per kg,frozen,frozen_meat_poultry,2024-11-19
Roosters Chicken Dinosaurs 350g/7 Pack*,£1.89,£5.40 per kg,frozen,frozen_meat_poultry,2024-11-19
Roosters Garlic & Herb Chicken Kievs 500g/4 Pack,£2.75,£5.50 per kg,frozen,frozen_meat_poultry,2024-11-19
Roosters Cheese & Ham Chicken Kievs 500g/4 Pack,£2.75,£5.50 per kg,frozen,frozen_meat_poultry,2024-11-19
Fishmonger Battered Haddock Fillets 500g/4 Pack,£3.39,£6.78 per kg,frozen,frozen_seafood,2024-11-19
The Fishmonger Raw King Prawns With Red Thai Chilli 200,£1.49,£7.45 per kg,frozen,frozen_seafood,2024-11-19
The Fishmonger Skinless & Boneless Basa Fillets 380g,£2.39,£6.29 per kg,frozen,frozen_seafood,2024-11-19
Specially Selected Whole Cooked Canadian Lobster 400g,£9.99,£24.98 per kg,frozen,frozen_seafood,2024-11-19
The Fishmonger Lemon & Herb Tempura Basa Fillets 310g/2,£2.99,£9.65 per kg,frozen,frozen_seafood,2024-11-19
The Fishmonger Salt & Pepper Dusted Basa Fillets 310g/2,£2.99,£9.65 per kg,frozen,frozen_seafood,2024-11-19
The Fishmonger Breaded Wholetail Scampi 250g,£2.69,£10.76 per kg,frozen,frozen_seafood,2024-11-19
The Fishmonger Buttermilk Fish Fillet Burgers 227g,£1.99,£8.77 per kg,frozen,frozen_seafood,2024-11-19
The Fishmonger Southern Fried Fish Fillet Burgers 227g,£1.99,£8.77 per kg,frozen,frozen_seafood,2024-11-19
Specially Selected Chip Shop Style Extra Large Battered,£4.15,£9.02 per kg,frozen,frozen_seafood,2024-11-19
The Fishmonger Ready Cooked Seafood Selection 350g,£3.79,£10.83 per kg,frozen,frozen_seafood,2024-11-19
The Fishmonger Skinless & Boneless Atlantic Cod Fillets,£3.49,£8.73 per kg,frozen,frozen_seafood,2024-11-19
The Fishmonger Skinless & Boneless Wild Caught Atlantic,£3.49,£8.73 per kg,frozen,frozen_seafood,2024-11-19
The Fishmonger Boneless Smoked Haddock Fillets 400g,£3.49,£8.73 per kg,frozen,frozen_seafood,2024-11-19
The Fishmonger Skinless & Boneless Fish Pie Mix 400g,£3.79,£9.48 per kg,frozen,frozen_seafood,2024-11-19
The Fishmonger Chunky Breaded Cod Fish Fillets 500g/4 P,£4.19,£8.38 per kg,frozen,frozen_seafood,2024-11-19
The Fishmonger Chunky Battered Cod Fish Fillets 500g/4,£4.19,£8.38 per kg,frozen,frozen_seafood,2024-11-19
Specially Selected Rich & Creamy Scallop & Prawn Champa,£3.99,£19.95 per kg,frozen,frozen_seafood,2024-11-19
The Fishmonger Breaded Omega 3 Fish Fingers 450g/15 Pac,£1.69,£3.76 per kg,frozen,frozen_seafood,2024-11-19
The Fishmonger Breaded Cod Fish Fingers 300g/10 Pack,£1.65,£5.50 per kg,frozen,frozen_seafood,2024-11-19
The Fishmonger Tempura Battered Fish Fillet Burgers 227,£1.99,£8.77 per kg,frozen,frozen_seafood,2024-11-19
The Fishmonger Breaded Cod Fillets 500g/4 Pack,£3.39,£6.78 per kg,frozen,frozen_seafood,2024-11-19
The Fishmonger Battered Cod Fillets 500g/4 Pack,£3.39,£6.78 per kg,frozen,frozen_seafood,2024-11-19
Specially Selected Chip Shop Style Extra Large Beer Bat,£4.15,£9.02 per kg,frozen,frozen_seafood,2024-11-19
The Fishmonger Atlantic Large Prawns 275g,£2.79,£10.15 per kg,frozen,frozen_seafood,2024-11-19
Specially Selected Chip Shop Style Extra Large Sourdoug,£4.15,£9.02 per kg,frozen,frozen_seafood,2024-11-19
The Fishmonger Panko Crumb Calamari 250g,£1.99,£7.96 per kg,frozen,frozen_seafood,2024-11-19
The Fishmonger Battered Calamari 250g,£1.99,£7.96 per kg,frozen,frozen_seafood,2024-11-19
The Fishmonger Soy & Chilli Calamari 225g,£1.99,£8.84 per kg,frozen,frozen_seafood,2024-11-19
The Fishmonger Wild Caught Atlantic Smoked Haddock Fill,£3.49,£8.73 per kg,frozen,frozen_seafood,2024-11-19
The Fishmonger Wild Caught Atlantic Haddock Fillets 400,£3.49,£8.73 per kg,frozen,frozen_seafood,2024-11-19
The Fishmonger Skinless & Boneless Wild Caught Atlantic,£3.49,£8.73 per kg,frozen,frozen_seafood,2024-11-19
Specially Selected Garlic & Herb Argentinian Prawns 250,£3.75,£15.00 per kg,frozen,frozen_seafood,2024-11-19
Specially Selected Raw Peeled Argentinian Prawns 250g,£3.75,£15.00 per kg,frozen,frozen_seafood,2024-11-19
Specially Selected Salmon & Scallop Mornay Gratins 200g,£3.99,£19.95 per kg,frozen,frozen_seafood,2024-11-19
The Fishmonger Raw King Prawns With Garlic & Herb 200g,£1.49,£7.45 per kg,frozen,frozen_seafood,2024-11-19
Specially Selected Zesty And Tender Prosecco & Lemon Lo,£12.99,£51.14 per kg,frozen,frozen_seafood,2024-11-19
The Fishmonger Jumbo Chunky Cod Fish Fingers 400g/6 Pac,£2.79,£0.87 per kg,frozen,frozen_seafood,2024-11-19
The Fishmonger Garlic & Herb Dusted Basa Fillets 310g/2,£2.99,£9.65 per kg,frozen,frozen_seafood,2024-11-19
Specially Selected Garlic & Herb Lobster Tails 254g,£12.99,£51.14 per kg,frozen,frozen_seafood,2024-11-19
Specially Selected Patagonian Scallops 200g,£5.49,£27.45 per kg,frozen,frozen_seafood,2024-11-19
Specially Selected Extra Large Japanese Scallops 200g,£5.49,£27.45 per kg,frozen,frozen_seafood,2024-11-19
The Fishmonger Cooked & Peeled Jumbo King Prawns 170g,£2.35,£13.82 per kg,frozen,frozen_seafood,2024-11-19
The Fishmonger Raw Jumbo King Prawns 170g,£2.35,£13.82 per kg,frozen,frozen_seafood,2024-11-19
The Fishmonger Skinless & Boneless Yellowfin Tuna Steak,£3.65,£10.14 per kg,frozen,frozen_seafood,2024-11-19
Everyday Essentials Fish Fingers 250g/10 Pack,£0.80,£3.20 per kg,frozen,frozen_seafood,2024-11-19
The Fishmonger Boneless Wild Pink Salmon Fillets 400g (,£3.65,£9.13 per kg,frozen,frozen_seafood,2024-11-19
The Fishmonger Beer Battered Fish Burgers 227g,£1.99,£8.77 per kg,frozen,frozen_seafood,2024-11-19
Specially Selected Prime Sockeye Salmon Fillet 500g,£6.99,£13.98 per kg,frozen,frozen_seafood,2024-11-19
Everyday Essentials Breaded Fish Fillets 500g,£2.50,£5.00 per kg,frozen,frozen_seafood,2024-11-19
Everyday Essentials Battered Fish Fillets 500g/4 Pack,£2.50,£5.00 per kg,frozen,frozen_seafood,2024-11-19
Everyday Essentials White Fish Fillets 520g,£2.49,£4.79 per kg,frozen,frozen_seafood,2024-11-19
The Fishmonger Ready To Cook King Prawns In Creamy Pest,£1.99,£14.42 per kg,frozen,frozen_seafood,2024-11-19
The Fishmonger Ready To Cook King Prawns In A Thai Gree,£1.99,£14.42 per kg,frozen,frozen_seafood,2024-11-19
Specially Selected Cheese & Dill Salmon Wellington 700g,£4.69,£6.70 per kg,frozen,frozen_seafood,2024-11-19
Specially Selected Leek & Cheese Salmon Wellington 700g,£4.69,£6.70 per kg,frozen,frozen_seafood,2024-11-19
Specially Selected Prawn & White Wine Salmon Wellington,£4.69,£6.70 per kg,frozen,frozen_seafood,2024-11-19
Specially Selected Rich & Creamy Coquilles St Jacques 2,£3.99,£15.35 per kg,frozen,frozen_seafood,2024-11-19
The Fishmonger Salt & Vinegar Fish Fillet Burgers 227g,£1.99,£8.77 per kg,frozen,frozen_seafood,2024-11-19
The Fishmonger Chunky Breaded Cod Fillets 500g/4 Pack,£4.19,£8.38 per kg,frozen,frozen_seafood,2024-11-19
The Fishmonger Chunky Battered Cod Fillets 500g/4 Pack,£4.19,£8.38 per kg,frozen,frozen_seafood,2024-11-19
Carlos Garlic Baguettes 338g/2 Pack,£0.85,£2.51 per kg,frozen,frozen_pizza,2024-11-19
Chicago Town 2 Original Deep Dish Four Cheese Pizza 2 X,£1.59,£5.37 per kg,frozen,frozen_pizza,2024-11-19
Chicago Town 2 Pepperoni Original Deep Dish Pizza (310g,£1.59,£5.13 per kg,frozen,frozen_pizza,2024-11-19
Carlos Thin Crust Stonebaked Sweet Chilli Chicken Pizza,£1.39,£4.09 per kg,frozen,frozen_pizza,2024-11-19
Carlos Chicken & Bacon With A Tomato Stuffed Crust Pizz,£2.25,£4.50 per kg,frozen,frozen_pizza,2024-11-19
Carlos Takeaway Loaded Pepperoni Pizza 490g,£2.25,£4.59 per kg,frozen,frozen_pizza,2024-11-19
Carlos Stonebaked Sourdough Spicy Meat Feast Pizza 394g,£1.99,£5.05 per kg,frozen,frozen_pizza,2024-11-19
Carlos Takeaway The Big Cheese Classic Crust Pizza 531g,£2.29,£4.31 per kg,frozen,frozen_pizza,2024-11-19
Carlos Thin Crust Stonebaked Margherita Pizza 330g,£1.39,£4.21 per kg,frozen,frozen_pizza,2024-11-19
Carlos Cheese & Tomato Pizza Subs 2x130g,£0.89,£3.42 per kg,frozen,frozen_pizza,2024-11-19
Carlos Pepperoni Pizza Subs 2x125g,£0.89,£3.56 per kg,frozen,frozen_pizza,2024-11-19
Carlos Deep Pan Three Cheese Pizza 385g,£1.19,£3.09 per kg,frozen,frozen_pizza,2024-11-19
Carlos Deep Pan Double Pepperoni Pizza 377g,£1.19,£3.16 per kg,frozen,frozen_pizza,2024-11-19
Carlos Thin Crust Stonebaked Ham & Pineapple Pizza 386g,£1.39,£3.60 per kg,frozen,frozen_pizza,2024-11-19
Carlos Takeaway Loaded Cheese Pizza 490g,£2.25,£4.59 per kg,frozen,frozen_pizza,2024-11-19
Carlos Flatbread Stonebaked Mozzarella & Basil 350g,£1.99,£5.69 per kg,frozen,frozen_pizza,2024-11-19
Carlos Ready To Share Garlic & Cheese Pizza Bread 236g,£1.15,£4.87 per kg,frozen,frozen_pizza,2024-11-19
Carlos Stonebaked Flatbread Chicken & Mango Pizza 390g,£1.99,£5.10 per kg,frozen,frozen_pizza,2024-11-19
Carlos Stonebaked Flatbread Calabrese Salami Pizza 360g,£1.99,£5.53 per kg,frozen,frozen_pizza,2024-11-19
Carlos Garlic Bread Slices 260g/10 Pack,£1.19,£4.58 per kg,frozen,frozen_pizza,2024-11-19
Carlos Takeaway Pepperoni Classic Crust Pizza 511g,£2.29,£4.48 per kg,frozen,frozen_pizza,2024-11-19
Carlos Thin & Crispy Pepperoni Pizza 314g,£0.97,£3.09 per kg,frozen,frozen_pizza,2024-11-19
Everyday Essentials Cheese & Tomato Pizza 314g,£0.97,£3.09 per kg,frozen,frozen_pizza,2024-11-19
Carlos Deep Pan Meat Feast Pizza 386g,£1.39,£3.67 per kg,frozen,frozen_pizza,2024-11-19
Specially Selected Chicken & Pesto Stonebaked Pizza 420,£2.49,£5.93 per kg,frozen,frozen_pizza,2024-11-19
Carlos Thin Crust Stonebaked Vegetable Pizza 390g,£1.39,£3.56 per kg,frozen,frozen_pizza,2024-11-19
Specially Selected Stonebaked Margherita Pizza 425g,£2.49,£5.86 per kg,frozen,frozen_pizza,2024-11-19
Carlos Chicken Tikka Pizza Stonebaked Flatbread 375g,£1.99,£5.31 per kg,frozen,frozen_pizza,2024-11-19
Carlos Pepperoni & Honey Pizza Stonebaked Flatbread 334,£1.99,£5.96 per kg,frozen,frozen_pizza,2024-11-19
Carlos Goat's Cheese Pizza Stonebaked Flatbread 350g,£1.99,£5.69 per kg,frozen,frozen_pizza,2024-11-19
Carlos Extra Thin Crispy Base Mozzarella Pizza 350g,£1.49,£4.26 per kg,frozen,frozen_pizza,2024-11-19
Carlos Extra Thin Speciale Pizza 330g,£1.49,£4.52 per kg,frozen,frozen_pizza,2024-11-19
Carlos Extra Thin Crispy Base Hawaiian Pizza 355g,£1.49,£4.20 per kg,frozen,frozen_pizza,2024-11-19
Carlos Takeaway The Big Cheese Pizza 580g,£2.85,£4.91 per kg,frozen,frozen_pizza,2024-11-19
Carlos Takeaway Triple Pepperoni Pizza 600g,£2.85,£4.75 per kg,frozen,frozen_pizza,2024-11-19
Specially Selected Stonebaked Spicy Salami & 'Nduja Piz,£2.49,£5.83 per kg,frozen,frozen_pizza,2024-11-19
Carlos Garlic Pizza Bread 220g,£1.15,£5.23 per kg,frozen,frozen_pizza,2024-11-19
Carlos Takeaway Chilli Dog Pizza 543g,£2.99,£5.51 per kg,frozen,frozen_pizza,2024-11-19
Carlos Stonebaked Sourdough Pizza BBQ Chicken & Bacon 3,£1.99,£5.44 per kg,frozen,frozen_pizza,2024-11-19
Carlos Thin Crust Stonebaked Double Pepperoni Pizza 330,£1.39,£4.21 per kg,frozen,frozen_pizza,2024-11-19
Carlos Mini Stonebaked Cheese & Tomato Pizzas 4x89g,£2.15,£6.04 per kg,frozen,frozen_pizza,2024-11-19
Carlos Fully Loaded Detroit Style Big Cheese Deep Pizza,£2.49,£5.97 per kg,frozen,frozen_pizza,2024-11-19
Carlos Fully Loaded Detroit Style American Hot Deep Piz,£2.49,£6.01 per kg,frozen,frozen_pizza,2024-11-19
Carlos Fully Loaded Detroit Style Deep Steak Out Pizza,£2.49,£5.97 per kg,frozen,frozen_pizza,2024-11-19
Carlos Takeaway Absolute Banger Pizza With A Hotdog Stu,£2.99,£5.59 per kg,frozen,frozen_pizza,2024-11-19
Carlos Takeaway Bacon Cheese Burger Pizza With A Cheese,£2.99,£5.54 per kg,frozen,frozen_pizza,2024-11-19
Carlos Takeaway Salt & Pepper Chicken Pizza With A Spic,£2.99,£5.67 per kg,frozen,frozen_pizza,2024-11-19
Carlos Takeaway BBQ Chicken & Bacon Stonebaked Pizza 60,£2.85,£4.75 per kg,frozen,frozen_pizza,2024-11-19
Gianni's Ice Cubes 2kg,£0.99,£0.05 per 100g,frozen,frozen_desserts_icecream,2024-11-19
Gianni's Vanilla Ice Cream Wafers 8x90ml,£1.85,£0.26 per 100ml,frozen,frozen_desserts_icecream,2024-11-19
Gianni's Neapolitan Ice Cream Wafers 8x90ml,£1.85,£0.26 per 100ml,frozen,frozen_desserts_icecream,2024-11-19
Giannis Madagascan Vanilla Ice Cream 1l,£2.49,£0.25 per 100ml,frozen,frozen_desserts_icecream,2024-11-19
Gianni's Salted Caramel Ice Cream 1l,£2.49,£0.25 per 100ml,frozen,frozen_desserts_icecream,2024-11-19
Dessert Menu Chocolate Gateau 350g,£1.75,£0.50 per 100g,frozen,frozen_desserts_icecream,2024-11-19
Dessert Menu Black Forest Gateau 375g,£1.75,£0.47 per 100g,frozen,frozen_desserts_icecream,2024-11-19
Gianni's Strawberry & Vanilla Ice Cream Cones 4x69g/4x1,£1.25,£0.28 per 100ml,frozen,frozen_desserts_icecream,2024-11-19
Strachan's Scottish Dairy Ice Cream 1l,£2.29,£2.29 per litre,frozen,frozen_desserts_icecream,2024-11-19
Strachan's Scottish Dairy Honeycomb Ice Cream 1l,£2.29,£2.29 per litre,frozen,frozen_desserts_icecream,2024-11-19
Gianni's Caramelised Biscuits Chocsticks 3x90ml,£1.85,£0.69 per 100ml,frozen,frozen_desserts_icecream,2024-11-19
Gianni's Soft Scoop Vanilla Ice Cream 2l,£1.85,£0.93 per litre,frozen,frozen_desserts_icecream,2024-11-19
Bon Appetit! All Butter Croissants 440g/8 Pack,£2.69,£0.61 per 100g,frozen,frozen_desserts_icecream,2024-11-19
Bon Appetit! All Butter Pains Au Chocolat 360g/6 Pack,£2.69,£0.75 per 100g,frozen,frozen_desserts_icecream,2024-11-19
Gianni's Reindeer Ice Cream Lollies 4x35g/4x60ml,£1.09,£0.45 per 100ml,frozen,frozen_desserts_icecream,2024-11-19
Gianni's Snowman Ice Cream Lollies 4x35g/4x60ml,£1.09,£0.45 per 100ml,frozen,frozen_desserts_icecream,2024-11-19
Dairyfine Racer Ice Creams 4x53ml,£1.99,£0.98 per 100ml,frozen,frozen_desserts_icecream,2024-11-19
Gianni's Traditional Real Dairy Ice Cream 1l,£2.29,£2.29 per litre,frozen,frozen_desserts_icecream,2024-11-19
Gianni's Real Dairy Honeycomb Ice Cream 1litre,£2.29,£2.29 per litre,frozen,frozen_desserts_icecream,2024-11-19
Dessert Menu Apple Strudel 600g,£1.55,£0.26 per 100g,frozen,frozen_desserts_icecream,2024-11-19
Gianni's Scottish Dairy Ice Cream Salted Caramel 1l,£2.29,£2.29 per litre,frozen,frozen_desserts_icecream,2024-11-19
Gianni's Tropico Exotic Fruit Lollies 3x100ml,£1.39,£0.46 per 100ml,frozen,frozen_desserts_icecream,2024-11-19
Gianni's Rainbow Lollies 4x65ml/4x65g,£1.09,£0.42 per 100ml,frozen,frozen_desserts_icecream,2024-11-19
Gianni's Creamy Vanilla Ice Cream 900ml,£1.99,£0.22 per 100ml,frozen,frozen_desserts_icecream,2024-11-19
Gianni's Soft Scoop Cornish Clotted Cream Ice Cream 2l,£3.29,£1.65 per litre,frozen,frozen_desserts_icecream,2024-11-19
Specially Selected Scottish Isles Sea Salt & Caramel Ic,£2.49,£0.50 per 100ml,frozen,frozen_desserts_icecream,2024-11-19
Specially Selected Deliciously Creamy Madagascan Vanill,£2.49,£0.50 per 100ml,frozen,frozen_desserts_icecream,2024-11-19
Dairyfine Titan Ice Cream 4x42g/4x51ml,£1.99,£0.98 per 100ml,frozen,frozen_desserts_icecream,2024-11-19
Gianni's Mint Chocolate Ice Creams 4x110ml,£1.49,£0.34 per 100ml,frozen,frozen_desserts_icecream,2024-11-19
Gianni's Salted Caramel 4x110ml,£1.49,£0.34 per 100ml,frozen,frozen_desserts_icecream,2024-11-19
Gianni's Whirlz Mini Lollies 8x40g,£1.99,£0.50 per 100ml,frozen,frozen_desserts_icecream,2024-11-19
Gianni's Cookie Dough Ice Cream 500ml,£2.29,£0.46 per 100ml,frozen,frozen_desserts_icecream,2024-11-19
Gianni's Chocolate Brownie Ice Cream 500ml,£2.29,£0.46 per 100ml,frozen,frozen_desserts_icecream,2024-11-19
Gianni's Cheeky Monkey Ice Cream 500ml,£2.29,£0.46 per 100ml,frozen,frozen_desserts_icecream,2024-11-19
Gianni's Toffee & Vanilla Ice Cream Cones 4x110ml,£1.25,£0.28 per 100ml,frozen,frozen_desserts_icecream,2024-11-19
Gianni's Mint & Chocolate Ice Cream Cones 4x110ml,£1.25,£0.28 per 100ml,frozen,frozen_desserts_icecream,2024-11-19
Gianni's Cookies & Cream Ice Cream Sandwich 6x55ml,£2.49,£0.75 per 100ml,frozen,frozen_desserts_icecream,2024-11-19
Gianni's Chocolate Chip Cookie Ice Cream Sandwiches 4x9,£2.49,£0.66 per 100ml,frozen,frozen_desserts_icecream,2024-11-19
Strachan's Ice Cubes 2kg,£0.99,£0.05 per 100g,frozen,frozen_desserts_icecream,2024-11-19
Strachan's Scottish Dairy Ice Cream 2l,£3.49,£1.75 per litre,frozen,frozen_desserts_icecream,2024-11-19
Strachan's Scottish Dairy Raspberry Ripple Ice Cream 1l,£2.29,£2.29 per litre,frozen,frozen_desserts_icecream,2024-11-19
Strachan's Scottish Dairy Mint Choc Chip Ice Cream 1l,£2.29,£2.29 per litre,frozen,frozen_desserts_icecream,2024-11-19
Strachan's Scottish Dairy Scottish Tablet Ice Cream 1l,£2.29,£2.29 per litre,frozen,frozen_desserts_icecream,2024-11-19
Gianni's Mini Chocsticks 8x50ml,£1.99,£0.50 per 100ml,frozen,frozen_desserts_icecream,2024-11-19
Gianni's White Chocolate Almond Mini Ice Creams 8x50ml,£1.99,£0.50 per 100ml,frozen,frozen_desserts_icecream,2024-11-19
Gianni's Milk Chocolate Almond Mini Ice Creams 8x50ml,£1.99,£0.50 per 100ml,frozen,frozen_desserts_icecream,2024-11-19
Gianni's Choco Bon 6x85ml,£2.29,£0.45 per 100ml,frozen,frozen_desserts_icecream,2024-11-19
Gianni's Mint & Chocolate Cones 4x74g/4x110ml,£1.25,£0.28 per 100ml,frozen,frozen_desserts_icecream,2024-11-19
Gianni's Vanilla & Toffee Cones 4x74g/4x110ml,£1.25,£0.28 per 100ml,frozen,frozen_desserts_icecream,2024-11-19
Gianni's Raspberry Ripple Cornish Clotted Cream Ice Cre,£2.79,£0.29 per 100ml,frozen,frozen_desserts_icecream,2024-11-19
Gianni's Chocolate Cornish Clotted Cream Ice Cream 950m,£2.79,£0.29 per 100ml,frozen,frozen_desserts_icecream,2024-11-19
Gianni's Salted Caramel Cornish Clotted Cream Ice Cream,£2.79,£0.29 per 100ml,frozen,frozen_desserts_icecream,2024-11-19
Gianni's Double Chocolate Ice Cream 3x72g,£2.49,£1.15 per 100g,frozen,frozen_desserts_icecream,2024-11-19
Gianni's Double Caramel Ice Cream 3x72g,£2.49,£1.15 per 100g,frozen,frozen_desserts_icecream,2024-11-19
"Gianni's White Chocolate Mango, Passion Fruit Ice Cream",£1.49,£0.34 per 100ml,frozen,frozen_desserts_icecream,2024-11-19
Specially Selected Madagascan Vanilla Ice Cream 480ml/3,£2.49,£0.52 per 100ml,frozen,frozen_desserts_icecream,2024-11-19
Specially Selected Salted Caramel Ice Cream 480ml/344g,£2.49,£0.52 per 100ml,frozen,frozen_desserts_icecream,2024-11-19
Village Bakery Bake From Frozen Cinnamon Swirls 4x79.5g,£1.99,£0.63 per 100g,frozen,frozen_desserts_icecream,2024-11-19
Village Bakery Bake From Frozen Maple & Pecan Plaits 4x,£1.99,£0.57 per 100g,frozen,frozen_desserts_icecream,2024-11-19
Gianni's Toffee & Vanilla Ice Cream 900ml,£1.99,£0.22 per 100ml,frozen,frozen_desserts_icecream,2024-11-19
Gianni's Vanilla Ice Cream 900ml,£1.99,£0.22 per 100ml,frozen,frozen_desserts_icecream,2024-11-19
Gianni's Strawberries & Cream Ice Cream 900ml,£1.99,£0.22 per 100ml,frozen,frozen_desserts_icecream,2024-11-19
Gianni's Mint Choc Chip Ice Cream 900ml,£1.99,£0.22 per 100ml,frozen,frozen_desserts_icecream,2024-11-19
Gianni's Triple Chocolate Ice Cream 900ml,£1.99,£0.22 per 100ml,frozen,frozen_desserts_icecream,2024-11-19
Dessert Menu Sticky Toffee Pudding 280g,£1.59,£0.57 per 100g,frozen,frozen_desserts_icecream,2024-11-19
Dessert Menu Jam Roly Poly 280g,£1.59,£0.57 per 100g,frozen,frozen_desserts_icecream,2024-11-19
Gianni's Ice Cubes 1kg,£0.99,£0.10 per 100g,frozen,frozen_desserts_icecream,2024-11-19
Specially Selected Sea Salt Chocolate & Caramel Pavlova,£5.49,£1.17 per 100g,frozen,frozen_desserts_icecream,2024-11-19
Specially Selected Black Forest Marbled Roulade 425g,£4.19,£0.99 per 100g,frozen,frozen_desserts_icecream,2024-11-19
Dessert Menu Chocolate S'mores Brownie 320g,£1.79,£0.56 per 100g,frozen,frozen_desserts_icecream,2024-11-19
Dessert Menu Caramelised Biscuit Gateau 600g,£2.89,£0.48 per 100g,frozen,frozen_desserts_icecream,2024-11-19
Dessert Menu Salted Caramel Cheesecake 750g,£2.99,£0.40 per 100g,frozen,frozen_desserts_icecream,2024-11-19
Dessert Menu Winter Berry Cheesecake 750g,£2.99,£0.40 per 100g,frozen,frozen_desserts_icecream,2024-11-19
Dessert Menu Chocolate & Honeycomb Gateau 600g,£2.89,£0.48 per 100g,frozen,frozen_desserts_icecream,2024-11-19
Gianni's Pistachio Mochi 6x35g/6 X 36ml,£3.25,£1.50 per 100ml,frozen,frozen_desserts_icecream,2024-11-19
Gianni's Chocolate & Hazelnut Mochi 6x35g/6 X 36ml,£3.25,£1.50 per 100ml,frozen,frozen_desserts_icecream,2024-11-19
Gianni's Mango & Passion Fruit Mochi 6x35g/6 X 36ml,£3.25,£1.50 per 100ml,frozen,frozen_desserts_icecream,2024-11-19
Let's Party Raspberry Mini Doughnuts 175g/14 Pack*,£1.79,£1.02 per 100g,frozen,frozen_desserts_icecream,2024-11-19
Let's Party Chocolate & Hazelnut Mini Donuts 160g/14 Pa,£1.79,£1.12 per 100g,frozen,frozen_desserts_icecream,2024-11-19
Specially Selected Salted Maple & Pecan Marbled Roulade,£4.19,£0.94 per 100g,frozen,frozen_desserts_icecream,2024-11-19
Baileys Eclairs 210g,£2.50,£1.19 per 100g,frozen,frozen_desserts_icecream,2024-11-19
Baileys Salted Caramel Profiteroles 216g,£2.50,£1.16 per 100g,frozen,frozen_desserts_icecream,2024-11-19
Specially Selected Mint Chocolate Ice Cream 500ml,£2.49,£0.50 per 100ml,frozen,frozen_desserts_icecream,2024-11-19
Specially Selected Ballycastle Ice Cream 500ml,£2.49,£0.50 per 100ml,frozen,frozen_desserts_icecream,2024-11-19
Gianni's White Almond Chocsticks 4x73g/4x100ml,£1.49,£0.34 per 100ml,frozen,frozen_desserts_icecream,2024-11-19
Specially Selected Raspberry & White Chocolate Semifred,£5.99,£1.17 per 100g,frozen,frozen_desserts_icecream,2024-11-19
Gianni's Fruit Spiral Lollies 5x70ml,£1.19,£0.34 per 100ml,frozen,frozen_desserts_icecream,2024-11-19
Gianni's Caramel Millionaire Ice Creams 3x85ml,£2.49,£0.98 per 100ml,frozen,frozen_desserts_icecream,2024-11-19
Dessert Menu Mixed Berry Crumble Tart 520g,£1.99,£0.38 per 100g,frozen,frozen_desserts_icecream,2024-11-19
Dessert Menu Apple Tart 450g,£1.99,£0.44 per 100g,frozen,frozen_desserts_icecream,2024-11-19
Dessert Menu Cherry Bakewell Tart 471g,£1.99,£0.42 per 100g,frozen,frozen_desserts_icecream,2024-11-19
Gianni's Tropico Mixed Berry Lollies 3x100ml,£1.39,£0.46 per 100ml,frozen,frozen_desserts_icecream,2024-11-19
Gianni's Milk Chocolate Ice Creams 4x100ml,£1.49,£0.37 per 100ml,frozen,frozen_desserts_icecream,2024-11-19
Gianni's Vanilla & Almond Ice Creams 4x100ml,£1.49,£0.37 per 100ml,frozen,frozen_desserts_icecream,2024-11-19
Gianni's Vanilla & White Chocolate Ice Creams 4x100ml,£1.49,£0.37 per 100ml,frozen,frozen_desserts_icecream,2024-11-19
Gianni's Tropical Flavour Mochi Ice Cream 6x36ml,£3.25,£1.50 per 100ml,frozen,frozen_desserts_icecream,2024-11-19
Gianni's Mochi Mango Sorbet 6x35g,£3.25,£1.50 per 100ml,frozen,frozen_desserts_icecream,2024-11-19
Gianni's Raspberry Millionaire Ice Cream Sticks 3x88ml,£2.49,£0.98 per 100ml,frozen,frozen_desserts_icecream,2024-11-19
Gianni's Chocolate & Hazelnut Ice Cream Cones 4x72g/4x1,£1.25,£0.28 per 100ml,frozen,frozen_desserts_icecream,2024-11-19
Dessert Menu New York Cheesecake 450g,£1.85,£0.41 per 100g,frozen,frozen_desserts_icecream,2024-11-19
Dessert Menu Salted Caramel Cheesecake 450g,£1.85,£0.41 per 100g,frozen,frozen_desserts_icecream,2024-11-19
Dessert Menu Chocolate Chip Muffin Cheesecake 370g,£1.85,£0.50 per 100g,frozen,frozen_desserts_icecream,2024-11-19
Dessert Menu Triple Chocolate Cheesecake 740g,£2.99,£0.40 per 100g,frozen,frozen_desserts_icecream,2024-11-19
"Specially Selected Passion Fruit, Raspberry & White Cho",£5.49,£1.12 per 100g,frozen,frozen_desserts_icecream,2024-11-19
Specially Selected Chocolate & Orange Ice Cream 500ml,£2.49,£0.50 per 100ml,frozen,frozen_desserts_icecream,2024-11-19
Specially Selected Millionaire's Bauble 500g,£7.99,£1.60 per 100g,frozen,frozen_desserts_icecream,2024-11-19
Dessert Menu Strawberry Gateau 375g,£1.75,£0.47 per 100g,frozen,frozen_desserts_icecream,2024-11-19
Giannis Chocolate Dairy Ice Cream With Belgian Chocolat,£2.49,£0.25 per 100ml,frozen,frozen_desserts_icecream,2024-11-19
Gianni's Pistachio Gelato Ice Cream Cups 2x90g,£2.99,£0.83 per 100ml,frozen,frozen_desserts_icecream,2024-11-19
Gianni's Salted Caramel Gelato Ice Cream Cups 2x90g,£2.99,£0.83 per 100ml,frozen,frozen_desserts_icecream,2024-11-19
Gianni's Tiramisu Gelato Ice Cream Cups 2x90g,£2.99,£0.83 per 100ml,frozen,frozen_desserts_icecream,2024-11-19
Specially Selected Almond Filled Croissants 280g/4 Pack,£2.15,£0.77 per 100g,frozen,frozen_desserts_icecream,2024-11-19
Specially Selected Chocolate & Hazelnut Filled Croissan,£2.15,£0.77 per 100g,frozen,frozen_desserts_icecream,2024-11-19
Specially Selected Pistachio Ice Cream 480ml/310g,£2.49,£0.52 per 100ml,frozen,frozen_desserts_icecream,2024-11-19
Four Seasons Blueberries 400g,£1.99,£4.98 per kg,frozen,frozen_fruit,2024-11-19
Four Seasons Four Berry Medley 1kg,£2.99,£2.99 per kg,frozen,frozen_fruit,2024-11-19
Four Seasons Summer Fruits 500g,£1.99,£3.98 per kg,frozen,frozen_fruit,2024-11-19
Four Seasons Black Forest Fruits 500g,£1.99,£3.98 per kg,frozen,frozen_fruit,2024-11-19
Four Seasons Dark Sweet Cherries 500g,£1.89,£3.78 per kg,frozen,frozen_fruit,2024-11-19
Four Seasons Mango Chunks 500g,£1.89,£3.78 per kg,frozen,frozen_fruit,2024-11-19
Four Seasons Pineapple Chunks 450g,£1.89,£4.20 per kg,frozen,frozen_fruit,2024-11-19
Four Seasons Green Smoothie Mix 500g,£1.85,£3.70 per kg,frozen,frozen_fruit,2024-11-19
Four Seasons Breakfast Topper 350g,£1.85,£5.29 per kg,frozen,frozen_fruit,2024-11-19
Four Seasons Strawberry & Banana Smoothie Mix 500g,£1.85,£3.70 per kg,frozen,frozen_fruit,2024-11-19
Four Seasons Whole Frozen Strawberries 350g,£1.89,£5.40 per kg,frozen,frozen_fruit,2024-11-19
Four Seasons Frozen Raspberries 350g,£1.89,£5.40 per kg,frozen,frozen_fruit,2024-11-19
Dairyfine White Chocolate Coins 75g,£0.85,£1.13 per 100g,cupboard,treats,2024-11-19
"Thorntons Continental Milk, Dark, White Chocolate Box 2",£7.49,£2.84 per 100g,cupboard,treats,2024-11-19
Dairyfine Milk Chocolate Santa Christmas Tree Decoratio,£1.69,£1.69 per 100g,cupboard,treats,2024-11-19
Dairyfine Milk Chocolate Bell Christmas Tree Decoration,£1.69,£1.69 per 100g,cupboard,treats,2024-11-19
Dairyfine Milk Chocolate Bauble Christmas Tree Decorati,£1.69,£1.69 per 100g,cupboard,treats,2024-11-19
Dairyfine Milk Chocolate Cone Christmas Tree Decoration,£1.69,£1.69 per 100g,cupboard,treats,2024-11-19
Dairyfine Jive Bar 12 Pack,£1.45,£0.12 per 100g,cupboard,treats,2024-11-19
Dairyfine Romeo 4 Pack,£1.19,£0.30 per 100g,cupboard,treats,2024-11-19
Maltesers Milk Chocolate & Honeycomb Bites Bag Fairtrad,£1.65,£1.62 per 100g,cupboard,treats,2024-11-19
The Pantry Pink & White Mini Marshmallows 180g,£1.25,£0.69 per 100g,cupboard,treats,2024-11-19
Galaxy Minstrels Milk Chocolate Buttons Pouch Bag 125g,£1.65,£1.32 per 100g,cupboard,treats,2024-11-19
"Revels Milk Chocolate With Raisins, Coffee Or Orange Bi",£1.65,£1.47 per 100g,cupboard,treats,2024-11-19
Choceur Milk Chocolate Smooth Praline 40g,£2.69,£1.35 per 100g,cupboard,treats,2024-11-19
Knoppers Milk Hazelnut Wafer 100g,£1.29,£1.29 per 100g,cupboard,treats,2024-11-19
Kinder Medium Chocolate Bars (126g) 6x21g,£1.59,£1.26 per 100g,cupboard,treats,2024-11-19
Extra White Bubblemint Sugarfree Chewing Gum Bottle 64g,£1.99,£3.11 per 100g,cupboard,treats,2024-11-19
Quality Street 600g,£4.49,£0.75 per 100g,cupboard,treats,2024-11-19
Dominion Complimints Sugar Free Spearmint Mints 30g/60,£0.89,£2.97 per 100g,cupboard,treats,2024-11-19
Dominion Complimints Sugar Free Peppermint Mints 30g/60,£0.89,£2.97 per 100g,cupboard,treats,2024-11-19
Dominion Complimints Sugar Free Strong Mints 30g,£0.89,£2.97 per 100g,cupboard,treats,2024-11-19
Cadbury Double Decker Chocolate Bar 4 Pack 4x37.3g,£1.35,£0.90 per 100g,cupboard,treats,2024-11-19
Rowntree's Fruit Pastilles 115g,£1.25,£1.09 per 100g,cupboard,treats,2024-11-19
Smarties 120g,£1.25,£1.04 per 100g,cupboard,treats,2024-11-19
Dominion Lemon Sherbets 200g,£0.99,£0.50 per 100g,cupboard,treats,2024-11-19
Dominion Fruit Sherbets 200g,£0.99,£0.50 per 100g,cupboard,treats,2024-11-19
Knoppers Nut Bar (120g) 3x40g,£1.29,£1.08 per 100g,cupboard,treats,2024-11-19
Dairyfine Milk Chocolate Coins 75g,£0.85,£1.13 per 100g,cupboard,treats,2024-11-19
Dairyfine Mini Chocolate Santas 125g/25 Pack,£3.29,£2.63 per 100g,cupboard,treats,2024-11-19
Dairyfine Milk Chocolate Filled Sprouts 75g,£0.95,£1.27 per 100g,cupboard,treats,2024-11-19
Dairyfine Milk Chocolate Santa Figure 175g,£1.49,£0.85 per 100g,cupboard,treats,2024-11-19
Maltesers Reindeer Chocolate Christmas Mini Treats Bag,£1.25,£2.12 per 100g,cupboard,treats,2024-11-19
Dairyfine Mini Chocolate Snowmen 125g/25 Pack,£3.29,£2.63 per 100g,cupboard,treats,2024-11-19
Dairyfine Mini Chocolate Bears 125g/25 Pack,£3.29,£2.63 per 100g,cupboard,treats,2024-11-19
Dairyfine Milk Chocolate Filled Xmas Puddings 75g,£0.95,£1.27 per 100g,cupboard,treats,2024-11-19
Extra Cool Breeze Sugarfree Chewing Gum Multipack 37.8g,£1.39,£3.68 per 100g,cupboard,treats,2024-11-19
Extra Peppermint Sugarfree Chewing Gum Multipack 37.8g,£1.39,£3.68 per 100g,cupboard,treats,2024-11-19
Extra Spearmint Sugarfree Chewing Gum Multipack 37.8g,£1.39,£3.68 per 100g,cupboard,treats,2024-11-19
Extra White Bubblemint Chewing Gum Sugar Free Multipack,£1.39,£3.68 per 100g,cupboard,treats,2024-11-19
Airwaves Airwaves Menthol & Eucalyptus Flavour Sugar Fr,£1.39,£3.68 per 100g,cupboard,treats,2024-11-19
Dominion Sugar Free Mini Gums 75g,£0.99,£1.32 per 100g,cupboard,treats,2024-11-19
Dominion Sugar Free Soft Foams 75g,£0.99,£1.32 per 100g,cupboard,treats,2024-11-19
Dominion Sugar Free Sweet Liquorice 75g,£0.99,£1.32 per 100g,cupboard,treats,2024-11-19
Dominion Blackcurrant & Liquorice Sweets 200g,£0.99,£0.50 per 100g,cupboard,treats,2024-11-19
Dominion Sugar Free Creamy Cappuccino Sweets 44g,£0.95,£2.16 per 100g,cupboard,treats,2024-11-19
Dominion Sugar Free Creamy Butterscotch Sweets 44g,£0.95,£2.16 per 100g,cupboard,treats,2024-11-19
Dominion Raspberry Flavour Mushrooms 75g,£0.55,£0.73 per 100g,cupboard,treats,2024-11-19
Moser Roth Salted Caramel Dark Chocolate Bar 5x25g,£1.95,£1.56 per 100g,cupboard,treats,2024-11-19
Dominion Fizzy Strawberry Lances 75g,£0.37,£0.49 per 100g,cupboard,treats,2024-11-19
Dominion Fizzy Cola Flavour Lances 75g,£0.37,£0.49 per 100g,cupboard,treats,2024-11-19
Dominion Strawberry Laces 75g,£0.37,£0.49 per 100g,cupboard,treats,2024-11-19
Dominion Fizzy Rainbow Belts 75g,£0.37,£0.49 per 100g,cupboard,treats,2024-11-19
Dominion Strawberry Pencils 75g,£0.37,£0.49 per 100g,cupboard,treats,2024-11-19
Moser Roth Mint Dark Chocolate Bars 5x25g,£1.95,£1.56 per 100g,cupboard,treats,2024-11-19
Moser Roth Orange & Almond Dark Chocolate Bars 5x25g,£1.95,£1.56 per 100g,cupboard,treats,2024-11-19
Moser Roth Sea Salt Dark Chocolate Bars 5x25g,£1.95,£1.56 per 100g,cupboard,treats,2024-11-19
Moser Roth 85% Cocoa Chocolate Bars 5x25g,£1.95,£1.56 per 100g,cupboard,treats,2024-11-19
Moser Roth 70% Cocoa Dark Chocolate Bars 5x25g,£1.95,£1.56 per 100g,cupboard,treats,2024-11-19
Moser Roth Milk Chocolate Bar 5x25g,£1.95,£1.56 per 100g,cupboard,treats,2024-11-19
Dominion Jelly Beans Original 200g,£1.59,£0.80 per 100g,cupboard,treats,2024-11-19
Dominion Jelly Beans Sours 200g,£1.59,£0.80 per 100g,cupboard,treats,2024-11-19
Dairyfine Caramel Crunch 152g,£1.19,£0.78 per 100g,cupboard,treats,2024-11-19
Dairyfine Giant Buttons Milk Chocolate 120g,£0.99,£0.83 per 100g,cupboard,treats,2024-11-19
Dairyfine Giant White Chocolate Buttons 120g,£0.99,£0.83 per 100g,cupboard,treats,2024-11-19
Dairyfine Giant Caramel Buttons 120g,£0.99,£0.83 per 100g,cupboard,treats,2024-11-19
Dominion Leo Lion Fruit Jellies 170g,£1.35,£0.79 per 100g,cupboard,treats,2024-11-19
Dominion Walter Worm Chewy Fruit Gums 170g,£1.35,£0.79 per 100g,cupboard,treats,2024-11-19
Dominion Wendy Worm Chewy Fruit Gums 170g,£1.35,£0.79 per 100g,cupboard,treats,2024-11-19
Dairyfine Fruit & Nut Chocolate 200g,£1.35,£0.68 per 100g,cupboard,treats,2024-11-19
Dairyfine Whole Nut Chocolate 200g,£1.35,£0.68 per 100g,cupboard,treats,2024-11-19
Choceur Milk Chocolate 40g,£2.69,£1.35 per 100g,cupboard,treats,2024-11-19
Choceur Dark Chocolate 40g,£2.69,£1.35 per 100g,cupboard,treats,2024-11-19
Choceur White Chocolate 40g,£2.69,£1.35 per 100g,cupboard,treats,2024-11-19
Dominion Sugar Free Jelly Bears 75g,£0.99,£1.32 per 100g,cupboard,treats,2024-11-19
Dominion Dolly Mixtures 75g,£0.55,£0.73 per 100g,cupboard,treats,2024-11-19
Dominion Milk Bottles 75g,£0.55,£0.73 per 100g,cupboard,treats,2024-11-19
Dominion Foam Bananas & Shrimps 75g,£0.55,£0.73 per 100g,cupboard,treats,2024-11-19
Dominion Mint Imperials 200g,£0.79,£0.40 per 100g,cupboard,treats,2024-11-19
Galaxy Smooth Milk Chocolate Large Gifting Bar 360.0g,£3.49,£0.97 per 100g,cupboard,treats,2024-11-19
Maltesers Milk Chocolate & Honeycomb Gift Box Of Chocol,£3.99,£1.29 per 100g,cupboard,treats,2024-11-19
After Eight Delightfully Minty Dark Chocolate Thins 300,£2.49,£0.83 per 100g,cupboard,treats,2024-11-19
Tunnock's Snowballs Coconut Covered Marshmallows 6x30g,£0.99,£0.55 per 100g,cupboard,treats,2024-11-19
Thorntons Classic 262g,£5.99,£2.29 per 100g,cupboard,treats,2024-11-19
Quality Street Matchmakers Cool Mint 120g,£1.35,£1.13 per 100g,cupboard,treats,2024-11-19
Ferrero Rocher Chocolate Pralines Gift Box Of Chocolate,£4.49,£2.25 per 100g,cupboard,treats,2024-11-19
Dominion Butter Mintoes 200g,£0.79,£0.40 per 100g,cupboard,treats,2024-11-19
Dominion Mint Humbugs Boiled Sweets 200g,£0.79,£0.40 per 100g,cupboard,treats,2024-11-19
Dominion Lemon Sherbert Sweets 200g,£0.99,£0.50 per 100g,cupboard,treats,2024-11-19
Dominion Rhubarb & Custard Sweets 200g,£0.99,£0.50 per 100g,cupboard,treats,2024-11-19
Dairyfine Titan 6 Pack,£1.19,£0.52 per 100g,cupboard,treats,2024-11-19
Dairyfine Dreemy Bars 256g/16 Bars*,£1.45,£0.57 per 100g,cupboard,treats,2024-11-19
Dairyfine Racer 6 Pack,£1.19,£0.52 per 100g,cupboard,treats,2024-11-19
Dairyfine Jive 5 Pack,£1.19,£0.57 per 100g,cupboard,treats,2024-11-19
Choceur Milk Chocolate 200g,£1.89,£0.95 per 100g,cupboard,treats,2024-11-19
Choceur White Chocolate 200g,£1.89,£0.95 per 100g,cupboard,treats,2024-11-19
Choceur Rich & Creamy Dark Chocolate 200g,£1.89,£0.95 per 100g,cupboard,treats,2024-11-19
Choceur Smooth & Creamy Fruit & Nut Chocolate 200g,£1.89,£0.95 per 100g,cupboard,treats,2024-11-19
Choceur Smooth & Creamy Milk Almond Chocolate 200g,£1.89,£0.95 per 100g,cupboard,treats,2024-11-19
Choceur Smooth & Creamy Dark Hazelnut Chocolate 200g,£1.89,£0.95 per 100g,cupboard,treats,2024-11-19
Choceur Smooth & Creamy Caramel Chocolate 200g,£1.89,£0.95 per 100g,cupboard,treats,2024-11-19
Choceur Milk Chocolate With Salted Pretzel Pieces 200g,£1.89,£0.95 per 100g,cupboard,treats,2024-11-19
Dominion Sugar Free Rhubarb & Custard Sweets 44g,£0.95,£2.16 per 100g,cupboard,treats,2024-11-19
Dominion Sugar Free Clear Fruits 44g,£0.95,£2.16 per 100g,cupboard,treats,2024-11-19
Dominion Sugar Free Clear Mints 44g,£0.95,£2.16 per 100g,cupboard,treats,2024-11-19
Dominion Sugar Free Creamy Strawberry Sweets 44g,£0.95,£2.16 per 100g,cupboard,treats,2024-11-19
Choceur Milk Hazelnut Chocolate 100g,£1.29,£1.29 per 100g,cupboard,treats,2024-11-19
Dominion Sugar Free Blackcurrant & Liquorice 70g,£0.99,£1.41 per 100g,cupboard,treats,2024-11-19
Dominion Sugar Free Cola Sherbet Sweets 70g,£0.99,£1.41 per 100g,cupboard,treats,2024-11-19
Dominion Sugar Free Lemon Sherbets Sweets 70g,£0.99,£1.41 per 100g,cupboard,treats,2024-11-19
Haribo Starmix 175g,£1.25,£0.71 per 100g,cupboard,treats,2024-11-19
Haribo Tangfastics Bag 175g,£1.25,£0.71 per 100g,cupboard,treats,2024-11-19
Maoam Stripes 140g,£1.09,£0.78 per 100g,cupboard,treats,2024-11-19
Maoam Pinballs 140g,£1.09,£0.78 per 100g,cupboard,treats,2024-11-19
Maoam Joystixx 140g,£1.09,£0.78 per 100g,cupboard,treats,2024-11-19
Haribo Supermix Bag 175g,£1.25,£0.71 per 100g,cupboard,treats,2024-11-19
Haribo Giant Strawbs Bag 175g,£1.25,£0.71 per 100g,cupboard,treats,2024-11-19
Haribo Super Mini Mix Multipack Bag 336g,£2.39,£0.71 per 100g,cupboard,treats,2024-11-19
Kinder Bueno Milk And Hazelnuts Bars (172g) 4x43g,£2.39,£1.39 per 100g,cupboard,treats,2024-11-19
Cadbury Dairy Milk Chocolate Bar 95g,£1.29,£1.36 per 100g,cupboard,treats,2024-11-19
Cadbury Dairy Milk Fruit And Nut Chopped Chocolate Bar,£1.29,£1.36 per 100g,cupboard,treats,2024-11-19
Cadbury Twirl Chocolate Bar 5 Pack 5 X 21.5g,£1.45,£1.35 per 100g,cupboard,treats,2024-11-19
Cadbury Crunchie Bars (104.4g) 4 X 26.1g,£1.35,£1.29 per 100g,cupboard,treats,2024-11-19
Specially Selected Scottish Tablet 95g,£0.99,£10.42 per kg,cupboard,treats,2024-11-19
Specially Selected Scottish Tablet 150g,£1.29,£8.60 per kg,cupboard,treats,2024-11-19
Specially Selected Scottish Fudge 150g,£1.29,£8.60 per kg,cupboard,treats,2024-11-19
Specially Selected Scottish Macaroon 150g,£1.29,£8.60 per kg,cupboard,treats,2024-11-19
Terry's Chocolate Orange Milk 157g,£1.49,£0.95 per 100g,cupboard,treats,2024-11-19
Choceur Salted Caramel Waves 125g,£1.99,£1.59 per 100g,cupboard,treats,2024-11-19
Choceur Milk Chocolate Waves 125g,£1.99,£1.59 per 100g,cupboard,treats,2024-11-19
Choceur Mint Waves 125g,£1.99,£1.59 per 100g,cupboard,treats,2024-11-19
Choceur Orange Waves 125g,£1.99,£1.59 per 100g,cupboard,treats,2024-11-19
Dominion Tangy Watermelon Luxury Gummy Candies 120g,£0.99,£0.83 per 100g,cupboard,treats,2024-11-19
Dominion Juicy Strawberry Luxury Gummy Candies 120g,£0.99,£0.83 per 100g,cupboard,treats,2024-11-19
Dominion Fizzy Pineapple Luxury Gummy Candies 120g,£0.99,£0.83 per 100g,cupboard,treats,2024-11-19
Dairyfine Milk Chocolate Buttons 70g,£0.65,£0.93 per 100g,cupboard,treats,2024-11-19
Dairyfine White Chocolate Buttons 70g,£0.65,£0.93 per 100g,cupboard,treats,2024-11-19
Dairyfine Bubbly Milk Chocolate 100g,£1.19,£1.19 per 100g,cupboard,treats,2024-11-19
Dairyfine Mint Bubbly Chocolate 100g,£1.19,£1.19 per 100g,cupboard,treats,2024-11-19
Dairyfine Bubbly Orange Chocolate 100g,£1.19,£1.19 per 100g,cupboard,treats,2024-11-19
Dairyfine Strawberry Yogurt Mini Delights 200g/11 Pack,£2.09,£1.05 per 100g,cupboard,treats,2024-11-19
Dairyfine Hazelnut Crisp Mini Delights 200g/11 Pack,£2.09,£1.05 per 100g,cupboard,treats,2024-11-19
Dairyfine Milk Chocolate Mini Delights 200g/11 Pack,£2.09,£1.05 per 100g,cupboard,treats,2024-11-19
Dairyfine Cookies & Milk Mini Delights 200g/11 Pack,£2.09,£1.05 per 100g,cupboard,treats,2024-11-19
Dairyfine Mint Creme 150g,£1.39,£0.93 per 100g,cupboard,treats,2024-11-19
Dairyfine Turkish Delight 150g,£1.39,£0.93 per 100g,cupboard,treats,2024-11-19
Dairyfine Hazelnut Spirals 150g /7 Pack,£1.99,£1.33 per 100g,cupboard,treats,2024-11-19
Dairyfine Spirals - Double Chocolate 7 Pack,£1.99,£1.33 per 100g,cupboard,treats,2024-11-19
Dairyfine Roar Bars 221g,£1.45,£0.66 per 100g,cupboard,treats,2024-11-19
Extra Spearmint Sugarfree Chewing Gum Bottle 64.0g,£1.99,£3.11 each,cupboard,treats,2024-11-19
Extra Peppermint Sugarfree Chewing Gum Bottle 64.0g,£1.99,£3.11 each,cupboard,treats,2024-11-19
Storck Knoppers Coconut Bar (120g) 3 X 40g,£1.29,£1.08 per 100g,cupboard,treats,2024-11-19
M&M's Crispy Milk Chocolate Bites Pouch Bag 107.0g,£1.65,£1.54 per 100g,cupboard,treats,2024-11-19
Dairyfine Deeno The Dinosaur 10x18g,£1.99,£1.11 per 100g,cupboard,treats,2024-11-19
Twix Caramel & Milk Chocolate Fingers Twin Biscuit Snac,£1.69,£0.26 per 100g,cupboard,treats,2024-11-19
Dominion Teeth & Lips Gummies & Foams 150g,£0.79,£0.53 per 100g,cupboard,treats,2024-11-19
Dominion Gummy Mix 150g,£0.79,£0.53 per 100g,cupboard,treats,2024-11-19
Dominion Cola Bottles Gummies 150g,£0.79,£0.53 per 100g,cupboard,treats,2024-11-19
Dominion Jelly Cherries Gummies 150g,£0.79,£0.53 per 100g,cupboard,treats,2024-11-19
Dominion Sour Moon Babies 130g,£0.99,£0.76 per 100g,cupboard,treats,2024-11-19
Everyday Essentials White Chocolate 100g,£0.49,£0.49 per 100g,cupboard,treats,2024-11-19
Everyday Essentials Milk Chocolate 100g,£0.49,£0.49 per 100g,cupboard,treats,2024-11-19
Everyday Essentials Dark Chocolate 100g,£0.49,£0.49 per 100g,cupboard,treats,2024-11-19
Swizzels An Assortment Of Family Favourite Sweets 650g,£3.99,£0.61 per 100g,cupboard,treats,2024-11-19
Dairyfine Milk Chocolate Gonk 30g,£0.49,£1.63 per 100g,cupboard,treats,2024-11-19
Specially Selected Fudge Clotted Cream 150g,£1.79,£1.19 per 100g,cupboard,treats,2024-11-19
Specially Selected Salted Caramel Fudge 150g,£1.79,£1.19 per 100g,cupboard,treats,2024-11-19
Dairyfine Giant Milk Chocolate Coin 80g,£0.99,£1.24 per 100g,cupboard,treats,2024-11-19
Choceur Milk & White Chocolate 200g,£1.89,£0.95 per 100g,cupboard,treats,2024-11-19
Dominion All Sports Fruit Gums 160g,£0.99,£0.62 per 100g,cupboard,treats,2024-11-19
Dominion Fruit Gums 160g,£0.99,£0.62 per 100g,cupboard,treats,2024-11-19
Dominion Rainbow Dots 160g,£0.99,£0.62 per 100g,cupboard,treats,2024-11-19
Dairyfine Milk Chocolate Marshmallow Bites 100g,£1.79,£1.79 per 100g,cupboard,treats,2024-11-19
Specially Selected Dessert Selection Assorted Chocolate,£5.69,£3.16 per 100g,cupboard,treats,2024-11-19
Specially Selected Boozy Collection 166g,£5.69,£3.43 per 100g,cupboard,treats,2024-11-19
Specially Selected Classic Selection Assorted Chocolate,£5.69,£3.56 per 100g,cupboard,treats,2024-11-19
Dairyfine Milk Chocolate Reindeer 100g,£0.89,£0.89 per 100g,cupboard,treats,2024-11-19
Dairyfine White Chocolate Unicorn 100g,£0.89,£0.89 per 100g,cupboard,treats,2024-11-19
Specially Selected Fruit & Nut Swiss Chocolate Mountain,£1.69,£1.69 per 100g,cupboard,treats,2024-11-19
Specially Selected Swiss Blonde Chocolate Mountain Bar,£1.69,£1.69 per 100g,cupboard,treats,2024-11-19
Specially Selected Swiss Milk Chocolate Mountain Bar 10,£1.69,£1.69 per 100g,cupboard,treats,2024-11-19
Choceur Dark Chocolate Marzipan Bar 125g,£1.99,£1.59 per 100g,cupboard,treats,2024-11-19
Choceur Marzipan Bar Rum & Raisin 125g,£1.99,£1.59 per 100g,cupboard,treats,2024-11-19
Choceur Hazelnut Praline Marzipan Bar 125g,£1.99,£1.59 per 100g,cupboard,treats,2024-11-19
Dairyfine Salted Caramel Gonks 90g,£1.29,£1.43 per 100g,cupboard,treats,2024-11-19
Dairyfine Milk Chocolate Peanut Butter Christmas Trees,£1.29,£1.43 per 100g,cupboard,treats,2024-11-19
Savour Bakes Favourites Cracker Selection 225g,£1.25,£0.56 per 100g,cupboard,treats,2024-11-19
Specially Selected Cheese Crispies 100g,£1.29,£1.29 per 100g,cupboard,treats,2024-11-19
Specially Selected Mini Cheese Straws 100g,£1.29,£1.29 per 100g,cupboard,treats,2024-11-19
Specially Selected Cheese & Onion Palmiers 100g,£1.29,£1.29 per 100g,cupboard,treats,2024-11-19
Mcvitie's Victoria Our Finest Biscuit Selection 778g,£5.99,£0.77 per 100g,cupboard,treats,2024-11-19
Kinder Surprise 100g,£4.49,£4.49 per 100g,cupboard,treats,2024-11-19
Kinder Joy Funko 20g,£0.99,£4.95 per 100g,cupboard,treats,2024-11-19
Milkybar 80g,£1.25,£1.56 per 100g,cupboard,treats,2024-11-19
Celebrations Chocolates Sharing Pouch Bag 325g,£2.99,£0.92 per 100g,cupboard,treats,2024-11-19
Specially Selected Milk Chocolate & Salted Caramel Flor,£2.49,£2.37 per 100g,cupboard,treats,2024-11-19
Specially Selected Blonde Chocolate Florentines 105g,£2.49,£2.37 per 100g,cupboard,treats,2024-11-19
Dairyfine Milk Chocolate Gonk With A Creamy Chocolate F,£2.29,£1.53 per 100g,cupboard,treats,2024-11-19
Dairyfine Milk Chocolate Gonk With A Creamy Milky Filli,£2.29,£1.53 per 100g,cupboard,treats,2024-11-19
Dairyfine Chocolate Parker The Penguin 62g,£1.99,£3.21 per 100g,cupboard,treats,2024-11-19
Dairyfine Chocolate Garry The Gingerbread Man 62g,£1.99,£3.21 per 100g,cupboard,treats,2024-11-19
Dairyfine Chocolate Santa 55g,£0.99,£1.80 per 100g,cupboard,treats,2024-11-19
Dairyfine Chocolate Penguin 55g,£0.99,£1.80 per 100g,cupboard,treats,2024-11-19
Belmont Chocolate Chip Cookies Snowman Bauble 50g,£2.49,£4.98 per 100g,cupboard,treats,2024-11-19
Belmont Chocolate Chip Cookies Penguin Bauble 50g,£2.49,£4.98 per 100g,cupboard,treats,2024-11-19
Belmont Chocolate Chip Cookies Santa Bauble 50g,£2.49,£4.98 per 100g,cupboard,treats,2024-11-19
Belmont Chocolate Chip Cookies Robin Bauble 50g,£2.49,£4.98 per 100g,cupboard,treats,2024-11-19
Dominion Strawberry Flavour Reindeer Marshmallow Lolly,£0.89,£1.98 per 100g,cupboard,treats,2024-11-19
Dominion Strawberry Flavour Santa Marshmallow Lolly 45g,£0.89,£1.98 per 100g,cupboard,treats,2024-11-19
Dominion Strawberry Flavour Snowman Marshmallow Lolly 4,£0.89,£1.98 per 100g,cupboard,treats,2024-11-19
Poppets Milk Choc Coated Chewy Toffee 100g,£1.25,£1.25 per 100g,cupboard,treats,2024-11-19
Poppets Minty Dark Choc Coated Mint Creams 100g,£1.25,£1.25 per 100g,cupboard,treats,2024-11-19
Poppets Salted Caramel Fudge Milk Choc Coated 100g,£1.25,£1.25 per 100g,cupboard,treats,2024-11-19
Dairyfine Milk Chocolate Honeycomb Bites 100g,£1.79,£1.79 per 100g,cupboard,treats,2024-11-19
Specially Selected Parmesan & Garlic Twists 125g,£1.59,£1.27 per 100g,cupboard,treats,2024-11-19
Specially Selected Gruyère & Poppy Seeds Twists 125g,£1.59,£1.27 per 100g,cupboard,treats,2024-11-19
Celebrations Milk Chocolate & Biscuit Bars Sharing Tub,£4.49,£0.82 per 100g,cupboard,treats,2024-11-19
Belmont Iced Lebkuchen Assortment 600g,£2.19,£0.37 per 100g,cupboard,treats,2024-11-19
Belmont Lebkuchen Mix 600g,£2.19,£0.37 per 100g,cupboard,treats,2024-11-19
Dairyfine White Chocolate Bons 200g,£2.65,£1.33 per 100g,cupboard,treats,2024-11-19
Dairyfine Milk Chocolate Bons 200g,£2.65,£1.33 per 100g,cupboard,treats,2024-11-19
Dairyfine Milk Chocolate Luna The Labrador 100g,£2.29,£2.29 per 100g,cupboard,treats,2024-11-19
Dairyfine Snowman White Chocolate Lolly 30g,£0.85,£2.83 per 100g,cupboard,treats,2024-11-19
Dairyfine Reindeer Milk Chocolate Lolly 30g,£0.85,£2.83 per 100g,cupboard,treats,2024-11-19
Dairyfine Sonny The Sloth Chocolates 137g,£6.99,£5.10 per 100g,cupboard,treats,2024-11-19
Dairyfine Rosie The Reindeer Chocolates 137g,£6.99,£5.10 per 100g,cupboard,treats,2024-11-19
Dairyfine Milk Chocolate Santa Lollies 10x15g,£1.79,£1.19 per 100g,cupboard,treats,2024-11-19
Dominion 12 Peppermint Candy Canes 144g,£0.99,£0.69 per 100g,cupboard,treats,2024-11-19
Dominion 12 Strawberry Candy Canes 144g,£0.99,£0.69 per 100g,cupboard,treats,2024-11-19
Dominion Liquorice Allsorts 230g,£0.85,£0.37 per 100g,cupboard,treats,2024-11-19
Dominion Vegan Wine Gums 230g,£0.85,£0.37 per 100g,cupboard,treats,2024-11-19
Dominion Fruit Pastilles 230g,£0.85,£0.37 per 100g,cupboard,treats,2024-11-19
Dairyfine Bubbly Caramel Chocolate 100g,£1.19,£1.19 per 100g,cupboard,treats,2024-11-19
Moser Roth Dark Chocolate Hazelnut Bars 5x25g,£1.95,£1.56 per 100g,cupboard,treats,2024-11-19
Dairyfine Giant Chocolate Buttons Orange 120g,£1.19,£0.99 per 100g,cupboard,treats,2024-11-19
Dairyfine Giant Chocolate Buttons Blended 120g,£1.19,£0.99 per 100g,cupboard,treats,2024-11-19
Dairyfine Santa Milk Chocolate Lolly 30g,£0.85,£2.83 per 100g,cupboard,treats,2024-11-19
Belmont Viennese Biscuits 105g,£1.75,£1.67 per 100g,cupboard,treats,2024-11-19
Walnut Whip (180g) 6 X 30g,£2.99,£1.66 per 100g,cupboard,treats,2024-11-19
Specially Selected Caramel Batons 130g,£5.99,£4.61 per 100g,cupboard,treats,2024-11-19
Veuve Monsigny Belgian Milk Chocolate Bottle With Marc,£9.99,£5.26 per 100g,cupboard,treats,2024-11-19
Specially Selected Belgian Chocolate Rounds 73g,£3.99,£5.47 per 100g,cupboard,treats,2024-11-19
Specially Selected Chocolate & Hazelnut Stollen Wreath,£12.99,£15.46 per kg,cupboard,treats,2024-11-19
Belmont Gingerbread Santa 68g,£0.99,£1.46 per 100g,cupboard,treats,2024-11-19
Belmont Shortbread Santa Face 57g,£0.99,£1.46 per 100g,cupboard,treats,2024-11-19
Belmont Milk Chocolate Gingerbread Men 200g,£1.49,£0.75 per 100g,cupboard,treats,2024-11-19
Belmont Dark Chocolate Gingerbread Men 200g,£1.49,£0.75 per 100g,cupboard,treats,2024-11-19
Dominion Festive Fizzies 220g,£1.55,£0.71 per 100g,cupboard,treats,2024-11-19
Dominion Yummy Gummies 220g,£1.55,£0.71 per 100g,cupboard,treats,2024-11-19
Dairyfine Milk Chocolate Parker The Penguin 100g,£2.29,£2.29 per 100g,cupboard,treats,2024-11-19
Dairyfine Milk Chocolate Rosie The Reindeer 100g,£2.29,£2.29 per 100g,cupboard,treats,2024-11-19
Belmont Cookie Assortment 400g,£4.35,£1.09 per 100g,cupboard,treats,2024-11-19
Belmont Merry Mates 7x19g,£1.39,£1.05 per 100g,cupboard,treats,2024-11-19
Belmont Milk Chocolate Christmas Tree Biscuits 200g,£1.99,£1.00 per 100g,cupboard,treats,2024-11-19
Belmont White Chocolate Christmas Tree Biscuits 200g,£1.99,£1.00 per 100g,cupboard,treats,2024-11-19
Belmont Shortbread Present 55g,£0.99,£1.46 per 100g,cupboard,treats,2024-11-19
Belmont Milk Chocolate Dominos 250g,£2.49,£1.00 per 100g,cupboard,treats,2024-11-19
Belmont Dark Chocolate Dominos 250g,£2.49,£1.00 per 100g,cupboard,treats,2024-11-19
Haysmith's Spiced Gin Truffles 125g,£2.99,£2.39 per 100g,cupboard,treats,2024-11-19
Dairyfine Rudy The Reindeer Hot Chocolate Bombe 50g,£0.95,£1.90 per 100g,cupboard,treats,2024-11-19
Dairyfine Roxy The Robin Hot Chocolate Bombe 50g,£0.95,£1.90 per 100g,cupboard,treats,2024-11-19
Dairyfine Peanut Choc Um's 140g,£1.29,£0.92 per 100g,cupboard,treats,2024-11-19
Werther's Original Butter Candies 135g,£1.19,£0.88 per 100g,cupboard,treats,2024-11-19
Werther's Original Creamy Filling 125g,£1.19,£0.95 per 100g,cupboard,treats,2024-11-19
Werther's Original Sugar Free Butter Candies 80g,£1.19,£1.49 per 100g,cupboard,treats,2024-11-19
Dairyfine Milk Chocolate Deeno The Dinosaur 10x18g,£1.99,£1.11 per 100g,cupboard,treats,2024-11-19
Dominion Mini Fruit Gems 200g,£0.85,£0.43 per 100g,cupboard,treats,2024-11-19
Choceur Dark Hazelnut Chocolate 100g,£1.29,£1.29 per 100g,cupboard,treats,2024-11-19
Millions Strawberry 45g,£0.49,£1.09 per 100g,cupboard,treats,2024-11-19
Dominion Flix 'N' Mix 340g,£1.35,£0.40 per 100g,cupboard,treats,2024-11-19
"Snickers Caramel, Nougat, Peanuts & Milk Chocolate Snac",£1.69,£0.25 per 100g,cupboard,treats,2024-11-19
"Mars Caramel, Nougat & Milk Chocolate Bars Multipack 4",£1.69,£0.27 per 100g,cupboard,treats,2024-11-19
Skittles Vegan Chewy Sweets Fruit Flavoured Pouch Bag 1,£1.25,£0.92 per 100g,cupboard,treats,2024-11-19
Dairyfine Wholenut Milk Chocolate 200g,£1.35,£0.68 per 100g,cupboard,treats,2024-11-19
Dairyfine Fruit & Nut Milk Chocolate 200g,£1.35,£0.68 per 100g,cupboard,treats,2024-11-19
Specially Selected Nocciola 150g,£2.99,£1.99 per 100g,cupboard,treats,2024-11-19
Dominion Peppermint Candy Cane Lolly 50g,£0.79,£1.58 per 100g,cupboard,treats,2024-11-19
Dominion Strawberry Candy Cane Lolly 50g,£0.79,£1.58 per 100g,cupboard,treats,2024-11-19
Specially Selected Chocolate Cherry Liqueurs 225g,£2.69,£1.20 per 100g,cupboard,treats,2024-11-19
Dairyfine Curious Inventions Milk Chocolate 160g,£1.49,£0.93 per 100g,cupboard,treats,2024-11-19
Dairyfine Curious Inventions White Chocolate 160g,£1.49,£0.93 per 100g,cupboard,treats,2024-11-19
Ballycastle Chocolate & Irish Cream Truffles 125g,£2.99,£2.39 per 100g,cupboard,treats,2024-11-19
Choceur Milk Chocolate Bons 200g,£2.65,£1.33 per 100g,cupboard,treats,2024-11-19
Choceur White Chocolate Bons 200g,£2.65,£1.33 per 100g,cupboard,treats,2024-11-19
Galaxy Ripple Chocolate Bars Multipack 4 X 120.0g,£1.69,£0.35 per 100g,cupboard,treats,2024-11-19
M&M's Chocolate Pouch Bag 125.0g,£1.65,£1.32 per 100g,cupboard,treats,2024-11-19
Specially Selected Belgian Salted Caramel Cocoa Dusted,£2.49,£1.25 per 100g,cupboard,treats,2024-11-19
Specially Selected Belgian Cocoa Dusted Truffles 200g,£2.49,£1.25 per 100g,cupboard,treats,2024-11-19
Specially Selected Belgian Marc De Champagne Cocoa Dust,£2.49,£1.25 per 100g,cupboard,treats,2024-11-19
Dairyfine Milk Chocolate Raisins 180g,£1.09,£0.61 per 100g,cupboard,treats,2024-11-19
Dairyfine Chocolate Coated Peanuts 180g,£1.09,£0.61 per 100g,cupboard,treats,2024-11-19
Swizzels Squashies Drumstick Sour Cherry & Apple Flavou,£0.99,£0.71 per 100g,cupboard,treats,2024-11-19
Swizzels Squashies Drumstick Original Raspberry & Milk,£0.99,£0.71 per 100g,cupboard,treats,2024-11-19
Dominion Fruit Chews Sweets 450g,£2.59,£0.58 per 100g,cupboard,treats,2024-11-19
Dominion Strawberry & Peach Flavour Complimints 30g,£0.89,£2.97 per 100g,cupboard,treats,2024-11-19
Dairyfine Parker The Penguin Chocolates 137g,£6.99,£5.10 per 100g,cupboard,treats,2024-11-19
Dairyfine Milk Chocolate 200g,£1.35,£0.68 per 100g,cupboard,treats,2024-11-19
Dairyfine Dark Chocolate 200g,£1.35,£0.68 per 100g,cupboard,treats,2024-11-19
Dominion Christmas Marshmallows 130g,£0.99,£0.76 per 100g,cupboard,treats,2024-11-19
Dominion Jelly Santas Gummy Sweets 160g,£0.99,£0.62 per 100g,cupboard,treats,2024-11-19
Dominion Sour Snowmen Gummy Sweets 160g,£0.99,£0.62 per 100g,cupboard,treats,2024-11-19
Skittles Chewies Fruits Sweets Pouch Bag 137.0g,£1.25,£0.91 per 100g,cupboard,treats,2024-11-19
Starburst Vegan Chewy Sweets Fruit Flavoured Pouch Bag,£1.25,£0.91 per 100g,cupboard,treats,2024-11-19
Dairyfine Crispy Choc Um's 121g,£1.29,£1.07 per 100g,cupboard,treats,2024-11-19
Cadbury 125g,£1.69,£1.35 per 100g,cupboard,treats,2024-11-19
Cadbury 78g,£1.15,£1.47 per 100g,cupboard,treats,2024-11-19
Galaxy Chocolate Large Christmas Selection Box 234g,£2.75,£1.18 per 100g,cupboard,treats,2024-11-19
"Belmont Lebkuchen Hearts, Stars & Pretzels 500g",£2.59,£0.52 per 100g,cupboard,treats,2024-11-19
Ferrero Rocher Chocolate Pralines Gift Box Of Chocolate,£8.75,£2.33 per 100g,cupboard,treats,2024-11-19
Specially Selected Whisky Fruit & Nut Tarts 179g/4 Pack,£2.25,£0.56 each,cupboard,treats,2024-11-19
Specially Selected Maple & Pecan Tarts 181g/4 Pack,£2.25,£0.56 each,cupboard,treats,2024-11-19
Specially Selected Triple Chocolate Sponge Pudding 450g,£6.49,£14.42 per kg,cupboard,treats,2024-11-19
Specially Selected Gingerbread And Butterscotch Christm,£8.99,£11.24 per kg,cupboard,treats,2024-11-19
"Specially Selected Ruby Port, Fig And Pear Puff Pastry",£2.59,£0.43 each,cupboard,treats,2024-11-19
Specially Selected All Butter Shortbread Fingers 160g,£1.49,£0.93 per 100g,cupboard,treats,2024-11-19
Specially Selected Traditional Turkish Delight 300g,£1.99,£0.66 per 100g,cupboard,treats,2024-11-19
Specially Selected Pomegranate Turkish Delight 300g,£1.99,£0.66 per 100g,cupboard,treats,2024-11-19
Cuthbert Christmas 605g,£6.49,£10.73 per kg,cupboard,treats,2024-11-19
Specially Selected Plum Marzipan Rounds 300g,£3.99,£1.33 per 100g,cupboard,treats,2024-11-19
Specially Selected Peanut Brittle 100g,£1.99,£1.99 per 100g,cupboard,treats,2024-11-19
Specially Selected All Butter Caramel Sticks 150g,£1.49,£0.99 per 100g,cupboard,treats,2024-11-19
Specially Selected All Butter Cinnamon Knots 150g,£1.49,£0.99 per 100g,cupboard,treats,2024-11-19
Specially Selected Stollen Cookies 270g/4 Pack,£2.49,£0.62 each,cupboard,treats,2024-11-19
Specially Selected Cherry Marzipan Rounds 300g,£3.99,£1.33 per 100g,cupboard,treats,2024-11-19
Specially Selected Orange Marzipan Rounds 300g,£3.99,£1.33 per 100g,cupboard,treats,2024-11-19
Milky Way Magic Stars Milk Chocolate Bites Pouch Bag 10,£1.65,£1.65 per 100g,cupboard,treats,2024-11-19
Specially Selected The Ultimate All Butter Mince Pies 2,£2.49,£1.25 each,cupboard,treats,2024-11-19
Cadbury Dairy Milk Winter Wonderland 100g,£1.49,£1.49 per 100g,cupboard,treats,2024-11-19
Cadbury Dairy Milk Mini Snowballs Bar 110g,£1.49,£1.35 per 100g,cupboard,treats,2024-11-19
Quality Street Favourites Golden Selection 283g,£2.99,£1.06 per 100g,cupboard,treats,2024-11-19
Quality Street Favourites Creme Selection 281g,£2.99,£1.06 per 100g,cupboard,treats,2024-11-19
Quality Street 300g,£2.99,£1.00 per 100g,cupboard,treats,2024-11-19
Specially Selected Belgian Milk Chocolate Flaked Truffl,£2.99,£1.50 per 100g,cupboard,treats,2024-11-19
Specially Selected Belgian Dark Chocolate Flaked Truffl,£2.99,£1.50 per 100g,cupboard,treats,2024-11-19
Specially Selected Belgian White Chocolate Flaked Truff,£2.99,£1.50 per 100g,cupboard,treats,2024-11-19
Specially Selected Lemon Meringue & White Chocolate Spo,£2.99,£9.97 per kg,cupboard,treats,2024-11-19
Specially Selected Pistachio Panettone 750g,£5.99,£7.99 per kg,cupboard,treats,2024-11-19
Specially Selected Swiss Chocolate Milk Chocolate Mount,£3.75,£1.04 per 100g,cupboard,treats,2024-11-19
Specially Selected Salted Caramel Flavour Milk Chocolat,£1.99,£3.98 per 100g,cupboard,treats,2024-11-19
Specially Selected Milk Chocolate Hot Chocolate Bombe 5,£1.99,£3.98 per 100g,cupboard,treats,2024-11-19
Specially Selected Vegan Salted Caramel Truffles 125g,£3.99,£3.19 per 100g,cupboard,treats,2024-11-19
Specially Selected Vegan Caramelised Biscuit Truffles 1,£3.99,£3.19 per 100g,cupboard,treats,2024-11-19
Airwaves Airwaves Menthol & Eucalyptus Flavour Sugar Fr,£1.99,£3.11 per 100g,cupboard,treats,2024-11-19
Extra White Sugarfree Chewing Gum Bottle 64.0g,£1.99,£3.11 per 100g,cupboard,treats,2024-11-19
Dairyfine Kevin The Carrot Chocolate Character 90g,£1.99,£2.21 per 100g,cupboard,treats,2024-11-19
Bebeto Assorted Fruit Twists 220g,£0.89,£0.41 per 100g,cupboard,treats,2024-11-19
Bebeto Fizzy Strawberry Pencils 220g,£0.89,£0.41 per 100g,cupboard,treats,2024-11-19
Dairyfine Kevin The Carrot Advent Calendar 65g,£1.49,£2.29 per 100g,cupboard,treats,2024-11-19
Galaxy Smooth Mint Chocolate Block Bar 110.0g,£1.35,£1.23 per 100g,cupboard,treats,2024-11-19
Galaxy Smooth Milk Chocolate Block Bar 100.0g,£1.35,£1.35 per 100g,cupboard,treats,2024-11-19
Galaxy Smooth Caramel & Milk Chocolate Block Bar 135.0g,£1.35,£1.00 per 100g,cupboard,treats,2024-11-19
Epic Snax Co. American Style Giant Toastin' Marshmallow,£1.99,£0.66 per 100g,cupboard,treats,2024-11-19
Celebrations Milk Chocolate Selection Box Of Mini Choco,£2.49,£1.35 per 100g,cupboard,treats,2024-11-19
Specially Selected Crinkle Cut Lightly Salted Potato Cr,£0.99,£0.66 per 100g,cupboard,snacks,2024-11-19
Specially Selected Steak & Ale Flavour Crinkle Cut Pota,£0.99,£0.66 per 100g,cupboard,snacks,2024-11-19
Specially Selected Lightly Sea Salted Hand Cooked Crisp,£0.99,£0.66 per 100g,cupboard,snacks,2024-11-19
Specially Selected Mature Cheddar & Red Onion Hand Cook,£0.99,£0.66 per 100g,cupboard,snacks,2024-11-19
Specially Selected Beef Wellington Flavour Crinkle Cut,£1.15,£0.77 per 100g,cupboard,snacks,2024-11-19
Specially Selected Turkey & Stuffing Hand Cooked Crisps,£1.15,£0.77 per 100g,cupboard,snacks,2024-11-19
Specially Selected Pigs In Blankets Hand Cooked Crisps,£1.15,£0.77 per 100g,cupboard,snacks,2024-11-19
Snackrite Christmas Star Shaped Salted Pretzels 300g,£1.49,£0.60 per 100g,cupboard,snacks,2024-11-19
Snackrite Christmas Star Shaped Sour Cream & Chive Pret,£1.49,£0.60 per 100g,cupboard,snacks,2024-11-19
Snackrite Savoury Snack Mix 250g,£1.35,£0.54 per 100g,cupboard,snacks,2024-11-19
Snackrite BBQ Lentil Chips 6x15g,£1.49,£1.66 per 100g,cupboard,snacks,2024-11-19
Snackrite Sea Salt Lentil Chips 6x15g,£1.49,£1.66 per 100g,cupboard,snacks,2024-11-19
Snackrite BBQ Lentil Chips 85g,£1.15,£1.35 per 100g,cupboard,snacks,2024-11-19
Snackrite Sea Salt Lentil Chips 85g,£1.15,£1.35 per 100g,cupboard,snacks,2024-11-19
The Foodie Market Cashew Nuts 200g,£1.75,£8.75 per kg,cupboard,snacks,2024-11-19
Specially Selected Steak Fajita Tortilla Chips 40g,£0.49,£1.23 per 100g,cupboard,snacks,2024-11-19
Specially Selected Sea Salt & Lime Tortilla Chips 40g,£0.49,£1.23 per 100g,cupboard,snacks,2024-11-19
Finlays Pickled Onion Flavoured Potato Crisps 150g,£1.15,£0.77 per 100g,cupboard,snacks,2024-11-19
Snackrite Mini Poppadoms 85g,£1.19,£1.40 per 100g,cupboard,snacks,2024-11-19
Snackrite Tangy Cheese Tortilla Chips 200g,£0.95,£0.48 per 100g,cupboard,snacks,2024-11-19
Snackrite Salted Tortilla Chips 200g,£0.95,£0.48 per 100g,cupboard,snacks,2024-11-19
Snackrite Cool Tortilla Chips 200g,£0.95,£0.48 per 100g,cupboard,snacks,2024-11-19
Snackrite Chilli Tortilla Chips 200g,£0.95,£0.48 per 100g,cupboard,snacks,2024-11-19
Foodie Market Mixed Nuts 200g,£1.65,£8.25 per kg,cupboard,snacks,2024-11-19
Snackrite Prawn Crackers 100g,£1.19,£1.19 per 100g,cupboard,snacks,2024-11-19
Specially Selected Hand Cooked Black Pepper & Sea Salt,£0.99,£0.66 per 100g,cupboard,snacks,2024-11-19
Specially Selected Sea Salt & Chardonnay Vinegar Hand C,£0.99,£0.66 per 100g,cupboard,snacks,2024-11-19
Specially Selected Root Vegetables With Sea Salt Hand C,£1.15,£1.15 per 100g,cupboard,snacks,2024-11-19
Snackrite Nacho Cheese Tortilla Chips 200g,£0.95,£0.48 per 100g,cupboard,snacks,2024-11-19
Snackrite Lightly Salted Tortilla Chips 200g,£0.95,£0.48 per 100g,cupboard,snacks,2024-11-19
Finlays Sea Salt Potato Crisps 150g,£1.15,£0.77 per 100g,cupboard,snacks,2024-11-19
Finlays Mature Cheddar & Chargrilled Onion Flavour Pota,£1.15,£0.77 per 100g,cupboard,snacks,2024-11-19
Snackrite Ready Salted Stackers 165g,£1.35,£0.90 per 100g,cupboard,snacks,2024-11-19
Snackrite Sour Cream & Onion Crisps 165g,£1.35,£0.82 per 100g,cupboard,snacks,2024-11-19
Snackrite BBQ Flavour Potato Snacks 165g,£1.35,£0.90 per 100g,cupboard,snacks,2024-11-19
Snackrite Salt & Vinegar Potato Snacks 165g,£1.35,£0.82 per 100g,cupboard,snacks,2024-11-19
Snackrite Multipack Ready Salted Potato Crisps 6x25g,£0.85,£0.57 per 100g,cupboard,snacks,2024-11-19
Snackrite Multipack Ridged Lights Ready Salted Crisps 6,£1.25,£0.83 per 100g,cupboard,snacks,2024-11-19
Snackrite Multipack Thick Cut Variety Ridge Lights Cris,£1.25,£0.83 per 100g,cupboard,snacks,2024-11-19
Snackrite Curlers 10x15g,£1.25,£0.83 per 100g,cupboard,snacks,2024-11-19
Snackrite Crispy Fries 10x15g,£1.25,£0.83 per 100g,cupboard,snacks,2024-11-19
Snackrite Cheezios 10x18g,£1.25,£0.72 per 100g,cupboard,snacks,2024-11-19
Snackrite Monster Claws Multipack 10x18g,£1.25,£0.72 per 100g,cupboard,snacks,2024-11-19
Snackrite Baked Cheezios Cheese Flavour 150g,£0.85,£0.57 per 100g,cupboard,snacks,2024-11-19
Snackrite Microwave Popcorn Salted 91g,£1.29,£0.47 per 100g,cupboard,snacks,2024-11-19
Snackrite Microwave Popcorn Sweet 273g,£1.29,£0.47 per 100g,cupboard,snacks,2024-11-19
Belmont Choc Chip Cookies 200g,£0.59,£0.29 per 100g,cupboard,snacks,2024-11-19
Snackrite Sweet Chilli Multigrain Waves 6x25g,£1.25,£0.83 per 100g,cupboard,snacks,2024-11-19
Snackrite Sour Cream & Black Pepper Multigrain Waves 6x,£1.25,£0.83 per 100g,cupboard,snacks,2024-11-19
Snackrite Onion Rings 150g,£0.85,£0.57 per 100g,cupboard,snacks,2024-11-19
Finlays Ridge Cut Prawn Cocktail Flavour Potato Crisps,£1.15,£0.77 per 100g,cupboard,snacks,2024-11-19
Finlays Ridge Cut Sea Salt & Cider Vinegar Potato Crisp,£1.15,£0.77 per 100g,cupboard,snacks,2024-11-19
Finlays Ridge Cut Lightly Salted Flavour Potato Crisps,£1.15,£0.77 per 100g,cupboard,snacks,2024-11-19
Everyday Essentials Lightly Salted Tortilla Chips 200g,£0.57,£0.29 per 100g,cupboard,snacks,2024-11-19
Snackrite Multipack Variety Crisps 30x25g,£3.99,£0.53 per 100g,cupboard,snacks,2024-11-19
Snackrite Multipack Prawn Cocktail Potato Crisps 6x25g,£0.89,£0.59 per 100g,cupboard,snacks,2024-11-19
Snackrite Multipack Ready Salted Crisps 6x25g,£0.85,£0.57 per 100g,cupboard,snacks,2024-11-19
Snackrite Cheese & Onion Flavour Crisps Multipack 6x25g,£0.89,£0.59 per 100g,cupboard,snacks,2024-11-19
Snackrite Multipack Crisps Salt & Vinegar 6x25g,£0.89,£0.59 per 100g,cupboard,snacks,2024-11-19
Snackrite Prawn Cocktail Flavour Crisps 6x25g,£0.89,£0.59 per 100g,cupboard,snacks,2024-11-19
Snackrite Ready Salted Crisps Multipack 6x25g,£0.85,£0.57 per 100g,cupboard,snacks,2024-11-19
Snackrite Multipack Salt & Vinegar Potato Crisps 6x25g,£0.89,£0.59 per 100g,cupboard,snacks,2024-11-19
Snackrite Multipack Cheese & Onion Flavour Crisps 6x25g,£0.89,£0.59 per 100g,cupboard,snacks,2024-11-19
Harvest Morn Yoghurt Coated Rice Cakes 150g,£1.55,£1.03 per 100g,cupboard,snacks,2024-11-19
Harvest Morn Chocolate Coated Rice Cakes 150g,£1.55,£1.03 per 100g,cupboard,snacks,2024-11-19
Specially Selected Multipack Hand Cooked Sea Salt Potat,£1.49,£0.99 per 100g,cupboard,snacks,2024-11-19
Specially Selected Mature Cheddar & Red Onion Hand Cook,£1.49,£0.99 per 100g,cupboard,snacks,2024-11-19
Snackrite Salt & Vinegar Crunchy Sticks 150g,£0.85,£0.57 per 100g,cupboard,snacks,2024-11-19
Mini Cheddars Jacob's 14 Red Leicester Flavour 14 X Pac,£2.75,£0.85 per 100g,cupboard,snacks,2024-11-19
Snackrite Thick Cut Ridged Searing King Prawn Crisps 15,£1.09,£0.73 per 100g,cupboard,snacks,2024-11-19
Snackrite Sour Cream & Chive Pretzels 6x22g,£1.25,£0.95 per 100g,cupboard,snacks,2024-11-19
Snackrite Salted Pretzels 6x22g,£1.25,£0.95 per 100g,cupboard,snacks,2024-11-19
Snackrite Thick Cut Ridge Variety Crisps 6x25g,£0.99,£0.66 per 100g,cupboard,snacks,2024-11-19
Snackrite Thick Cut Ridged Variety Meaty Crips 6x25g,£0.99,£0.66 per 100g,cupboard,snacks,2024-11-19
Snackrite Teddy Faces 6x15g,£0.99,£1.10 per 100g,cupboard,snacks,2024-11-19
Snackrite BBQ Beef Flavour Potato Hoops 6x25g,£1.15,£0.77 per 100g,cupboard,snacks,2024-11-19
Snackrite Salt & Vinegar Flavour Potato Hoops 6x25g,£1.15,£0.77 per 100g,cupboard,snacks,2024-11-19
Snackrite Baked Cheezios 150g,£0.85,£0.57 per 100g,cupboard,snacks,2024-11-19
Golden Wonder Fully Flavoured Cheese & Onion 6x25g,£1.29,£0.86 per 100g,cupboard,snacks,2024-11-19
Snackrite Cheese Mega Puffs 130g,£0.85,£0.65 per 100g,cupboard,snacks,2024-11-19
Snackrite Fiery Hot Mega Puffs 130g,£0.85,£0.65 per 100g,cupboard,snacks,2024-11-19
Snackrite Spicy Nibbley Nobblies 80g,£0.89,£1.11 per 100g,cupboard,snacks,2024-11-19
Snackrite Tiles Cheese & Onion Flavour 6x22g,£1.45,£1.10 per 100g,cupboard,snacks,2024-11-19
Snackrite Crispy Fries Multipack 10x15g,£1.25,£0.83 per 100g,cupboard,snacks,2024-11-19
Snackrite Pickled Onion Flavour Rocket Racers 6x13g,£1.25,£1.60 per 100g,cupboard,snacks,2024-11-19
Snackrite Beef Flavour Rocket Racers 6x13g,£1.25,£1.60 per 100g,cupboard,snacks,2024-11-19
"Snackrite Kruncherz Ready, Steady Salted 125g",£1.25,£1.00 per 100g,cupboard,snacks,2024-11-19
Snackrite Kruncherz Say Cheese 125g,£1.25,£1.00 per 100g,cupboard,snacks,2024-11-19
"Snackrite Family Snacks 18x18g, 6x17g/24 Pack",£2.49,£0.58 per 100g,cupboard,snacks,2024-11-19
Snackrite Saucy Nibbley Nobblies 80g,£0.89,£1.11 per 100g,cupboard,snacks,2024-11-19
Finlays Flamegrilled Aberdeen Angus Flavoured Potato Cr,£1.15,£0.77 per 100g,cupboard,snacks,2024-11-19
Snackrite Roast Chicken & Thyme Perfections 150g,£1.15,£0.77 per 100g,cupboard,snacks,2024-11-19
Snackrite Thai Sweet Chilli Perfections 150g,£1.15,£0.77 per 100g,cupboard,snacks,2024-11-19
Snackrite Chocolate Bombe Popcorn 110g,£0.89,£0.81 per 100g,cupboard,snacks,2024-11-19
Snackrite Sticky Toffee Pudding Flavour Popcorn 110g,£0.89,£0.81 per 100g,cupboard,snacks,2024-11-19
Snackrite Salted Deltas Strips 150g,£0.99,£0.66 per 100g,cupboard,snacks,2024-11-19
Snackrite BBQ Deltas Strips 150g,£0.99,£0.66 per 100g,cupboard,snacks,2024-11-19
Snackrite Cheese & Onion Flavour Crisps 6x25g,£0.89,£0.59 per 100g,cupboard,snacks,2024-11-19
Snackrite Turkey & Stuffing Baubles 150g,£0.99,£0.66 per 100g,cupboard,snacks,2024-11-19
Snackrite Tommy K Baubles 150g,£0.99,£0.66 per 100g,cupboard,snacks,2024-11-19
Snackrite Sweet BBQ Flavour Crunchy Sticks 125g,£0.99,£0.79 per 100g,cupboard,snacks,2024-11-19
Snackrite Chilli Cheese Flavour Crunchy Sticks 125g,£0.99,£0.79 per 100g,cupboard,snacks,2024-11-19
Snackrite Prawn Cocktail Stackz 165g,£1.49,£0.90 per 100g,cupboard,snacks,2024-11-19
Snackrite Salted Tortilla Trees 180g,£1.15,£0.64 per 100g,cupboard,snacks,2024-11-19
Snackrite Salted Tortilla Reindeer Noses 180g,£1.15,£0.64 per 100g,cupboard,snacks,2024-11-19
The Foodie Market Hand Popped Popcorn 27g,£0.49,£1.81 per 100g,cupboard,snacks,2024-11-19
The Foodie Market Hand Popped Popcorn Salted Caramel 27,£0.49,£1.81 per 100g,cupboard,snacks,2024-11-19
Snackrite Flame Grilled Steak Flavour Thick Cut Ridged,£1.09,£0.73 per 100g,cupboard,snacks,2024-11-19
Snackrite Thick Cut Ridged Thai Sweet Chicken Flavour C,£1.09,£0.73 per 100g,cupboard,snacks,2024-11-19
Mini Cheddars Jacob's Original 14 X Pack,£2.75,£0.85 per 100g,cupboard,snacks,2024-11-19
Walkers Classic Pack 12 X 25g,£2.99,£0.99 per 100g,cupboard,snacks,2024-11-19
Snackrite Prawn Cocktail Crisps 6x25g,£0.89,£0.59 per 100g,cupboard,snacks,2024-11-19
Snackrite Salt 'N' Vinegar Starry Night Mix 125g,£1.25,£1.00 per 100g,cupboard,snacks,2024-11-19
Snackrite Sour Cream & Chive Starry Night Mix 125g,£1.25,£1.00 per 100g,cupboard,snacks,2024-11-19
Snackrite Salt And Vinegar Flavour Tiles 6x22g,£1.45,£1.10 per 100g,cupboard,snacks,2024-11-19
Snackrite BBQ Popouts 5x17g,£1.35,£1.59 per 100g,cupboard,snacks,2024-11-19
Snackrite Sour Cream Popouts 5x17g,£1.35,£1.59 per 100g,cupboard,snacks,2024-11-19
Walkers Wotsits Really Cheesy Multipack Snacks Crisps 1,£2.99,£1.51 per 100g,cupboard,snacks,2024-11-19
Walkers Quavers Cheese Multipack Snacks Crisps 12 X 16g,£2.99,£1.51 per 100g,cupboard,snacks,2024-11-19
"Specially Selected Camembert, Chilli And Honey Crinkle",£1.15,£0.77 per 100g,cupboard,snacks,2024-11-19
Specially Selected Roast Duck With Spiced Rum Crinkle C,£1.15,£0.77 per 100g,cupboard,snacks,2024-11-19
Specially Selected Lobster Thermidor Crinkle Cut Crisps,£1.15,£0.77 per 100g,cupboard,snacks,2024-11-19
Specially Selected Butter Basted Turkey & Stuffing Hand,£1.49,£0.99 per 100g,cupboard,snacks,2024-11-19
Walkers Quavers Prawn Cocktail Sharing Snacks Crisps 11,£1.49,£1.28 per 100g,cupboard,snacks,2024-11-19
Walkers Quavers Cheese Sharing Snacks Crisps 116g,£1.49,£1.28 per 100g,cupboard,snacks,2024-11-19
Golden Wonder Fully Flavoured Variety Pack 20 X 25g,£3.75,£0.75 per 100g,cupboard,snacks,2024-11-19
Mr. Porky Original Scratchings 65g,£1.25,£1.92 per 100g,cupboard,snacks,2024-11-19
Smiths Frazzles Bacon Crisps Sharing Bag 120g,£1.25,£1.04 per 100g,cupboard,snacks,2024-11-19
Smiths Chipsticks Salt & Vinegar Crisps Sharing Bag 105,£1.25,£1.19 per 100g,cupboard,snacks,2024-11-19
Walkers Ready Salted Sharing Crisps 150g,£1.49,£0.99 per 100g,cupboard,snacks,2024-11-19
Walkers Cheese & Onion Sharing Crisps 150g,£1.49,£0.99 per 100g,cupboard,snacks,2024-11-19
Takis Dragon Sweet Chilli 180g,£2.99,£1.66 per 100g,cupboard,snacks,2024-11-19
Takis Fuego Seasoned Chilli And Lime Flavour Corn Snack,£2.99,£1.66 per 100g,cupboard,snacks,2024-11-19
Golden Cross Pickled Onion Rings 150g,£1.25,£0.83 per 100g,cupboard,snacks,2024-11-19
Golden Cross Spicy Rings Spicy Flavour Corn Snacks 150g,£1.25,£0.83 per 100g,cupboard,snacks,2024-11-19
Butterkist Tasty Sweet Popcorn 100g,£1.25,£1.25 per 100g,cupboard,snacks,2024-11-19
Butterkist Sweet & Salty Popcorn 100g,£1.25,£1.25 per 100g,cupboard,snacks,2024-11-19
Pub Originals 5 Scampi & Lemon Flavour Bites 75g,£0.99,£1.32 per 100g,cupboard,snacks,2024-11-19
The Pantry Mincemeat 822g,£2.85,£3.47 per kg,cupboard,seed_nuts,2024-11-19
The Foodie Market Mixed Nuts 350g,£1.99,£5.69 per kg,cupboard,seed_nuts,2024-11-19
The Foodie Market Walnuts 350g,£1.99,£5.69 per kg,cupboard,seed_nuts,2024-11-19
The Foodie Market Raspberry Dinos 20g,£0.33,£1.65 per 100g,cupboard,seed_nuts,2024-11-19
The Foodie Market Strawberry Dinos 20g,£0.33,£1.65 per 100g,cupboard,seed_nuts,2024-11-19
The Foodie Market Strawberry Dinos 5x20g,£1.69,£1.69 per 100g,cupboard,seed_nuts,2024-11-19
Everyday Essentials Roasted & Salted Peanuts 200g,£0.54,£2.70 per kg,cupboard,seed_nuts,2024-11-19
The Foodie Market Raspberry Dinos 5x20g,£1.69,£1.69 per 100g,cupboard,seed_nuts,2024-11-19
The Foodie Market Walnut Halves 200g,£1.75,£8.75 per kg,cupboard,seed_nuts,2024-11-19
The Foodie Market Cashew Nuts 200g,£1.75,£8.75 per kg,cupboard,seed_nuts,2024-11-19
The Foodie Market Whole Almonds 200g,£1.69,£8.45 per kg,cupboard,seed_nuts,2024-11-19
Foodie Market Roasted Pistachios 200g,£1.65,£8.25 per kg,cupboard,seed_nuts,2024-11-19
Snackrite Fully Loaded Jalapeño Peanuts 200g,£1.25,£6.25 per kg,cupboard,seed_nuts,2024-11-19
Snackrite Fully Loaded Buffalo Wings Peanuts 200g,£1.25,£6.25 per kg,cupboard,seed_nuts,2024-11-19
Specially Selected Hickory Smoked Mixed Nuts 150g,£1.99,£13.27 per kg,cupboard,seed_nuts,2024-11-19
Specially Selected Garlic & Chilli Mixed Nuts 150g,£1.99,£13.27 per kg,cupboard,seed_nuts,2024-11-19
Everyday Essentials Fruit & Nut Mix 200g,£0.59,£2.95 per kg,cupboard,seed_nuts,2024-11-19
The Pantry Ground Almonds 150g,£0.99,£6.60 per kg,cupboard,seed_nuts,2024-11-19
The Pantry Flaked Almonds 150g,£0.99,£6.60 per kg,cupboard,seed_nuts,2024-11-19
Snackrite Salted Peanuts & Cashews 150g,£1.35,£9.00 per kg,cupboard,seed_nuts,2024-11-19
Snackrite Roasted & Salted Mixed Nuts 150g,£1.35,£9.00 per kg,cupboard,seed_nuts,2024-11-19
Snackrite Roasted & Salted Peanuts & Cashews 150g,£1.35,£9.00 per kg,cupboard,seed_nuts,2024-11-19
The Foodie Market Flaxseed 200g,£1.39,£6.95 per kg,cupboard,seed_nuts,2024-11-19
The Pantry Dried Mixed Fruit 500g,£1.29,£2.58 per kg,cupboard,seed_nuts,2024-11-19
Foodie Market Mixed Nuts 200g,£1.65,£8.25 per kg,cupboard,seed_nuts,2024-11-19
Foodie Market Brazil Nuts 200g,£1.75,£8.75 per kg,cupboard,seed_nuts,2024-11-19
The Foodie Market Raisins Mini Snacks 12x14g,£0.89,£0.53 per 100g,cupboard,seed_nuts,2024-11-19
Snackrite Salted Peanuts 400g,£1.35,£3.38 per kg,cupboard,seed_nuts,2024-11-19
The Pantry Sultanas 500g,£0.95,£1.90 per kg,cupboard,seed_nuts,2024-11-19
The Pantry Raisins 500g,£1.19,£2.38 per kg,cupboard,seed_nuts,2024-11-19
Foodie Market Sunflower Seeds 250g,£1.25,£5.00 per kg,cupboard,seed_nuts,2024-11-19
Foodie Market 4 Seed Mix 250g,£1.25,£5.00 per kg,cupboard,seed_nuts,2024-11-19
The Foodie Market Pine Nuts 60g,£1.59,£26.50 per kg,cupboard,seed_nuts,2024-11-19
Foodie Market Pumpkin Seeds 250g,£1.59,£6.36 per kg,cupboard,seed_nuts,2024-11-19
Foodie Market Sweet Cranberries 150g,£1.19,£7.93 per kg,cupboard,seed_nuts,2024-11-19
Foodie Market Raisins & Cranberries 300g,£1.35,£4.50 per kg,cupboard,seed_nuts,2024-11-19
The Foodie Market Fruit & Nut Mix 250g,£1.35,£5.40 per kg,cupboard,seed_nuts,2024-11-19
The Foodie Market Whole Chia Seeds 200g,£1.39,£6.95 per kg,cupboard,seed_nuts,2024-11-19
Snackrite Dry Roasted Peanuts 400g,£1.35,£3.38 per kg,cupboard,seed_nuts,2024-11-19
The Foodie Market Dried Prunes 500g,£2.59,£5.18 per kg,cupboard,seed_nuts,2024-11-19
Snackrite Thai Style Sriracha 120g,£1.19,£9.92 per kg,cupboard,seed_nuts,2024-11-19
Snackrite Eatz Smokehouse BBQ Snack Mix 120g,£1.19,£9.92 per kg,cupboard,seed_nuts,2024-11-19
The Foodie Market Pitted Dates 500g,£2.59,£5.18 per kg,cupboard,seed_nuts,2024-11-19
The Foodie Market Dino Gems Fruit Sweets 5x20g/5 Pack,£1.09,£1.09 per 100g,cupboard,seed_nuts,2024-11-19
The Foodie Market Dino Tails Fruit Sweets 5x20g/5 Pack,£1.09,£1.09 per 100g,cupboard,seed_nuts,2024-11-19
Snackrite Almonds & Cashews With Smoky BBQ Seasoning 15,£1.85,£12.33 per kg,cupboard,seed_nuts,2024-11-19
Snackrite Almonds & Cashews With Salt & Pepper Seasonin,£1.85,£12.33 per kg,cupboard,seed_nuts,2024-11-19
Snackrite Almonds & Cashews With Mighty Yeast Extract S,£1.85,£12.33 per kg,cupboard,seed_nuts,2024-11-19
Snackrite Chilli Peanuts 200g,£1.19,£5.95 per kg,cupboard,seed_nuts,2024-11-19
Snackrite Honey Roast Peanuts 200g,£1.19,£5.95 per kg,cupboard,seed_nuts,2024-11-19
The Foodie Market Apple & Sultana Dino Fruit Bars 5x30g,£1.79,£1.19 per 100g,cupboard,seed_nuts,2024-11-19
The Foodie Market Dried Strawberries 100g,£1.79,£17.90 per kg,cupboard,seed_nuts,2024-11-19
The Foodie Market Dried Blueberries 100g,£1.79,£17.90 per kg,cupboard,seed_nuts,2024-11-19
The Foodie Market Dried Sour Cherries 100g,£1.79,£17.90 per kg,cupboard,seed_nuts,2024-11-19
The Pantry Blanched Almonds 205g,£1.49,£7.27 per kg,cupboard,seed_nuts,2024-11-19
The Pantry Blanched Hazelnuts 120g,£1.49,£12.42 per kg,cupboard,seed_nuts,2024-11-19
The Pantry Macadamia Halves 100g,£1.49,£14.90 per kg,cupboard,seed_nuts,2024-11-19
The Pantry Chopped Dates 250g,£1.59,£6.36 per kg,cupboard,seed_nuts,2024-11-19
The Pantry Chopped Figs 200g,£1.59,£7.95 per kg,cupboard,seed_nuts,2024-11-19
The Pantry Chopped Apricots 250g,£1.59,£6.36 per kg,cupboard,seed_nuts,2024-11-19
The Pantry Currants 500g,£1.55,£3.10 per kg,cupboard,seed_nuts,2024-11-19
Specially Selected Brandy Soaked Mixed Fruit 800g,£3.49,£4.36 per kg,cupboard,seed_nuts,2024-11-19
The Pantry Mixed Peel 200g,£0.89,£4.45 per kg,cupboard,seed_nuts,2024-11-19
The Pantry Glacé Cherries 200g,£1.49,£7.45 per kg,cupboard,seed_nuts,2024-11-19
Snackrite Bombay Mix 225g,£0.89,£3.96 per kg,cupboard,seed_nuts,2024-11-19
Snackrite Salted Cashews 150g,£1.39,£9.27 per kg,cupboard,seed_nuts,2024-11-19
Specially Selected Dry Roasted Luxury Nut Selection 300,£3.99,£13.30 per kg,cupboard,seed_nuts,2024-11-19
The Foodie Market Yogurt Coated Raisins 5x25g,£1.59,£1.27 per 100g,cupboard,seed_nuts,2024-11-19
The Foodie Market Strawberry Yogurt Bites 5x25g,£1.59,£1.27 per 100g,cupboard,seed_nuts,2024-11-19
Everyday Essentials Roasted Salted Cashews 125g,£0.99,£7.92 per kg,cupboard,seed_nuts,2024-11-19
Specially Selected Cornish Sea Salt Luxury Nut Selectio,£3.99,£13.30 per kg,cupboard,seed_nuts,2024-11-19
Snackrite Honey Roasted Maple Peanuts & Cashews 400g,£2.99,£7.48 per kg,cupboard,seed_nuts,2024-11-19
Snackrite Salt & Pepper Peanuts & Cashews 400g,£2.99,£7.48 per kg,cupboard,seed_nuts,2024-11-19
Snackrite Crispy Crunchy Nuts Sweet Chilli 400g,£2.99,£7.48 per kg,cupboard,seed_nuts,2024-11-19
Snackrite Crispy Crunchy Nuts Salt & Vinegar 400g,£2.99,£7.48 per kg,cupboard,seed_nuts,2024-11-19
"Snackrite Maple Roasted Peanuts, Fudge & Raisins 400g",£2.99,£7.48 per kg,cupboard,seed_nuts,2024-11-19
Snackrite Chocolate Fruit & Nut Trail Mix 400g,£2.99,£7.48 per kg,cupboard,seed_nuts,2024-11-19
The Foodie Market Deglet Nour Pitted Dates 200g,£1.09,£5.45 per kg,cupboard,seed_nuts,2024-11-19
Snackrite Roasted & Salted Pistachio Nuts 400g,£3.49,£8.73 per kg,cupboard,seed_nuts,2024-11-19
Snackrite Reindeer Munch Mix 180g,£1.99,£11.06 per kg,cupboard,seed_nuts,2024-11-19
Snackrite Snowman Munch Mix 180g,£1.99,£11.06 per kg,cupboard,seed_nuts,2024-11-19
The Foodie Market Strawberry & Raspberry Dino Claws 5x2,£1.69,£1.69 per 100g,cupboard,seed_nuts,2024-11-19
The Foodie Market Apple & Blackcurrant Claws 5x20g,£1.69,£1.69 per 100g,cupboard,seed_nuts,2024-11-19
Snackrite Chilli Rice Crackers 85g,£0.89,£10.47 per kg,cupboard,seed_nuts,2024-11-19
Snackrite Wasabi Snack Mix 85g,£0.89,£10.47 per kg,cupboard,seed_nuts,2024-11-19
The Foodie Market Banana Chips 230g,£1.39,£6.04 per kg,cupboard,seed_nuts,2024-11-19
Snackrite Salt & Vinegar Peanuts 200g,£1.25,£6.25 per kg,cupboard,seed_nuts,2024-11-19
The Foodie Market Roasted Pistachios 200g,£1.65,£8.25 per kg,cupboard,seed_nuts,2024-11-19
Snackrite Roasted & Salted Pistachios 200g,£1.99,£9.95 per kg,cupboard,seed_nuts,2024-11-19
The Pantry Walnut Pieces 150g,£0.99,£6.60 per kg,cupboard,seed_nuts,2024-11-19
The Pantry Pecan Halves 100g,£0.99,£9.90 per kg,cupboard,seed_nuts,2024-11-19
The Foodie Market Blackcurrant Dinos 5x20g,£1.69,£1.69 per 100g,cupboard,seed_nuts,2024-11-19
Snackrite BBQ Coated Peanuts 200g,£1.15,£5.75 per kg,cupboard,seed_nuts,2024-11-19
Snackrite Chilli Coated Peanuts 200g,£1.15,£5.75 per kg,cupboard,seed_nuts,2024-11-19
Specially Selected Moroccan Inspired Mixed Nuts 150g,£1.99,£13.27 per kg,cupboard,seed_nuts,2024-11-19
The Foodie Market Dried Mango 100g,£1.39,£13.90 per kg,cupboard,seed_nuts,2024-11-19
Snackrite Honey & Lime Cashews 150g,£1.85,£12.33 per kg,cupboard,seed_nuts,2024-11-19
Snackrite Hot Honey Cashews 150g,£1.85,£12.33 per kg,cupboard,seed_nuts,2024-11-19
The Foodie Market Strawberry & Banana Dino Fruit Bars 5,£1.79,£1.19 per 100g,cupboard,seed_nuts,2024-11-19
The Foodie Market Mango & Banana Dino Fruit Bars 5x30g,£1.79,£1.19 per 100g,cupboard,seed_nuts,2024-11-19
Snackrite Strawberry Yogurt Bites 25g,£0.45,£1.80 per 100g,cupboard,seed_nuts,2024-11-19
Snackrite Yogurt Coated Raisins 25g,£0.45,£1.80 per 100g,cupboard,seed_nuts,2024-11-19
Snackrite Banana Yogurt Bites 25g,£0.45,£1.80 per 100g,cupboard,seed_nuts,2024-11-19
Snackrite Salt & Vinegar Roasted Peanuts 25g,£0.42,£16.80 per kg,cupboard,seed_nuts,2024-11-19
Snackrite Fully Loaded Buffalo Wings Roasted Peanuts 25,£0.42,£16.80 per kg,cupboard,seed_nuts,2024-11-19
Snackrite Fully Loaded Jalapeño Roasted Peanuts 25g,£0.42,£16.80 per kg,cupboard,seed_nuts,2024-11-19
The Foodie Market Chocolate Fruit & Nut Mix 25g,£0.42,£1.68 per 100g,cupboard,seed_nuts,2024-11-19
The Foodie Market Sticky Toffee Mix 25g,£0.42,£1.68 per 100g,cupboard,seed_nuts,2024-11-19
The Foodie Market Apricot & Almond Mix 25g,£0.42,£1.68 per 100g,cupboard,seed_nuts,2024-11-19
The Foodie Market Cashew & Cranberry Mix 25g,£0.42,£1.68 per 100g,cupboard,seed_nuts,2024-11-19
Specially Selected Salted Caramelised Mixed Nuts 165g,£2.49,£15.09 per kg,cupboard,seed_nuts,2024-11-19
Specially Selected Dark Chocolate Brazil Nuts 165g,£2.49,£15.09 per kg,cupboard,seed_nuts,2024-11-19
The Foodie Market Yogurt Coated Cranberries 170g,£1.19,£7.00 per kg,cupboard,seed_nuts,2024-11-19
Specially Selected Medjool Dates 500g,£3.99,£7.98 per kg,cupboard,seed_nuts,2024-11-19
Specially Selected Festive Chocolate & Cinnamon Nuts 16,£2.49,£15.09 per kg,cupboard,seed_nuts,2024-11-19
Specially Selected Orange Infused Fruit & Nuts 350g,£2.99,£8.54 per kg,cupboard,seed_nuts,2024-11-19
Specially Selected Luxury Nut Selection 300g,£2.99,£9.97 per kg,cupboard,seed_nuts,2024-11-19
Specially Selected Festive Spiced Cinnamon 275g,£3.49,£12.69 per kg,cupboard,seed_nuts,2024-11-19
Specially Selected Chocolate Sesame Sensation 300g,£3.49,£11.63 per kg,cupboard,seed_nuts,2024-11-19
Specially Selected Fiery Ginger Nuts 275g,£3.49,£12.69 per kg,cupboard,seed_nuts,2024-11-19
Specially Selected Dark Chocolate Coated Ginger 120g,£2.79,£2.33 per 100g,cupboard,seed_nuts,2024-11-19
Specially Selected Dark Chocolate Coated Mango 120g,£2.79,£2.33 per 100g,cupboard,seed_nuts,2024-11-19
Specially Selected Dark Chocolate Coated Orange Slices,£2.79,£2.33 per 100g,cupboard,seed_nuts,2024-11-19
Kp Original Salted Peanuts 150g,£1.59,£10.60 per kg,cupboard,seed_nuts,2024-11-19
Kp Dry Roasted Peanuts 150g,£1.59,£10.60 per kg,cupboard,seed_nuts,2024-11-19
Harvest Morn Instant Oats Sweet Cinnamon Flavour 57g,£0.39,£0.68 per 100g,cupboard,cereals,2024-11-19
Harvest Morn Cookie Dough Flavour High Protein Bar 60g,£1.19,£1.98 per 100g,cupboard,cereals,2024-11-19
Harvest Morn Salted Caramel Flavour High Protein Bar 60,£0.99,£1.65 per 100g,cupboard,cereals,2024-11-19
Harvest Morn Protein Oats Golden Syrup Flavour 70g,£0.75,£1.07 per 100g,cupboard,cereals,2024-11-19
Harvest Morn Protein Oats Chocolate 70g,£0.75,£1.07 per 100g,cupboard,cereals,2024-11-19
Harvest Morn Crunchy Oats & Dark Chocolate Granola Bars,£1.19,£0.57 per 100g,cupboard,cereals,2024-11-19
Harvest Morn Blueberry Fruit & Grain Bars 6x37g,£1.05,£0.47 per 100g,cupboard,cereals,2024-11-19
Harvest Morn Choco Rice 375g,£0.79,£0.21 per 100g,cupboard,cereals,2024-11-19
Harvest Morn Multigrain Dino Shapes 350g,£1.59,£0.45 per 100g,cupboard,cereals,2024-11-19
Harvest Morn Honey Nut Crunchy Cluster Cereal 500g,£1.79,£0.36 per 100g,cupboard,cereals,2024-11-19
Harvest Morn Honey Nut Chocolate Crunchy Cluster 500g,£1.79,£0.36 per 100g,cupboard,cereals,2024-11-19
Harvest Morn Wheat Bisks Chocolate Chip Crispy Bites Ce,£1.99,£0.38 per 100g,cupboard,cereals,2024-11-19
Harvest Morn Cocoa Peanut Butter Balls Cereal 375g,£1.89,£0.50 per 100g,cupboard,cereals,2024-11-19
Harvest Morn Crunchy Maple Syrup Granola Bars 5x42g,£1.19,£0.57 per 100g,cupboard,cereals,2024-11-19
Harvest Morn Crunchy Oats & Honey Granola Bars 5x42g,£1.19,£0.57 per 100g,cupboard,cereals,2024-11-19
Kavanagh's Organic Porridge Oats 1kg,£1.99,£0.20 per 100g,cupboard,cereals,2024-11-19
Brochan No Added Sugar Original Scottish Oat Porridge P,£0.45,£0.69 per 100g,cupboard,cereals,2024-11-19
Brochan Cinnamon Flavoured Porridge Pot 65g,£0.45,£0.69 per 100g,cupboard,cereals,2024-11-19
Harvest Morn Chocolate Crisp Cereal 500g,£1.49,£0.30 per 100g,cupboard,cereals,2024-11-19
Harvest Morn Crisp Rice Cereal 375g,£0.79,£0.21 per 100g,cupboard,cereals,2024-11-19
Harvest Morn Multi-grain Hoops Cereal 375g,£0.85,£0.23 per 100g,cupboard,cereals,2024-11-19
Harvest Morn Honey & Nut Crunchy Clusters 500g,£1.79,£0.36 per 100g,cupboard,cereals,2024-11-19
Harvest Morn Chocolate Crunchy Clusters 500g,£1.79,£0.36 per 100g,cupboard,cereals,2024-11-19
Harvest Morn Cornflakes 500g,£0.79,£0.16 per 100g,cupboard,cereals,2024-11-19
Harvest Morn Honey Hoops 375g,£0.79,£0.21 per 100g,cupboard,cereals,2024-11-19
Harvest Morn Choco Hoops 375g,£0.79,£0.21 per 100g,cupboard,cereals,2024-11-19
Harvest Morn Choco Pillows Cereal 500g,£1.09,£0.22 per 100g,cupboard,cereals,2024-11-19
Harvest Morn Cinnamon Chips 565g,£1.99,£0.35 per 100g,cupboard,cereals,2024-11-19
Specially Selected Very Berry Muesli 500g,£1.99,£0.40 per 100g,cupboard,cereals,2024-11-19
Specially Selected Very Berry Granola 500g,£1.99,£0.40 per 100g,cupboard,cereals,2024-11-19
Specially Selected Really Nutty Granola 500g,£1.99,£0.40 per 100g,cupboard,cereals,2024-11-19
Harvest Morn Raisin & Almond Granola 1kg,£1.99,£0.20 per 100g,cupboard,cereals,2024-11-19
Harvest Morn Tropical Fruits Granola 1kg,£1.99,£0.20 per 100g,cupboard,cereals,2024-11-19
Specially Selected Really Nutty Muesli 500g,£1.99,£0.40 per 100g,cupboard,cereals,2024-11-19
Harvest Morn Original Swiss Style Muesli 1.1kg,£2.19,£0.18 per 100g,cupboard,cereals,2024-11-19
Harvest Morn Swiss Style Museli With No Added Sugar 1.1,£2.19,£0.18 per 100g,cupboard,cereals,2024-11-19
Harvest Morn Chocolate Fudge Brownies Fibre Now Bars 5x,£1.15,£0.96 per 100g,cupboard,cereals,2024-11-19
Harvest Morn Salted Caramel Squares Fibre Now Bars 5x24,£1.15,£0.96 per 100g,cupboard,cereals,2024-11-19
Harvest Morn Crisp Rice 375g,£0.79,£0.21 per 100g,cupboard,cereals,2024-11-19
Harvest Morn Multigrain Cereal Shapes 350g,£1.59,£0.45 per 100g,cupboard,cereals,2024-11-19
Harvest Morn Chocolate Crispy Chunks Cereal Bar 144g,£1.35,£0.94 per 100g,cupboard,cereals,2024-11-19
Harvest Morn Caramel & Chocolate Crispy Chunks Cereal B,£1.35,£0.94 per 100g,cupboard,cereals,2024-11-19
Harvest Morn Crispy Chunks Marshmallow 112g/4 Pack,£1.35,£1.21 per 100g,cupboard,cereals,2024-11-19
Brochan Scottish Porridge Oats 1kg,£1.09,£0.11 per 100g,cupboard,cereals,2024-11-19
Harvest Morn Fruit & Grain Apple Bars 6x37g,£1.05,£0.47 per 100g,cupboard,cereals,2024-11-19
Harvest Morn Strawberry Fruit & Grain Cereal Bars 222g/,£1.05,£0.47 per 100g,cupboard,cereals,2024-11-19
Harvest Morn Apple & Raisin Crispy Fruit Slices 218g,£0.89,£0.41 per 100g,cupboard,cereals,2024-11-19
Harvest Morn Forest Fruits Crispy Fruit Slices 218g,£0.89,£0.41 per 100g,cupboard,cereals,2024-11-19
Harvest Morn Honey Nut Cornflakes 500g,£1.09,£0.22 per 100g,cupboard,cereals,2024-11-19
Harvest Morn Wheat Bisks 36 Pack,£2.05,£0.06 each,cupboard,cereals,2024-11-19
Harvest Morn Fruit Wheats With A Blueberry Filling 500g,£1.59,£0.32 per 100g,cupboard,cereals,2024-11-19
Harvest Morn Apricot Fruit Wheats 500g,£1.59,£0.32 per 100g,cupboard,cereals,2024-11-19
Harvest Morn Crisp Cereal Strawberry 500g,£1.49,£0.30 per 100g,cupboard,cereals,2024-11-19
Harvest Morn Fruit & Fibre Cereal 750g,£1.29,£0.17 per 100g,cupboard,cereals,2024-11-19
Harvest Morn Raisin Fruit Wheats 500g,£1.59,£0.32 per 100g,cupboard,cereals,2024-11-19
Brochan Raspberry & Honey Porridge Oat Bars 4x50g,£1.99,£1.00 per 100g,cupboard,cereals,2024-11-19
Brochan Golden Syrup Flavoured Porridge Pot 65g,£0.45,£0.69 per 100g,cupboard,cereals,2024-11-19
Brochan Original Porridge Pot 65g,£0.45,£0.69 per 100g,cupboard,cereals,2024-11-19
Everyday Essentials Porridge Oats 1kg,£0.90,£0.09 per 100g,cupboard,cereals,2024-11-19
Brochan Apple & Blueberry Flavour Porridge Pot 65g,£0.45,£0.69 per 100g,cupboard,cereals,2024-11-19
"Brochan Strawberry, Raspberry & Cranberry Flavour Porri",£0.45,£0.69 per 100g,cupboard,cereals,2024-11-19
Harvest Morn Chocolate Chip Soft Bakes 5x50g,£1.45,£0.58 per 100g,cupboard,cereals,2024-11-19
Harvest Morn Choco Hazelnut Flavour Filled Soft Bakes 5,£1.45,£0.58 per 100g,cupboard,cereals,2024-11-19
Harvest Morn Strawberry Filled Soft Bakes 5x50g,£1.45,£0.58 per 100g,cupboard,cereals,2024-11-19
Brochan Strawberry & Yogurt Porridge Oat Bar 40g,£0.29,£0.73 per 100g,cupboard,cereals,2024-11-19
"Brochan Orange, Ginger & Dark Chocolate Porridge Oat Ba",£0.29,£0.73 per 100g,cupboard,cereals,2024-11-19
Harvest Morn Yogurt & Strawberry Bars 218g,£1.29,£0.59 per 100g,cupboard,cereals,2024-11-19
Harvest Morn Yogurt & Forest Fruit Bars 218g,£1.29,£0.59 per 100g,cupboard,cereals,2024-11-19
Harvest Morn Malted Wheaties 625g,£0.85,£0.14 per 100g,cupboard,cereals,2024-11-19
Harvest Morn Honey Nut Crunchy Cornflakes 500g,£1.09,£0.22 per 100g,cupboard,cereals,2024-11-19
Harvest Morn Benefit Red Fruit 375g,£1.29,£0.34 per 100g,cupboard,cereals,2024-11-19
Harvest Morn Fruit & Fibre 750g,£1.29,£0.17 per 100g,cupboard,cereals,2024-11-19
Harvest Morn Corn Flakes 500g,£0.79,£0.16 per 100g,cupboard,cereals,2024-11-19
Harvest Morn Original Instant Oats 50g,£0.39,£0.68 per 100g,cupboard,cereals,2024-11-19
Harvest Morn Golden Syrup Flavour Instant Oats 57g,£0.39,£0.68 per 100g,cupboard,cereals,2024-11-19
Harvest Morn Benefit Chocolate Fudge Cereal Bar 5x19g,£0.99,£1.04 per 100g,cupboard,cereals,2024-11-19
Harvest Morn Benefit Salted Caramel Cereal Bar 5x19g,£0.99,£1.04 per 100g,cupboard,cereals,2024-11-19
Harvest Morn Benefit Jaffa Cereal Bar 5x19g,£0.99,£1.04 per 100g,cupboard,cereals,2024-11-19
Harvest Morn Instant Oats Original 10x27g,£0.95,£0.35 per 100g,cupboard,cereals,2024-11-19
Harvest Morn Instant Oats Golden Syrup Flavour 8x39g,£0.95,£0.30 per 100g,cupboard,cereals,2024-11-19
Brochan Protein Flapjacks 3x50g,£1.99,£1.33 per 100g,cupboard,cereals,2024-11-19
Brochan Salted Caramel Flavour Protein Flapjacks 3x50g,£1.99,£1.33 per 100g,cupboard,cereals,2024-11-19
Harvest Morn Honey & Yogurt Breakfast Biscuits 253g/5 P,£1.39,£0.55 per 100g,cupboard,cereals,2024-11-19
Harvest Morn Strawberry & Yogurt Breakfast Biscuits 253,£1.39,£0.55 per 100g,cupboard,cereals,2024-11-19
Harvest Morn Milk & Cereal Breakfast Biscuits 225g/6 Pa,£0.95,£0.42 per 100g,cupboard,cereals,2024-11-19
Harvest Morn Cocoa Breakfast Biscuits 225g/6 Pack,£0.95,£0.42 per 100g,cupboard,cereals,2024-11-19
Harvest Morn Protein Granola - Chocolate 400g,£2.09,£0.52 per 100g,cupboard,cereals,2024-11-19
Harvest Morn Protein Granola - Berry 400g,£2.09,£0.52 per 100g,cupboard,cereals,2024-11-19
Harvest Morn Eatz Cocoa & Vanilla Flavour Oat Bites 4x3,£1.25,£1.04 per 100g,cupboard,cereals,2024-11-19
Harvest Morn Eatz Sticky Toffee Flavour Oat Bites 4x30g,£1.25,£1.04 per 100g,cupboard,cereals,2024-11-19
Harvest Morn Chocolate Flavoured Crispy Cereal Balls 37,£1.85,£0.49 per 100g,cupboard,cereals,2024-11-19
Harvest Morn Chocolate Crispy Wheat Chips 375g,£1.85,£0.49 per 100g,cupboard,cereals,2024-11-19
Harvest Morn White Choc & Peanut Flavour High Protein B,£1.19,£1.98 per 100g,cupboard,cereals,2024-11-19
Harvest Morn White Choc & Cookie Flavour High Protein B,£1.19,£1.98 per 100g,cupboard,cereals,2024-11-19
Harvest Morn Fibre Now Strawberry Doughnuts 92g/4 Pack,£0.99,£1.08 per 100g,cupboard,cereals,2024-11-19
Harvest Morn Fibre Now Chocolate Doughnuts 92g/4 Pack,£0.99,£1.08 per 100g,cupboard,cereals,2024-11-19
Harvest Morn Frosted Wheaties 500g,£1.99,£0.40 per 100g,cupboard,cereals,2024-11-19
Harvest Morn Choco Wheaties 500g,£1.99,£0.40 per 100g,cupboard,cereals,2024-11-19
Kellogg's Corn Flakes 450g,£2.19,£0.49 per 100g,cupboard,cereals,2024-11-19
Brochan Orange & Chocolate Porridge Oat Bars 4x50g,£1.99,£1.00 per 100g,cupboard,cereals,2024-11-19
Harvest Morn Cookies & Cream Top Twists 4x70g,£1.65,£0.58 per 100g,cupboard,cereals,2024-11-19
Harvest Morn Cinnamon Top Twists 4x70g,£1.65,£0.58 per 100g,cupboard,cereals,2024-11-19
Harvest Morn Wheats Frosted 500g,£1.59,£0.32 per 100g,cupboard,cereals,2024-11-19
Harvest Morn Multigrain Shapes Caramel Flavoured Cereal,£1.49,£1.66 per 100g,cupboard,cereals,2024-11-19
Harvest Morn Multigrain Dino Shapes Strawberry Flavour,£1.49,£1.66 per 100g,cupboard,cereals,2024-11-19
Harvest Morn Rocky Rainbow Bars 5x24g,£1.49,£1.24 per 100g,cupboard,cereals,2024-11-19
Harvest Morn Cocoa Peanut Butter Ball Cereal Bar 5x24g,£1.49,£1.24 per 100g,cupboard,cereals,2024-11-19
Harvest Morn S'mores Cereal 375g,£1.79,£0.51 per 100g,cupboard,cereals,2024-11-19
Harvest Morn Birthday Cake Flavour Cereal 350g,£1.79,£0.51 per 100g,cupboard,cereals,2024-11-19
Cheerios Multigrain 800g,£3.95,£0.49 per 100g,cupboard,cereals,2024-11-19
Shreddies The Original 1.1kg,£3.89,£0.35 per 100g,cupboard,cereals,2024-11-19
Harvest Morn Bitesize Wheat Shreds 500g,£1.99,£0.40 per 100g,cupboard,cereals,2024-11-19
Harvest Morn Caramelised Biscuit Cereal 375g,£1.89,£0.50 per 100g,cupboard,cereals,2024-11-19
Harvest Morn Protein Oats Sweet Cinnamon Flavour 70g,£0.75,£1.07 per 100g,cupboard,cereals,2024-11-19
Savour Bakes Salt & Vinegar Rice Cakes 130g,£0.85,£0.65 per 100g,cupboard,cereals,2024-11-19
Savour Bakes Sweet Chilli Rice Cakes 130g,£0.85,£0.65 per 100g,cupboard,cereals,2024-11-19
Savour Bakes Multigrain Rice Cakes 130g,£0.85,£0.65 per 100g,cupboard,cereals,2024-11-19
Savour Bakes Corn Cakes 130g,£0.85,£0.65 per 100g,cupboard,cereals,2024-11-19
Savour Bakes Lightly Salted Rice Cakes 130g,£0.85,£0.65 per 100g,cupboard,cereals,2024-11-19
Harvest Morn Craze Cookies & Cream Cereal 375g,£1.39,£0.37 per 100g,cupboard,cereals,2024-11-19
Harvest Morn Craze Hazelnut Cereal 375g,£1.39,£0.37 per 100g,cupboard,cereals,2024-11-19
Harvest Morn Multigrain Shapes Honey 350g,£1.59,£0.45 per 100g,cupboard,cereals,2024-11-19
Harvest Morn Berry Multigrain Shapes 350g,£1.59,£0.45 per 100g,cupboard,cereals,2024-11-19
Harvest Morn Frosted Flakes 750g,£1.49,£0.20 per 100g,cupboard,cereals,2024-11-19
Skinny Whip Mint Flavour Bars 5 X 20g,£0.99,£0.99 per 100g,cupboard,cereals,2024-11-19
Skinny Whip Orange & Chocolate Flavour Bars 5 X 20g,£0.99,£0.99 per 100g,cupboard,cereals,2024-11-19
Skinny Whip Toffee Flavour 5 X 20g,£0.99,£0.99 per 100g,cupboard,cereals,2024-11-19
Harvest Morn Jaffa Flavour High Protein Bar 60g,£1.19,£1.98 per 100g,cupboard,cereals,2024-11-19
Harvest Morn Mint Flavour High Protein Bar 60g,£0.99,£1.65 per 100g,cupboard,cereals,2024-11-19
Harvest Morn Peanut Butter Flavour High Protein Bar 3x6,£3.99,£2.22 per 100g,cupboard,cereals,2024-11-19
Harvest Morn Cookie Dough Flavour High Protein Bar 3x60,£3.99,£2.22 per 100g,cupboard,cereals,2024-11-19
Weetabix 36 36 Pack,£3.99,£0.11 each,cupboard,cereals,2024-11-19
Kellogg's Crunchy Nut 300g,£2.25,£0.75 per 100g,cupboard,cereals,2024-11-19
Harvest Morn Birthday Cake Fibre Now Bars 5x24g,£1.15,£0.96 per 100g,cupboard,cereals,2024-11-19
Harvest Morn Instant Oats Mixed Berry Flavour 57g,£0.39,£0.68 per 100g,cupboard,cereals,2024-11-19
Harvest Morn Birthday Cake High Protein Bar 60g,£0.99,£1.65 per 100g,cupboard,cereals,2024-11-19
Harvest Morn Chocolate Crispy Chunks Cornflakes 4x36g,£1.35,£0.94 per 100g,cupboard,cereals,2024-11-19
Harvest Morn Caramel Chocolate Crispy Chunks Cornflakes,£1.35,£0.94 per 100g,cupboard,cereals,2024-11-19
Harvest Morn Crispy Chunks Cornflakes Marshmallow 4x28g,£1.35,£1.21 per 100g,cupboard,cereals,2024-11-19
Harvest Morn Choco Rice Cereal Bar 6x20g,£0.99,£0.83 per 100g,cupboard,cereals,2024-11-19
Harvest Morn Crisp Rice Cereal Bar 6x20g,£0.99,£0.83 per 100g,cupboard,cereals,2024-11-19
Harvest Morn Cornflakes Cereal Bar 6x25g,£0.99,£0.66 per 100g,cupboard,cereals,2024-11-19
Harvest Morn Nut Bars Dark Chocolate & Sea Salt 3x30g,£1.69,£1.88 per 100g,cupboard,cereals,2024-11-19
Harvest Morn Nut Bars Peanut Butter 3x30g,£1.69,£1.88 per 100g,cupboard,cereals,2024-11-19
Harvest Morn Strawberry Top Twists 4x70g,£1.65,£0.58 per 100g,cupboard,cereals,2024-11-19
Harvest Morn Chocolate Top Twists 4x70g,£1.65,£0.58 per 100g,cupboard,cereals,2024-11-19
Dairyfine Munchy Peanut Cereal Bars 5x32g,£0.99,£0.62 per 100g,cupboard,cereals,2024-11-19
Dairyfine Munchy Chocolate & Raisin Cereal Bars 5x32g,£0.99,£0.62 per 100g,cupboard,cereals,2024-11-19
Dairyfine Choc Chip Munchy Cereal Bars 5x32g,£0.99,£0.62 per 100g,cupboard,cereals,2024-11-19
Harvest Morn Chocolate Peanut & Caramel Flavour Protein,£1.29,£2.35 per 100g,cupboard,cereals,2024-11-19
Harvest Morn Chocolate Salted Caramel Flavour Protein B,£1.29,£2.35 per 100g,cupboard,cereals,2024-11-19
Dairy Fine Raisin Munchy Cereal Bars 5x32g,£0.99,£0.62 per 100g,cupboard,cereals,2024-11-19
Dairy Fine Peanut Munchy Cereal Bars 5x32g,£0.99,£0.62 per 100g,cupboard,cereals,2024-11-19
Dairy Fine Choc Chips Munchy Cereal Bars 5x32g,£0.99,£0.62 per 100g,cupboard,cereals,2024-11-19
Harvest Morn Bran Flakes 750g,£0.99,£0.13 per 100g,cupboard,cereals,2024-11-19
Harvest Morn Chocolate Peanut & Caramel Flavour Vitamin,£2.99,£2.49 per 100g,cupboard,cereals,2024-11-19
Harvest Morn Chocolate Salted Caramel Flavour Vitamin &,£2.99,£2.49 per 100g,cupboard,cereals,2024-11-19
Harvest Morn Craze Milk Chocolate Cereal 375g,£0.89,£0.24 per 100g,cupboard,cereals,2024-11-19
Harvest Morn Choco Rice Cereal 375g,£0.79,£0.21 per 100g,cupboard,cereals,2024-11-19
Harvest Morn Choco Pillows 500g,£1.09,£0.22 per 100g,cupboard,cereals,2024-11-19
Harvest Morn Frosted Flakes 500g,£0.99,£0.20 per 100g,cupboard,cereals,2024-11-19
Harvest Morn Caramelised Biscuit Flavour Protein Oats 7,£0.75,£1.07 per 100g,cupboard,cereals,2024-11-19
Nature Valley Crunchy Oats & Honey Family Pack (420g) 1,£2.99,£0.71 per 100g,cupboard,cereals,2024-11-19
Nature Valley Nature Valley Crunchy Canadian Maple Syru,£2.99,£0.71 per 100g,cupboard,cereals,2024-11-19
The Fishmonger Anchovy Fillets In Olive Oil 50g (30g Dr,£0.65,£1.30 per 100g,cupboard,canned,2024-11-19
Heinz Cream Of Chicken Soup 4 X 400g,£3.75,£0.23 per 100g,cupboard,canned,2024-11-19
Everyday Essentials Peach Slices In A Light Syrup 411g,£0.34,£0.14 per 100g,cupboard,canned,2024-11-19
The Deli Artichokes 280g (170g Drained),£1.59,£0.94 per 100g,cupboard,canned,2024-11-19
Bramwells Minced Beef & Onion 400g,£1.99,£0.50 per 100g,cupboard,canned,2024-11-19
Everyday Essentials Tuna Chunks In Brine 145g (102g Dra,£0.55,£0.54 per 100g drained,cupboard,canned,2024-11-19
Four Seasons Chickpeas In Water 400g (240g Drained),£0.49,£0.20 per 100g,cupboard,canned,2024-11-19
Four Seasons Supersweet Sweetcorn In Water 340g (285g D,£0.65,£0.23 per 100g,cupboard,canned,2024-11-19
The Fishmonger Tuna Chunks In Sunflower Oil 145g (102g,£0.69,£0.68 per 100g,cupboard,canned,2024-11-19
Four Seasons Supersweet Sweetcorn In Water 4x198g (4x16,£1.99,£12.06 per 100g drained,cupboard,canned,2024-11-19
Cucina Chunky Chopped Tomatoes In A Rich Tomato Juice 4,£0.47,£0.12 per 100g,cupboard,canned,2024-11-19
Cucina Peeled Plum Tomatoes In A Rich Tomato Juice 400g,£0.47,£0.12 per 100g,cupboard,canned,2024-11-19
Four Seasons Small New Potatoes In Water 560g (345g Dra,£0.79,£0.23 per 100g,cupboard,canned,2024-11-19
Quixo Dumpling Mix 142g,£0.65,£0.46 per 100g,cupboard,canned,2024-11-19
The Fishmonger Tuna Chunks In Brine 145g (102g Drained),£0.65,£0.64 per 100g,cupboard,canned,2024-11-19
Heinz Beanz In A Rich Tomato Sauce 4 X 415g,£3.75,£0.23 per 100g,cupboard,canned,2024-11-19
The Fishmonger Sardines In Tomato Sauce 125g,£0.49,£0.39 per 100g,cupboard,canned,2024-11-19
Four Seasons Fruit Cocktail In Syrup 411g (250g Drained,£0.99,£0.40 per 100g drained,cupboard,canned,2024-11-19
Everyday Essentials Peeled Potatoes In Water 560g (354g,£0.38,£0.11 per 100g drained,cupboard,canned,2024-11-19
Heinz Cream Of Tomato Soup 4 X 400g,£3.75,£0.23 per 100g,cupboard,canned,2024-11-19
The Fishmonger Tuna Chunks In Brine 4x145g (4x102g Drai,£2.59,£0.64 per 100g,cupboard,canned,2024-11-19
Four Seasons Fruit Cocktail In Light Syrup 411g (250g D,£0.99,£0.40 per 100g drained,cupboard,canned,2024-11-19
The Fishmonger Tuna Chunks In Spring Water 4x145g (4x10,£2.59,£0.45 per 100g,cupboard,canned,2024-11-19
The Fishmonger Tuna Chunks In Sunflower Oil 4x145g (4x1,£2.59,£0.64 per 100g drained,cupboard,canned,2024-11-19
The Deli Pickled Gherkins With Chilli 680g (370g Draine,£1.19,£0.32 per 100g drained,cupboard,canned,2024-11-19
Four Seasons Peach Slices In Light Syrup 411g (250g Dra,£0.95,£0.38 per 100g drained,cupboard,canned,2024-11-19
Four Seasons Peach Slices In Juice 411g (250g Drained),£0.95,£0.38 per 100g drained,cupboard,canned,2024-11-19
Bramwells Sweet Pickle 390g,£1.19,£0.31 per 100g,cupboard,canned,2024-11-19
Everyday Essentials Baked Beans In Tomato Sauce 420g,£0.28,£0.07 per 100g,cupboard,canned,2024-11-19
Bramwells Baked Beans In Rich Tomato Sauce 420g,£0.42,£0.10 per 100g,cupboard,canned,2024-11-19
Everyday Essentials Spaghetti Loops In Tomato Sauce 410,£0.19,£0.05 per 100g,cupboard,canned,2024-11-19
The Fishmonger Tuna Chunks In Spring Water 145g (102g D,£0.65,£0.64 per 100g,cupboard,canned,2024-11-19
The Fishmonger Mackerel Fillets In Sunflower Oil 125g (,£0.79,£0.90 per 100g,cupboard,canned,2024-11-19
Highland Kitchen Broth Mix 500g,£0.99,£1.98 per kg,cupboard,canned,2024-11-19
Highland Kitchen Yellow Split Peas 500g,£0.79,£1.58 per 100g,cupboard,canned,2024-11-19
Highland Kitchen Green Split Peas 500g,£0.79,£1.58 per 100g,cupboard,canned,2024-11-19
Bramwells Classic Chicken In White Sauce 400g,£1.89,£0.47 per 100g,cupboard,canned,2024-11-19
Bramwells Classic Irish Stew 400g,£1.99,£0.50 per 100g,cupboard,canned,2024-11-19
Duncan's Spicy Tomato Soup 400g,£0.99,£0.25 per 100g,cupboard,canned,2024-11-19
Duncan's Spicy Parsnip Soup 400g,£0.99,£0.25 per 100g,cupboard,canned,2024-11-19
Specially Selected Kalamata Greek Olives 350g (180g Dra,£1.79,£0.99 per 100g drained,cupboard,canned,2024-11-19
Specially Selected Colossal Greek Olives 345g (180g Dra,£1.79,£0.99 per 100g drained,cupboard,canned,2024-11-19
The Fishmonger Jalapeno Fusions Tuna 80g,£0.99,£1.24 per 100g,cupboard,canned,2024-11-19
The Fishmonger Soy & Ginger Fusions Tuna 80g,£0.99,£1.24 per 100g,cupboard,canned,2024-11-19
The Fishmonger Chilli & Garlic Fusions Tuna 80g,£0.99,£1.24 per 100g,cupboard,canned,2024-11-19
The Fishmonger Lemon & Thyme Fusions Tuna 80g,£0.99,£1.24 per 100g,cupboard,canned,2024-11-19
The Deli Pickled Silverskin Onions 440g (255g Drained),£0.79,£0.31 per 100g drained,cupboard,canned,2024-11-19
The Deli Pickled Sweet Silverskin Onions 440g (255g Dra,£0.79,£0.31 per 100g drained,cupboard,canned,2024-11-19
Bramwells Minestrone Soup In A Cup 104g,£0.55,£0.65 per 100g,cupboard,canned,2024-11-19
Bramwells Tomato Soup In A Cup 91g,£0.55,£0.65 per 100g,cupboard,canned,2024-11-19
Quixo Sage & Onion Stuffing Mix 170g,£0.45,£0.27 per 100g,cupboard,canned,2024-11-19
Bramwells Vegetable Soup 400g,£0.62,£0.16 per 100g,cupboard,canned,2024-11-19
Bramwells Cream Of Chicken Soup 400g,£0.62,£0.16 per 100g,cupboard,canned,2024-11-19
Bramwells Cream Of Tomato Soup 400g,£0.62,£0.16 per 100g,cupboard,canned,2024-11-19
Bramwells Cream Of Mushroom Soup 400g,£0.62,£0.16 per 100g,cupboard,canned,2024-11-19
Bramwells Minestrone Soup 400g,£0.62,£0.16 per 100g,cupboard,canned,2024-11-19
Bramwells Baked Beans In Rich Tomato Sauce 410g,£0.41,£0.10 per 100g,cupboard,canned,2024-11-19
Bramwells Chunky Chicken & Vegetable Soup 400g,£0.99,£0.25 per 100g,cupboard,canned,2024-11-19
Bramwells Chunky Beef & Vegetable Soup 400g,£0.99,£0.25 per 100g,cupboard,canned,2024-11-19
Bramwells Carrot & Coriander Soup 400g,£0.62,£0.16 per 100g,cupboard,canned,2024-11-19
Bramwells Chicken & Noodle Soup 400g,£0.62,£0.16 per 100g,cupboard,canned,2024-11-19
The Deli Pickled Sliced Beetroot 710g (462g Drained),£1.19,£25.90 per 100g drained,cupboard,canned,2024-11-19
The Deli Pickled Gherkins 680g (370g Drained),£1.19,£0.32 per 100g drained,cupboard,canned,2024-11-19
The Fishmonger Pink Salmon 213g,£1.39,£0.65 per 100g,cupboard,canned,2024-11-19
The Fishmonger Sardines In Sunflower Oil 125g (90g Drai,£0.52,£0.59 per 100g,cupboard,canned,2024-11-19
Everyday Essentials Garden Peas In Water 300g (185g Dra,£0.28,£0.15 per 100g drained,cupboard,canned,2024-11-19
Bramwells Salmon Paste 75g,£0.49,£0.65 per 100g,cupboard,canned,2024-11-19
Bramwells Chicken Paste 75g,£0.49,£0.65 per 100g,cupboard,canned,2024-11-19
Bramwells Beef Paste 75g,£0.49,£0.65 per 100g,cupboard,canned,2024-11-19
Everyday Essentials Peeled Potatoes In Water 560g (360g,£0.38,£0.11 per 100g drained,cupboard,canned,2024-11-19
Bramwells Beef Ravioli 400g,£0.79,£0.20 per 100g,cupboard,canned,2024-11-19
Four Seasons Red Kidney Beans In Water 400g (240g Drain,£0.49,£0.20 per 100g,cupboard,canned,2024-11-19
Four Seasons Mixed Beans In Water 400g (240g Drained),£0.69,£0.29 per 100g drained,cupboard,canned,2024-11-19
Bramwells Chicken Stock Pots 4x24g Pots,£0.99,£1.03 per 100g,cupboard,canned,2024-11-19
Bramwells Beef Stock Pots 4x24g Pots,£0.99,£1.03 per 100g,cupboard,canned,2024-11-19
Bramwells Bockwurst Sausages 550g (360g Drained),£2.09,£0.58 per 100g,cupboard,canned,2024-11-19
The Fishmonger Mackerel Fillets In Tomato Sauce 125g,£0.79,£0.90 per 100g,cupboard,canned,2024-11-19
Bramwells Meatballs In A Rich Gravy 380g,£0.85,£0.22 per 100g,cupboard,canned,2024-11-19
Bramwells Meatballs In Tomato Sauce 380g,£0.85,£0.22 per 100g,cupboard,canned,2024-11-19
Four Seasons Marrowfat Peas 300g (180g Drained),£0.35,£0.12 per 100g,cupboard,canned,2024-11-19
Four Seasons Mushy Peas 300g,£0.31,£0.10 per 100g,cupboard,canned,2024-11-19
Four Seasons Pineapple Slices In Juice 432g (272g Drain,£0.79,£0.29 per 100g drained,cupboard,canned,2024-11-19
Four Seasons Mandarin Segments 300g (175g Drained),£0.69,£0.39 per 100g,cupboard,canned,2024-11-19
"Ready, Set…Cook! Coconut Milk 400ml",£0.79,£0.20 per 100ml,cupboard,canned,2024-11-19
"Ready, Set…Cook! Reduced Fat Coconut Milk 400ml",£0.79,£0.20 per 100ml,cupboard,canned,2024-11-19
Four Seasons Garden Peas 290g (175g Drained),£0.45,£0.26 per 100g drained,cupboard,canned,2024-11-19
Hunters Mild Chicken Curry 392g,£1.65,£0.42 per 100g,cupboard,canned,2024-11-19
Bramwells Hot Chicken Curry 392g,£1.65,£0.42 per 100g,cupboard,canned,2024-11-19
The Fishmonger Jalapeño Tuna Fusions 80g,£0.99,£1.24 per 100g,cupboard,canned,2024-11-19
The Fishmonger Chilli & Garlic Tuna Fusions 80g,£0.99,£1.24 per 100g,cupboard,canned,2024-11-19
The Fishmonger Lemon & Thyme Tuna Fusions 80g,£0.99,£1.24 per 100g,cupboard,canned,2024-11-19
Quixo For Meat Reduced Salt Gravy Granules 300g,£1.09,£0.36 per 100g,cupboard,canned,2024-11-19
Four Seasons Butter Beans In Water 400g (235g Drained),£0.49,£0.21 per 100g,cupboard,canned,2024-11-19
Four Seasons Cannellini Beans In Water 400g (235g Drain,£0.49,£0.21 per 100g,cupboard,canned,2024-11-19
Bramwells Ham Stock 12 Cubes 120g,£0.69,£0.58 per kg,cupboard,canned,2024-11-19
Specially Selected Cream Of Chicken & Beechwood Smoked,£1.19,£0.31 per 100g,cupboard,canned,2024-11-19
"Specially Selected Sundried Tomato, Lentil & Smoked Pap",£1.19,£0.31 per 100g,cupboard,canned,2024-11-19
Bramwells Chunky Vegetable Soup 400g,£0.99,£0.25 per 100g,cupboard,canned,2024-11-19
Cucina Tomato Purée 200g,£0.59,£0.29 per 100g,cupboard,canned,2024-11-19
The Deli Black Pitted Olives 340g (165g Drained),£0.89,£0.54 per 100g drained,cupboard,canned,2024-11-19
Duncan's Pea & Ham Soup 400g,£0.99,£0.25 per 100g,cupboard,canned,2024-11-19
Duncan's Minestrone Soup 400g,£0.99,£0.25 per 100g,cupboard,canned,2024-11-19
Duncan's Chicken Broth 400g,£0.99,£0.25 per 100g,cupboard,canned,2024-11-19
Duncan's Lentil & Bacon Soup 400g,£0.99,£0.25 per 100g,cupboard,canned,2024-11-19
Duncan's Chicken & Leek Soup 400g,£0.99,£0.25 per 100g,cupboard,canned,2024-11-19
Duncan's Scotch Broth 380g,£0.99,£0.26 per 100g,cupboard,canned,2024-11-19
Highland Kitchen Red Split Lentils 500g,£1.29,£2.58 per kg,cupboard,canned,2024-11-19
Specially Selected Tomato & Chorizo Soup 400g,£1.19,£0.30 per 100g,cupboard,canned,2024-11-19
Bramwells Corned Beef 340g,£2.05,£0.60 per 100g,cupboard,canned,2024-11-19
Bramwells Short Cut Spaghetti 400g,£0.39,£0.10 per 100g,cupboard,canned,2024-11-19
Four Seasons Black Beans In Water 390g (235g Drained),£0.49,£0.13 per 100g,cupboard,canned,2024-11-19
Four Seasons Green Lentils In Water 390g (235g Drained),£0.49,£0.13 per 100g,cupboard,canned,2024-11-19
Four Seasons Taco Mixed Beans 395g,£0.72,£0.19 per 100g,cupboard,canned,2024-11-19
Four Seasons Midly Spiced Red Kidney Beans In Chilli Sa,£0.72,£0.19 per 100g,cupboard,canned,2024-11-19
The Deli Cornichons With Herbs 350g (190g Drained),£0.79,£0.42 per 100g drained,cupboard,canned,2024-11-19
The Deli Crinkle Cut Gherkins 350g (190g Drained),£0.79,£0.42 per 100g drained,cupboard,canned,2024-11-19
Bramwells Chilli Con Carne 400g,£1.89,£0.47 per 100g,cupboard,canned,2024-11-19
Bramwells Classic Stewed Steak 400g,£2.09,£0.52 per 100g,cupboard,canned,2024-11-19
Ye Olde Oak 8 Hot Dogs In Brine 400g (184g Drained),£0.99,£0.54 per 100g drained,cupboard,canned,2024-11-19
The Fishmonger Wild Pacific Pink Salmon 213g,£1.39,£0.65 per 100g,cupboard,canned,2024-11-19
The Fishmonger Mackerel In Tomato Sauce 125g,£0.79,£0.90 per 100g,cupboard,canned,2024-11-19
The Deli Sundried Tomatoes 280g (170g Drained),£1.59,£0.94 per 100g,cupboard,canned,2024-11-19
Duncan's Chicken Noodle Soup 400g,£0.99,£0.25 per 100g,cupboard,canned,2024-11-19
Duncan's Lentil & Vegetable Soup 380g,£0.99,£0.25 per 100g,cupboard,canned,2024-11-19
Bramwells Baked Beans & Pork Sausages In Rich Tomato Sa,£0.57,£0.14 per 100g,cupboard,canned,2024-11-19
Everyday Essentials Baked Beans 410g,£0.28,£0.07 per 100g,cupboard,canned,2024-11-19
Bramwells Macaroni Cheese 410g,£0.79,£0.19 per 100g,cupboard,canned,2024-11-19
The Fishmonger Tuna Steaks In Brine 110g,£0.99,£0.90 per 100g,cupboard,canned,2024-11-19
The Fishmonger Tuna Steaks In Sunflower Oil 110g,£0.99,£0.90 per 100g,cupboard,canned,2024-11-19
The Fishmonger Tuna Steaks In Spring Water 110g,£0.99,£0.90 per 100g,cupboard,canned,2024-11-19
"Specially Selected Cranberry, Clementine & Chestnut Stu",£1.49,£1.15 per 100g,cupboard,canned,2024-11-19
"Specially Selected Sage, Roasted Onion & Shallot Stuffi",£1.49,£1.15 per 100g,cupboard,canned,2024-11-19
The Deli Sundried Tomato Antipasti 280g,£1.59,£0.94 per 100g,cupboard,canned,2024-11-19
The Deli Grilled Peppers 280g (170g Drained),£1.59,£0.94 per 100g,cupboard,canned,2024-11-19
Four Seasons Sliced Carrots In Water 300g (160g Drained,£0.49,£0.16 per 100g,cupboard,canned,2024-11-19
Quixo Gravy Granules 300g,£1.09,£0.36 per 100g,cupboard,canned,2024-11-19
Quixo Gravy Granules For Chicken 300g,£1.09,£0.36 per 100g,cupboard,canned,2024-11-19
Quixo Onion Gravy Granules 300g,£1.09,£0.36 per 100g,cupboard,canned,2024-11-19
Bramwells Spaghetti Bolognese Mix 44g,£0.34,£0.77 per 100g,cupboard,canned,2024-11-19
Bramwells Chilli Con Carne Mix 50g,£0.34,£0.68 per 100g,cupboard,canned,2024-11-19
Bramwells Beef Casserole Seasoning Mix 40g,£0.34,£0.85 per 100g,cupboard,canned,2024-11-19
Bramwells Chicken Casserole Seasoning Mix 40g,£0.34,£0.85 per 100g,cupboard,canned,2024-11-19
Bramwells Sausage Casserole Seasoning Mix 39g,£0.34,£0.87 per 100g,cupboard,canned,2024-11-19
Bramwells Chicken Noodle Soup 400g,£0.62,£0.16 per 100g,cupboard,canned,2024-11-19
The Deli Pickled Sliced Beetroot 710g (460g Drained),£1.19,£25.90 per 100g drained,cupboard,canned,2024-11-19
Specially Selected Pomodorini Cherry Tomatoes 400g,£0.75,£0.19 per 100g,cupboard,canned,2024-11-19
The Deli Cornichons Gherkins With Herbs 350g (190g Drai,£0.79,£0.42 per 100g drained,cupboard,canned,2024-11-19
The Deli Pickled Baby Beetroot 710g (460g Drained),£1.19,£25.90 per 100g drained,cupboard,canned,2024-11-19
The Fishmonger Sardines In Tomato Sauce 120g,£0.47,£0.39 per 100g,cupboard,canned,2024-11-19
Specially Selected Greek Kalamata Olives 350g (200g Dra,£1.79,£0.99 per 100g drained,cupboard,canned,2024-11-19
Specially Selected Greek Halkadiki Olives 350g (200g Dr,£1.79,£0.99 per 100g drained,cupboard,canned,2024-11-19
Specially Selected Chicken Gravy Granules 200g,£1.49,£0.75 per 100g,cupboard,canned,2024-11-19
Specially Selected Beef Gravy Granules 200g,£1.49,£0.75 per 100g,cupboard,canned,2024-11-19
Knorr Stock Pots Chicken 8x28g,£2.49,£1.11 per 100g,cupboard,canned,2024-11-19
Knorr Stock Pot Vegetable 8x28g,£2.49,£1.11 per 100g,cupboard,canned,2024-11-19
Knorr Stock Pots Beef 224g,£2.49,£1.11 per 100g,cupboard,canned,2024-11-19
Everyday Essentials Chopped Tomatoes In Tomato Juice 40,£0.39,£0.10 per 100g,cupboard,canned,2024-11-19
The Fishmonger Sardines In Sunflower Oil 120g (90g Drai,£0.49,£0.41 per 100g,cupboard,canned,2024-11-19
Bramwells Chicken Stock Pots 4x24g,£0.99,£1.03 per 100g,cupboard,canned,2024-11-19
Bramwells Vegetable Stock Pots 4x24g,£0.99,£1.03 per 100g,cupboard,canned,2024-11-19
The Fishmonger Pack Tuna Chunks In Spring Water 4x145g,£2.59,£0.45 per 100g,cupboard,canned,2024-11-19
Bramwells Classic Piccalilli 380g,£1.19,£0.31 per 100g,cupboard,canned,2024-11-19
The Deli Pickled Onions 440g (220g Drained),£0.79,£0.35 per 100g,cupboard,canned,2024-11-19
Bramwells Beef Stock Pots 4x24g,£0.99,£1.03 per 100g,cupboard,canned,2024-11-19
Bramwells Chicken Stock Cubes 120g/12 Pack,£0.65,£0.54 per 100g,cupboard,canned,2024-11-19
Bramwells Vegetable Stock Cubes 120g/12 Pack,£0.65,£0.54 per 100g,cupboard,canned,2024-11-19
Everyday Essentials Peeled Plum Tomatoes 400g,£0.39,£0.10 per 100g,cupboard,canned,2024-11-19
Duncan's French Onion Soup 400g,£0.99,£0.25 per 100g,cupboard,canned,2024-11-19
Four Seasons Supersweet Sweetcorn In Water 4x200g (4x16,£1.99,£0.31 per 100g drained,cupboard,canned,2024-11-19
The Deli Pickled Baby Beetroot 710g (462g Drained),£1.19,£25.90 per 100g drained,cupboard,canned,2024-11-19
Cucina Chunky Chopped Tomatoes With Herbs In Tomato Jui,£0.59,£0.15 per 100g,cupboard,canned,2024-11-19
Four Seasons Supersweet Sweetcorn In Water 325g (260g D,£0.65,£0.25 per 100g,cupboard,canned,2024-11-19
Fishmonger Tuna Chunks In Spring Water 145g (102g Drain,£0.65,£0.64 per 100g,cupboard,canned,2024-11-19
Bramwells Lentil Soup 400g,£0.62,£0.16 per 100g,cupboard,canned,2024-11-19
Bramwells Pea & Ham Soup 400g,£0.62,£0.16 per 100g,cupboard,canned,2024-11-19
Bramwells Beef Stock Cubes 120g/12 Pack,£0.65,£0.54 per 100g,cupboard,canned,2024-11-19
Princes Pineapple Slices In Juice 227g (136g Drained),£0.75,£0.33 per 100g drained,cupboard,canned,2024-11-19
Princes Pineapple Chunks In Juice 227g (136g Drained),£0.75,£0.27 per 100g,cupboard,canned,2024-11-19
Four Seasons Fruit Cocktail In Syrup 410g (250g Drained,£0.99,£0.40 per 100g drained,cupboard,canned,2024-11-19
Everyday Essentials Red Kidney Beans In Water 400g (240,£0.33,£0.14 per 100g drained,cupboard,canned,2024-11-19
Four Seasons Fruit Cocktail In Juice 411g (250g Drained,£0.99,£0.40 per 100g drained,cupboard,canned,2024-11-19
Cucina Tomato Passata 500g,£0.55,£0.11 per 100g,cupboard,canned,2024-11-19
Cucina Tomato Purée Double Concentrate 200g,£0.59,£0.29 per 100g,cupboard,canned,2024-11-19
The Fishmonger Tuna Steak In Sunflower Oil 110g,£0.99,£0.90 per 100g,cupboard,canned,2024-11-19
The Fishmonger Tuna Steak In Brine 110g,£0.99,£0.90 per 100g,cupboard,canned,2024-11-19
The Fishmonger Tuna Steak In Spring Water 110g,£0.99,£0.90 per 100g,cupboard,canned,2024-11-19
Specially Selected Garlic Passata Rustica 690g,£1.85,£0.27 per 100g,cupboard,canned,2024-11-19
Specially Selected Basil & Oregano Passata Rustica 690g,£1.85,£0.27 per 100g,cupboard,canned,2024-11-19
Four Seasons Mandarin Segments In Juice 300g (175 G Dra,£0.69,£0.39 per 100g,cupboard,canned,2024-11-19
The Deli Green Pitted Olives 340g (165g Drained),£0.89,£0.54 per 100g drained,cupboard,canned,2024-11-19
The Deli Black Pitted Olives 330g (165g Drained),£0.89,£0.54 per 100g drained,cupboard,canned,2024-11-19
Bramwells Chunky Lamb Soup 400g,£0.99,£0.25 per 100g,cupboard,canned,2024-11-19
The Deli Pitted Green Olives 340g (165g Drained),£0.89,£0.54 per 100g drained,cupboard,canned,2024-11-19
Duncan's Selections Garden Vegetable Soup 400g,£0.99,£0.26 per 100g,cupboard,canned,2024-11-19
Bramwells Spaghetti Loops 400g,£0.35,£0.07 per 100g,cupboard,canned,2024-11-19
The Fishmonger Wild Pacific Red Salmon 213g,£2.49,£1.17 per 100g,cupboard,canned,2024-11-19
Specially Selected Butternut Squash & Prosciutto Soup 4,£1.19,£0.30 per 100g,cupboard,canned,2024-11-19
Specially Selected Cream Of Roast Chicken & Tarragon So,£1.19,£0.30 per 100g,cupboard,canned,2024-11-19
The Deli Pickled Onions 440g (225g Drained),£0.79,£0.35 per 100g,cupboard,canned,2024-11-19
The Deli Pickled Red Cabbage 440g (200g Drained),£0.99,£0.50 per 100g drained,cupboard,canned,2024-11-19
Specially Selected Balsamic Vinegar Of Modena Pearl Oni,£1.39,£0.68 per 100g drained,cupboard,canned,2024-11-19
Specially Selected Pink Gin Pickled Pink Onions 340g (1,£1.39,£0.89 per 100g drained,cupboard,canned,2024-11-19
Specially Selected Blood Orange & Cranberry Rosebud Bee,£1.39,£0.63 per 100g drained,cupboard,canned,2024-11-19
Specially Selected Turkey Gravy Granules 200g,£1.49,£0.75 per 100g,cupboard,canned,2024-11-19
Dino's Famous 8 The Brooklyn Big Dog Beechwood Smoked P,£4.49,£0.62 per 100g,cupboard,canned,2024-11-19
Everyday Essentials Long Grain Rice 1kg,£0.52,£0.52 per kg,cupboard,carbs,2024-11-19
Cucina Wholewheat Fusilli 500g,£0.75,£1.50 per kg,cupboard,carbs,2024-11-19
Cucina Wholewheat Spaghetti Pasta 500g,£0.75,£1.50 per kg,cupboard,carbs,2024-11-19
Asia Specialities Ready To Wok Medium Noodles 2x150g,£0.85,£2.83 per kg,cupboard,carbs,2024-11-19
Worldwide Foods Heat & Eat Pesto Style Pasta 200g,£0.99,£0.50 per 100g,cupboard,carbs,2024-11-19
Cucina Fusilli Pasta 1kg,£1.29,£1.29 per kg,cupboard,carbs,2024-11-19
Worldwide Foods Heat & Eat Tomato & Basil Fusilli Pasta,£0.99,£0.50 per 100g,cupboard,carbs,2024-11-19
Worldwide Foods Heat & Eat Mac & Cheese Pasta 200g,£0.99,£0.50 per 100g,cupboard,carbs,2024-11-19
Worldwide Foods Special Lime & Coriander Rice 250g,£0.65,£2.60 per kg,cupboard,carbs,2024-11-19
Worldwide Foods Special Mixed Pepper Rice 250g,£0.99,£3.96 per kg,cupboard,carbs,2024-11-19
Worldwide Foods Special Peri Peri Rice 250g,£0.65,£2.60 per kg,cupboard,carbs,2024-11-19
Make In Minutes Beef & Tomato Flavour Snack Noodles Pot,£0.69,£0.77 per 100g,cupboard,carbs,2024-11-19
Worldwide Foods Special Savoury Chicken Rice 250g,£0.65,£2.60 per kg,cupboard,carbs,2024-11-19
Bramwells Express Asia Inspired Japanese Style Katsu Cu,£0.85,£1.09 per 100g,cupboard,carbs,2024-11-19
Asia Specialities Medium Egg Noodles 250g,£0.95,£3.80 per kg,cupboard,carbs,2024-11-19
Worldwide Foods Pesto Infused Grains 250g,£0.95,£3.80 per kg,cupboard,carbs,2024-11-19
Cucina Macaroni Pasta 500g,£0.72,£1.44 per kg,cupboard,carbs,2024-11-19
Cucina Tortellini Three Cheese 250g,£1.19,£2.38 per kg,cupboard,carbs,2024-11-19
Cucina Gnocchi 500g,£1.19,£2.38 per kg,cupboard,carbs,2024-11-19
Cucina Tortelloni Spinach & Ricotta 250g,£1.19,£2.38 per kg,cupboard,carbs,2024-11-19
Worldwide Foods Mexican Style Rice 250g,£0.65,£2.60 per kg,cupboard,carbs,2024-11-19
Worldwide Foods Red & White Quinoa 250g,£0.95,£3.80 per kg,cupboard,carbs,2024-11-19
Worldwide Special Golden Vegetable Rice 250g,£0.65,£2.60 per kg,cupboard,carbs,2024-11-19
Everyday Essentials Golden Vegetable Savoury Rice 120g,£0.28,£0.23 per 100g,cupboard,carbs,2024-11-19
Cucina Lasagne Sheets 500g,£0.75,£1.50 per kg,cupboard,carbs,2024-11-19
Worldwide Foods Steamed Basmati Rice 280g,£0.99,£3.54 per kg,cupboard,carbs,2024-11-19
Worldwide Foods Long Grain Rice 300g,£0.99,£3.30 per kg,cupboard,carbs,2024-11-19
Worldwide Foods Steamed Pilau Rice 280g,£0.99,£3.54 per kg,cupboard,carbs,2024-11-19
Worldwide Foods Cajun Quinoa 220g,£0.95,£4.32 per kg,cupboard,carbs,2024-11-19
Make In Minutes Beef Flavour Savoury Rice 120g,£0.59,£0.49 per 100g,cupboard,carbs,2024-11-19
Asia Specialities Ready To Wok Medium Noodles 300g,£0.85,£2.83 per kg,cupboard,carbs,2024-11-19
Bramwells Express Asia Inspired Noodles Cantonese Style,£0.85,£1.09 per 100g,cupboard,carbs,2024-11-19
Worldwide Foods Easy Cook Brown Rice 1kg,£1.39,£1.39 per kg,cupboard,carbs,2024-11-19
Worldwide Foods Classic Basmati Rice 1kg,£1.85,£1.85 per kg,cupboard,carbs,2024-11-19
Worldwide Foods Easy Cook Boil In The Bag Long Grain Ri,£0.99,£1.98 per kg,cupboard,carbs,2024-11-19
"Make In Minutes Pasta & Sauce Cheese, Leek & Ham Flavou",£0.45,£0.41 per 100g,cupboard,carbs,2024-11-19
Bramwells Express Pasta With Macaroni Cheese Sauce 110g,£0.45,£0.41 per 100g,cupboard,carbs,2024-11-19
Bramwells Express Pasta With Cheese & Broccoli Sauce 11,£0.45,£0.41 per 100g,cupboard,carbs,2024-11-19
Bramwells Express Pasta With Chicken & Mushroom Sauce 1,£0.45,£0.41 per 100g,cupboard,carbs,2024-11-19
"Worldwide Foods Special Wholegrain, Wild & Red Rice 250",£0.75,£3.00 per 100g,cupboard,carbs,2024-11-19
"Worldwide Foods Special Quinoa, Pumpkin & Sunflower See",£0.75,£3.00 per 100g,cupboard,carbs,2024-11-19
Cucina Spirali Pasta 500g,£0.75,£1.50 per kg,cupboard,carbs,2024-11-19
Worldwide Foods Classic Basmati Rice 250g,£0.45,£1.80 per kg,cupboard,carbs,2024-11-19
Worldwide Classic Long Grain Rice 250g,£0.45,£1.80 per kg,cupboard,carbs,2024-11-19
Worldwide Foods Classic Wholegrain Rice 250g,£0.45,£1.80 per kg,cupboard,carbs,2024-11-19
Make In Minutes Asia Inspired Singapore Style Curry Noo,£0.85,£1.09 per 100g,cupboard,carbs,2024-11-19
Bramwells Express Asia Inspired Noodles Thai Style Swee,£0.85,£1.09 per 100g,cupboard,carbs,2024-11-19
Make In Minutes Instant Noodles BBQ Beef Flavour 100g,£0.35,£0.35 per 100g,cupboard,carbs,2024-11-19
Make In Minutes Instant Noodles Curry Flavour 100g,£0.35,£0.35 per 100g,cupboard,carbs,2024-11-19
Make In Minutes Instant Noodles Chicken Flavour 100g,£0.35,£0.35 per 100g,cupboard,carbs,2024-11-19
Bramwells Express Cupshotz Roast Chicken Flavour Pasta,£0.49,£0.89 per 100g,cupboard,carbs,2024-11-19
Make In Minutes Cup Shotz - Yummy Chicken Pasta 55g,£0.49,£0.89 per 100g,cupboard,carbs,2024-11-19
Make In Minutes Savoury Rice - Chicken Flavour 120g,£0.59,£0.49 per 100g,cupboard,carbs,2024-11-19
Make In Minutes Golden Veg Flavour Savoury Rice 120g,£0.59,£0.49 per 100g,cupboard,carbs,2024-11-19
Worldwide Long Grain White Rice 1kg,£0.52,£0.52 per kg,cupboard,carbs,2024-11-19
Worldwide Foods Easy Cook Long Grain Rice 1kg,£1.25,£1.25 per kg,cupboard,carbs,2024-11-19
Make In Minutes Cup Shotz Sweet & Sour Flavour Noodle 6,£0.49,0.73p per 100g,cupboard,carbs,2024-11-19
Bramwells Express Cup Shotz Tomato & Herb Flavour Pasta,£0.49,£0.77 per 100g,cupboard,carbs,2024-11-19
Bramwells Express Tomato & Herb Flavour Pasta Cup Shotz,£0.49,£0.77 per 100g,cupboard,carbs,2024-11-19
Bramwells Express Sweet & Sour Noodles Cup Shotz 67g,£0.49,£0.73 per 100g,cupboard,carbs,2024-11-19
Bramwells Express Macaroni Cheese Pasta Cupshotz 68g,£0.49,£0.72 per 100g,cupboard,carbs,2024-11-19
Cucina Penne Pasta 500g,£0.69,£1.38 per kg,cupboard,carbs,2024-11-19
Worldwide Foods Special Coconut Rice 250g,£0.99,£3.96 per kg,cupboard,carbs,2024-11-19
Cucina Spaghetti 500g,£0.75,£1.50 per kg,cupboard,carbs,2024-11-19
Worldwide Foods Boil In Bag Long Grain Rice 500g,£0.99,£1.98 per kg,cupboard,carbs,2024-11-19
Everyday Essentials Penne Pasta 500g,£0.41,£0.82 per kg,cupboard,carbs,2024-11-19
Make In Minutes Cheesy Pasta Made With Durum Wheat 190g,£0.99,£5.21 per kg,cupboard,carbs,2024-11-19
Foodie Market Red Lentils 500g,£1.29,£2.58 per kg,cupboard,carbs,2024-11-19
Worldwide Foods Wholegrain Rice & Quinoa 250g,£0.75,£3.00 per 100g,cupboard,carbs,2024-11-19
Everyday Essentials Spaghetti 500g,£0.28,£0.56 per kg,cupboard,carbs,2024-11-19
Worldwide Foods Good Grains French Inspired Lentils 250,£1.19,£4.76 per kg,cupboard,carbs,2024-11-19
Good Grains Spanish Style Grains Wholegrain Rice 250g,£1.19,£4.76 per kg,cupboard,carbs,2024-11-19
Bramwells Express Chicken & Mushroom Flavour Snack Nood,£0.69,£0.77 per 100g,cupboard,carbs,2024-11-19
Bramwells Express Spicy Curry Flavour Snack Noodles Pot,£0.69,£0.77 per 100g,cupboard,carbs,2024-11-19
Specially Selected Bucatini Pasta Di Gragnano P.G.I. 50,£1.45,£2.90 per kg,cupboard,carbs,2024-11-19
Specially Selected Rigatoni Pasta Di Gragnano P.G.I. 50,£1.45,£2.90 per kg,cupboard,carbs,2024-11-19
Asia Specialities Vermicelli Rice Noodles 200g,£0.65,£3.25 per kg,cupboard,carbs,2024-11-19
Asia Specialities Folded Rice Noodles 200g,£0.65,£3.25 per kg,cupboard,carbs,2024-11-19
Asia Specialities Folded Brown Rice Noodles 200g,£0.65,£3.25 per kg,cupboard,carbs,2024-11-19
Everyday Essentials Spaghetti Pasta 500g,£0.28,£0.56 per kg,cupboard,carbs,2024-11-19
Worldwide Foods Indian Style Grains 250g,£0.95,£3.80 per kg,cupboard,carbs,2024-11-19
Cucina Orzo Pasta 500g,£0.75,£1.50 per kg,cupboard,carbs,2024-11-19
Asia Specialities Ready To Wok Udon Noodles 2x150g,£0.85,£2.83 per kg,cupboard,carbs,2024-11-19
Asia Specialities Ready To Wok Ramen Noodles 2 X 150g,£0.85,£2.83 per kg,cupboard,carbs,2024-11-19
Asia Specialities Ready To Wok Singapore Noodles 2x150g,£0.85,£2.83 per kg,cupboard,carbs,2024-11-19
The Foodie Market Gluten Free Red Lentil & Beetroot Fus,£1.19,£4.76 per kg,cupboard,carbs,2024-11-19
The Foodie Market Gluten Free Green Pea Penne 250g,£1.19,£4.76 per kg,cupboard,carbs,2024-11-19
The Foodie Market Gluten Free Chickpea Fusilli 250g,£1.19,£4.76 per kg,cupboard,carbs,2024-11-19
Worldwide Foods Winter Grains 250g,£0.95,£3.80 per kg,cupboard,carbs,2024-11-19
Bramwells Roasted Vegetable Cous Cous 100g,£0.49,£4.90 per kg,cupboard,carbs,2024-11-19
Bramwells Lemon & Coriander Cous Cous 100g,£0.49,£4.90 per kg,cupboard,carbs,2024-11-19
Bramwells Sundried Tomato & Garlic Cous Cous 100g,£0.49,£4.90 per kg,cupboard,carbs,2024-11-19
Bramwells Moroccan Medley Cous Cous 100g,£0.49,£4.90 per kg,cupboard,carbs,2024-11-19
Worldwide Foods American Style Buffalo Rice 250g,£0.99,£3.96 per kg,cupboard,carbs,2024-11-19
Worldwide Foods Asian Style Bang Bang Rice 250g,£0.99,£3.96 per kg,cupboard,carbs,2024-11-19
Bramwells Cheesy Pasta Pot 70g,£0.89,£1.27 per 100g,cupboard,carbs,2024-11-19
Bramwells Express Chilli Flavour Soba Noodles 90g,£1.19,£1.32 per 100g,cupboard,carbs,2024-11-19
Bramwells Express Classic Soba Noodles 90g,£1.19,£1.32 per 100g,cupboard,carbs,2024-11-19
Bramwells Express Yakitori Flavour Soba Noodles 90g,£1.19,£1.32 per 100g,cupboard,carbs,2024-11-19
Make In Minutes Spice Infusion Cous Cous 100g,£0.49,£4.90 per kg,cupboard,carbs,2024-11-19
Cucina Three Cheese Tortelloni 250g,£1.19,£2.38 per kg,cupboard,carbs,2024-11-19
Cucina Spinach & Ricotta Tortelloni 250g,£1.19,£2.38 per kg,cupboard,carbs,2024-11-19
Specially Selected Egg Tagliatelle Pasta 500g,£1.39,£2.78 per kg,cupboard,carbs,2024-11-19
Worldwide Foods Basmati Rice 1kg,£1.85,£1.85 per kg,cupboard,carbs,2024-11-19
Cucina Mushroom Filled Tortelloni 250g,£1.19,£2.38 per kg,cupboard,carbs,2024-11-19
Specially Selected Fusilli Bucati Corti Pasta 500g,£1.29,£2.58 per kg,cupboard,carbs,2024-11-19
Specially Selected Linguine Pasta 500g,£1.29,£2.58 per kg,cupboard,carbs,2024-11-19
Bramwells Express Pasta With Tomato & Onion Sauce 110g,£0.45,£0.41 per 100g,cupboard,carbs,2024-11-19
Asia Specialities Teriyaki Stir Fry Sauce 120g,£0.55,£0.46 per 100g,cupboard,sauce,2024-11-19
Specially Selected Tomato & Mascarpone Stir Through Pas,£1.49,£0.78 per 100g,cupboard,sauce,2024-11-19
Specially Selected Tomato & Grilled Peppers Stir Throug,£1.49,£0.78 per 100g,cupboard,sauce,2024-11-19
Specially Selected Tomato & Olive Stir Through Pasta Sa,£1.49,£0.78 per 100g,cupboard,sauce,2024-11-19
Bramwells Squeezy Real Mayonnaise 500ml,£0.95,£0.19 per 100ml,cupboard,sauce,2024-11-19
Asia Specialities Chinese Style Curry Cooking Sauce 500,£0.99,£0.20 per 100g,cupboard,sauce,2024-11-19
Bramwells Mild Chilli Con Carne Cooking Sauce 500g,£0.99,£0.20 per 100g,cupboard,sauce,2024-11-19
"Ready, Set…Cook! Sesame Teriyaki Noodle Meal Kit 352g",£1.99,£0.57 per 100g,cupboard,sauce,2024-11-19
"Ready, Set…Cook! Massaman Curry Meal Kit 272g",£1.99,£0.73 per 100g,cupboard,sauce,2024-11-19
"Ready, Set…Cook! Khao Soi Meal Kit 262g",£1.99,£0.76 per 100g,cupboard,sauce,2024-11-19
Asia Specialities Teriyaki Sauce 310g,£1.39,£0.45 per 100g,cupboard,sauce,2024-11-19
Asia Specialities Satay Sauce 280g,£1.39,£0.50 per 100g,cupboard,sauce,2024-11-19
Asia Specialities Hoisin Sauce 315g,£1.39,£0.44 per 100g,cupboard,sauce,2024-11-19
Specially Selected P.D.O. Terra Di Bari Castel Del Mont,£5.49,£1.10 per 100ml,cupboard,sauce,2024-11-19
The Foodie Market Organic Apple Cider Vinegar 500ml,£2.09,£4.18 per litre,cupboard,sauce,2024-11-19
The Deli Cider Vinegar 500ml,£1.55,£3.10 per litre,cupboard,sauce,2024-11-19
The Deli Red Wine Vinegar 500ml,£1.55,£3.10 per litre,cupboard,sauce,2024-11-19
The Deli White Wine Vinegar 500ml,£1.55,£3.10 per litre,cupboard,sauce,2024-11-19
"Ready, Set…Cook! Thai Red Curry Kit 253g",£1.99,£0.79 per 100g,cupboard,sauce,2024-11-19
"Ready, Set…Cook! Pad Thai Meal Kit 265g",£1.99,£0.75 per 100g,cupboard,sauce,2024-11-19
"Ready, Set…Cook! Thai Green Curry Kit 253g",£1.99,£0.79 per 100g,cupboard,sauce,2024-11-19
Bramwells Peri Peri Seasoning 35g,£0.55,£0.16 per 10g,cupboard,sauce,2024-11-19
Bramwells Chinese Marinade 35g,£0.55,£0.16 per 10g,cupboard,sauce,2024-11-19
Bramwells Barbecue Marinade 35g,£0.55,£0.16 per 10g,cupboard,sauce,2024-11-19
Bramwells Light Mayonnaise 500g/500ml,£0.95,£0.19 per 100ml,cupboard,sauce,2024-11-19
Bramwells Salad Cream 520g,£0.99,£0.19 per 100g,cupboard,sauce,2024-11-19
Specially Selected 2 Step Jalfrezi Curry Sauce 360g,£1.49,£0.41 per 100g,cupboard,sauce,2024-11-19
Specially Selected 2 Step Rogan Josh Curry Sauce 360g,£1.49,£0.41 per 100g,cupboard,sauce,2024-11-19
Specially Selected 2 Step Balti Curry Sauce 360g,£1.49,£0.41 per 100g,cupboard,sauce,2024-11-19
Specially Selected 2 Step Madras Curry Sauce 360g,£1.49,£0.41 per 100g,cupboard,sauce,2024-11-19
Specially Selected Korma Curry Sauce 360g,£1.49,£0.41 per 100g,cupboard,sauce,2024-11-19
Specially Selected 2 Step Tikka Masala Curry Sauce 360g,£1.49,£0.41 per 100g,cupboard,sauce,2024-11-19
Specially Selected Butter Chicken Curry Sauce 360g,£1.49,£0.41 per 100g,cupboard,sauce,2024-11-19
Specially Selected Hot & Spicy Cherry Tomato & Chilli P,£1.49,£0.44 per 100g,cupboard,sauce,2024-11-19
Specially Selected Full & Smoky Cherry Tomato & Pancett,£1.49,£0.44 per 100g,cupboard,sauce,2024-11-19
Specially Selected Bolognese Pasta Sauce With Vino 340g,£1.49,£0.44 per 100g,cupboard,sauce,2024-11-19
Specially Selected Pesto Alla Genovese 190g,£1.85,£0.97 per 100g,cupboard,sauce,2024-11-19
Specially Selected Pesto Rosso 190g,£1.85,£0.97 per 100g,cupboard,sauce,2024-11-19
Specially Selected British Rapeseed Oil 500ml,£2.75,£0.55 per 100ml,cupboard,sauce,2024-11-19
Bramwells Malt Vinegar 568ml,£0.35,£0.62 per litre,cupboard,sauce,2024-11-19
Bramwells Distilled Vinegar 568ml,£0.35,£0.62 per litre,cupboard,sauce,2024-11-19
Cucina Pesto Sauce 190g,£0.99,£0.52 per 100g,cupboard,sauce,2024-11-19
Cucina Red Pesto Sauce 190g,£0.99,£0.52 per 100g,cupboard,sauce,2024-11-19
"Ready, Set…Cook! Garlic Purée 75g",£0.79,£1.05 per 100g,cupboard,sauce,2024-11-19
"Ready, Set…Cook! Ginger Purée 75g",£0.79,£1.05 per 100g,cupboard,sauce,2024-11-19
"Ready, Set…Cook! Chilli Purée 70g",£0.79,£1.13 per 100g,cupboard,sauce,2024-11-19
Asia Specialities Sweet & Sour Cooking Sauce 500g,£0.99,£0.20 per 100g,cupboard,sauce,2024-11-19
Specially Selected 2 Step Saag Masala Curry Sauce 360g,£1.49,£0.41 per 100g,cupboard,sauce,2024-11-19
Bilash Mango Chutney 370g,£1.35,£0.37 per 100g,cupboard,sauce,2024-11-19
Solesta Sunflower Oil 1l,£1.99,£0.20 per 100ml,cupboard,sauce,2024-11-19
Solesta Vegetable Oil 1l,£1.99,£0.20 per 100ml,cupboard,sauce,2024-11-19
"Ready, Set…Cook! Classic Fajita Dinner Kit 500g",£1.79,£0.36 per 100g,cupboard,sauce,2024-11-19
Bilash Tikka Masala Cooking Sauce 500g,£0.99,£0.20 per 100g,cupboard,sauce,2024-11-19
Bilash Korma Cooking Sauce 500g,£0.99,£0.20 per 100g,cupboard,sauce,2024-11-19
Bramwells Bramley Apple Sauce 270g,£0.69,£0.26 per 100g,cupboard,sauce,2024-11-19
Asia Specialities Sweet Chilli & Garlic Stir Fry Sauce,£0.55,£0.46 per 100g,cupboard,sauce,2024-11-19
Asia Specialities Chow Mein Sauce 120g,£0.55,£0.46 per 100g,cupboard,sauce,2024-11-19
Asia Specialities Sweet & Sour Stir Fry Sauce 120g,£0.55,£0.46 per 100g,cupboard,sauce,2024-11-19
Snackrite Sour Cream & Chive Dip 280g,£0.89,£0.32 per kg,cupboard,sauce,2024-11-19
Snackrite Mild Salsa Dip 300g,£0.89,£0.30 per kg,cupboard,sauce,2024-11-19
Snackrite Hot Salsa Dip 300g,£0.89,£0.30 per kg,cupboard,sauce,2024-11-19
Cucina Tomato & Smoked Bacon Stir In Pasta Sauce 150g,£0.85,£0.57 per 100g,cupboard,sauce,2024-11-19
Solesta Sunflower Spray Light 190ml,£1.39,£0.73 per 100ml,cupboard,sauce,2024-11-19
Solesta Spray Light Olive Oil 190ml,£1.39,£0.73 per 100ml,cupboard,sauce,2024-11-19
Specially Selected Caramelised Red Onion Sweet Chutney,£1.79,£0.58 per 100g,cupboard,sauce,2024-11-19
Specially Selected Tomato & Chilli Chutney 285g,£1.79,£0.63 per kg,cupboard,sauce,2024-11-19
Bramwells Whole Cranberry Sauce 200g,£0.55,£0.28 per 100g,cupboard,sauce,2024-11-19
Bramwells Smooth Cranberry Sauce 200g,£0.55,£0.28 per 100g,cupboard,sauce,2024-11-19
Solesta Light In Colour Olive Oil 1l,£7.29,£0.73 per 100ml,cupboard,sauce,2024-11-19
Bramwells Wholegrain Mustard 200g,£0.65,£0.33 per 100g,cupboard,sauce,2024-11-19
Bramwells Dijon Mustard 200g,£0.65,£0.33 per 100g,cupboard,sauce,2024-11-19
Bramwells English Mustard 200g,£0.59,£0.29 per 100g,cupboard,sauce,2024-11-19
Bramwells Hot Chilli Con Carne Cooking Sauce 500g,£0.99,£0.20 per 100g,cupboard,sauce,2024-11-19
Everyday Essentials Tomato & Herb Pasta Sauce 440g,£0.45,£0.10 per 100g,cupboard,sauce,2024-11-19
Cucina Chunky Mushroom Pasta Sauce 500g,£0.69,£0.14 per 100g,cupboard,sauce,2024-11-19
Cucina Smooth Tomato Pasta Sauce 500g,£0.69,£0.14 per 100g,cupboard,sauce,2024-11-19
Cucina Onion & Garlic Pasta Sauce 500g,£0.69,£0.14 per 100g,cupboard,sauce,2024-11-19
Cucina Tomato & Basil Sauce For Meatballs 500g,£0.69,£0.14 per 100g,cupboard,sauce,2024-11-19
Cucina Bolognese Pasta Sauce 500g,£0.69,£0.14 per 100g,cupboard,sauce,2024-11-19
Cucina Creamy Lasagne Sauce 470g,£0.69,£0.15 per 100g,cupboard,sauce,2024-11-19
Cucina Tomato Lasagne Sauce 500g,£0.69,£0.14 per 100g,cupboard,sauce,2024-11-19
Cucina Stir In Pasta Sauce Sun-dried Tomato 150g,£0.85,£0.57 per 100g,cupboard,sauce,2024-11-19
Cucina Stir In Tomato & Basil Pasta Sauce 150g,£0.85,£0.57 per 100g,cupboard,sauce,2024-11-19
Asia Specialities Sweet Chilli Dipping Sauce 300g,£1.49,£0.50 per 100g,cupboard,sauce,2024-11-19
Specially Selected Scottish Cold Pressed Rapeseed Oil 5,£2.75,£0.55 per 100ml,cupboard,sauce,2024-11-19
Quixo Natural Breadcrumbs 175g,£0.89,£0.51 per 100g,cupboard,sauce,2024-11-19
Quixo Golden Breadcrumbs 175g,£0.89,£0.51 per 100g,cupboard,sauce,2024-11-19
Bramwells Worcestershire Sauce 150ml,£0.89,£0.59 per 100ml,cupboard,sauce,2024-11-19
Specially Selected Caramelised Red Onion Chutney 310g,£1.79,£0.58 per 100g,cupboard,sauce,2024-11-19
Cucina Creamy Tomato Pasta Bake Sauce 480g,£0.65,£0.14 per 100g,cupboard,sauce,2024-11-19
Cucina Tomato & Bacon Pasta Bake Sauce 495g,£0.65,£0.13 per 100g,cupboard,sauce,2024-11-19
Cucina Cheese Pasta Bake Sauce 485g,£0.65,£0.13 per 100g,cupboard,sauce,2024-11-19
Bramwells Shake 'N' Bake BBQ Chicken Seasoning Mix 19g,£0.59,£0.03 per 100g,cupboard,sauce,2024-11-19
Bramwells Shake 'N' Bake Cajun Chicken Seasoning Mix 45,£0.59,£0.01 per 100g,cupboard,sauce,2024-11-19
Bramwells Mild Peppercorn Sauce Mix 25g,£0.39,£1.20 per 100g,cupboard,sauce,2024-11-19
Asia Specialities Dark Soy Sauce 150ml,£0.59,£0.39 per 100ml,cupboard,sauce,2024-11-19
Asia Specialities Light Soy Sauce 150ml,£0.59,£0.39 per 100ml,cupboard,sauce,2024-11-19
Bramwells Real Mayonnaise 500ml,£0.99,£0.20 per 100ml,cupboard,sauce,2024-11-19
Bramwells Original BBQ Sauce 480g,£0.89,£0.19 per 100g,cupboard,sauce,2024-11-19
Bramwells Caesar Dressing 250ml,£0.75,£3.00 per litre,cupboard,sauce,2024-11-19
Bramwells Fat Free Vinaigrette Dressing 250ml,£0.75,£3.00 per litre,cupboard,sauce,2024-11-19
Bramwells House Dressing 250ml,£0.75,£3.00 per litre,cupboard,sauce,2024-11-19
Bramwells Honey & Mustard Dressing 250ml,£0.75,£3.00 per litre,cupboard,sauce,2024-11-19
Bramwells Horseradish Sauce 175g,£0.65,£0.37 per 100g,cupboard,sauce,2024-11-19
Bramwells Tartare Sauce 175g,£0.65,£0.37 per 100g,cupboard,sauce,2024-11-19
"Ready, Set…Cook! Smoky BBQ Fajita Kit 500g",£1.79,£0.36 per 100g,cupboard,sauce,2024-11-19
Bramwells Brown Sauce 455g,£0.89,£0.20 per 100g,cupboard,sauce,2024-11-19
Bramwells Mint Sauce 180g,£0.55,£0.31 per 100g,cupboard,sauce,2024-11-19
Bramwells Lighter Than Light Mayonnaise 500 Ml,£0.95,£0.19 per 100ml,cupboard,sauce,2024-11-19
Bramwells Lighter Than Light Mayonnaise 500ml,£0.95,£0.19 per 100ml,cupboard,sauce,2024-11-19
Bramwells BBQ Sauce 460g,£0.85,£0.19 per 100g,cupboard,sauce,2024-11-19
Bramwells Shake 'N' Bake Mediterranean Chicken Seasonin,£0.59,£1.79 per 100g,cupboard,sauce,2024-11-19
Bramwells Shake 'N' Bake Garlic & Herb Seasoning Mix 32,£0.59,£1.84 per 100g,cupboard,sauce,2024-11-19
Specially Selected Tomato & Mascarpone Pasta Sauce 340g,£1.49,£0.44 per 100g,cupboard,sauce,2024-11-19
"Specially Selected Sun-dried Tomato, Basil & Garlic Pas",£1.49,£0.44 per 100g,cupboard,sauce,2024-11-19
Bramwells Tomato Ketchup Reduced Salt & Sugar 520g,£0.89,£0.17 per 100g,cupboard,sauce,2024-11-19
Everyday Essentials Curry Sauce 440g,£0.45,£0.10 per 100g,cupboard,sauce,2024-11-19
Bramwells Light Mayonnaise 500ml,£0.99,£0.20 per 100ml,cupboard,sauce,2024-11-19
Cucina Sun-dried Tomato Pesto 190g,£0.99,£0.52 per 100g,cupboard,sauce,2024-11-19
Cucina Basil Pesto 190g,£0.99,£0.52 per 100g,cupboard,sauce,2024-11-19
"Ready, Set, Cook! Tikka Masala Curry Paste 185g",£1.59,£0.86 per 100g,cupboard,sauce,2024-11-19
"Ready, Set, Cook! Korma Curry Paste 185g",£1.59,£0.86 per 100g,cupboard,sauce,2024-11-19
"Ready, Set Cook! Thai Red Curry Paste 180g",£1.59,£0.88 per 100g,cupboard,sauce,2024-11-19
"Ready, Set Cook! Thai Green Curry Paste 180g",£1.59,£0.88 per 100g,cupboard,sauce,2024-11-19
Dolmio Sauce For Lasagne Creamy 390g,£1.85,£0.46 per 100g,cupboard,sauce,2024-11-19
Dolmio Sauce For Bolognese Original 400g,£1.85,£0.46 per 100g,cupboard,sauce,2024-11-19
Dolmio Sauce For Bolognese Onion & Garlic 400g,£1.85,£0.46 per 100g,cupboard,sauce,2024-11-19
Dolmio Sauce For Lasagne Tomato 400g,£1.85,£0.46 per 100g,cupboard,sauce,2024-11-19
"Ready, Set...Cook! Coriander Ground 29g",£0.59,£0.20 per 10g,cupboard,sauce,2024-11-19
Bramwells Tomato Ketchup 550g/500ml,£0.89,£0.16 per 100g,cupboard,sauce,2024-11-19
"Ready, Set...Cook! Peri Peri Seasoning 44g",£0.79,£0.18 per 10g,cupboard,sauce,2024-11-19
"Ready, Set...Cook! Bay Leaves 2g",£0.49,£3.25 per 10g,cupboard,sauce,2024-11-19
"Ready, Set...Cook! All Purpose Seasoning 82g",£0.75,£0.09 per 10g,cupboard,sauce,2024-11-19
Bramwells Original Salad Cream 520g/490ml,£0.99,£0.19 per 100g,cupboard,sauce,2024-11-19
Bramwells 30% Less Fat Salad Cream 520g/490ml,£0.99,£0.19 per 100g,cupboard,sauce,2024-11-19
Bramwells Roast Potato Seasoning 35g,£0.59,£1.69 per 100g,cupboard,sauce,2024-11-19
Bramwells Roast Vegetable Seasoning 35g,£0.59,£1.69 per 100g,cupboard,sauce,2024-11-19
Bramwells Extra Tasty Seasoning 35g,£0.59,£1.69 per 100g,cupboard,sauce,2024-11-19
Specially Selected Spiced Plum & Blackberry Chutney 215,£1.39,£0.65 per 100g,cupboard,sauce,2024-11-19
"Specially Selected Fig, Honey & Orange Chutney 215g",£1.39,£0.65 per 100g,cupboard,sauce,2024-11-19
Bramwells Honey Roast Vegetable Seasoning 35g,£0.59,£1.69 per 100g,cupboard,sauce,2024-11-19
Hellmann's Condiment Light Mayonnaise 580,£2.75,£0.47 per 100ml,cupboard,sauce,2024-11-19
Hellmann's Condiment Real Mayonnaise 580,£2.75,£0.47 per 100ml,cupboard,sauce,2024-11-19
Don Mario Extra Virgin Olive Oil 500ml,£4.79,£0.96 per 100ml,cupboard,sauce,2024-11-19
Bilash Plain Poppadoms 64g/8 Pack,£1.05,£1.64 per 100g,cupboard,sauce,2024-11-19
Bramwells Tomato Ketchup 550g,£0.89,£0.16 per 100g,cupboard,sauce,2024-11-19
Solesta Olive Oil 500ml,£4.49,£0.90 per 100ml,cupboard,sauce,2024-11-19
Solesta Light In Colour Olive Oil 500ml,£4.49,£0.90 per 100ml,cupboard,sauce,2024-11-19
Snackrite Nacho Cheese Dip 280g,£0.89,£0.32 per 100g,cupboard,sauce,2024-11-19
Bramwells Salt & Pepper Seasoning 35g,£0.55,£0.16 per 10g,cupboard,sauce,2024-11-19
Bramwells Thousand Island Dressing 250ml,£0.75,£3.00 per litre,cupboard,sauce,2024-11-19
Heinz Tomato Ketchup 650g,£3.39,£0.52 per 100g,cupboard,sauce,2024-11-19
Heinz 50% Less Sugar & Salt Tomato Ketchup 625g,£3.39,£0.52 per 100g,cupboard,sauce,2024-11-19
Asia Specialities Sriracha Hot Chilli Sauce 535g,£1.99,£0.44 per 100ml,cupboard,sauce,2024-11-19
Specially Selected Horseradish Sauce 170g,£1.49,£0.88 per 100g,cupboard,sauce,2024-11-19
Specially Selected Cranberry Sauce 215g,£1.49,£0.69 per 100g,cupboard,sauce,2024-11-19
Specially Selected Cranberry Sauce With Ruby Port 215g,£1.49,£0.69 per 100g,cupboard,sauce,2024-11-19
Bramwells Cheese Sauce Mix 40g,£0.39,£0.98 per 100g,cupboard,sauce,2024-11-19
Bramwells Peppercorn Simmer Sauce Mix 25g,£0.39,£0.98 per 100g,cupboard,sauce,2024-11-19
Bramwells Parsley Simmer Sauce Mix 20g,£0.39,£0.98 per 100g,cupboard,sauce,2024-11-19
Specially Selected Spiced Apple & Pear Chutney 200g,£1.39,£0.70 per 100g,cupboard,sauce,2024-11-19
Specially Selected Mint Sauce 180g,£1.49,£0.83 per 100g,cupboard,sauce,2024-11-19
Specially Selected Bramley Apple Sauce 200g,£1.49,£0.75 per 100g,cupboard,sauce,2024-11-19
Specially Selected Chilli Infused Olive Oil 250ml,£2.49,£1.00 per 100ml,cupboard,sauce,2024-11-19
Specially Selected Basil Infused Olive Oil 250ml,£2.49,£1.00 per 100ml,cupboard,sauce,2024-11-19
Specially Selected Garlic Infused Olive Oil 250ml,£2.49,£1.00 per 100ml,cupboard,sauce,2024-11-19
Bramwells Seafood Sauce 175g,£0.55,£0.31 per 100g,cupboard,sauce,2024-11-19
Specially Selected Tomato & Mascarpone Stir Through Sau,£1.49,£0.78 per 100g,cupboard,sauce,2024-11-19
Specially Selected Tomato & Olive Stir Through Sauce 19,£1.49,£0.78 per 100g,cupboard,sauce,2024-11-19
Bramwells Reduced Sugar & Salt Tomato Ketchup 530g,£0.89,£0.17 per 100g,cupboard,sauce,2024-11-19
Specially Selected Creamy & Peppery Peppercorn & Brandy,£1.69,£0.85 per 100g,cupboard,sauce,2024-11-19
Specially Selected Sweet & Tart Bramley Apple & Cider P,£1.69,£0.85 per 100g,cupboard,sauce,2024-11-19
Solesta Olive Oil 1l,£7.29,£0.73 per 100ml,cupboard,sauce,2024-11-19
Solesta Light Olive Oil 1l,£7.29,£0.73 per 100ml,cupboard,sauce,2024-11-19
The Deli Balsamic Vinegar Of Modena 500ml,£1.89,£3.78 per litre,cupboard,sauce,2024-11-19
Specially Selected Sweet Beetroot & Red Onion Chutney 3,£1.79,£0.58 per 100g,cupboard,sauce,2024-11-19
Solesta Extra Virgin Olive Oil 1l,£7.59,£0.76 per 100ml,cupboard,sauce,2024-11-19
Specially Selected Mincemeat With Brandy 411g,£1.79,£4.36 per kg,cupboard,sauce,2024-11-19
Specially Selected Hollandaise Pour Over Sauce 200g,£1.69,£0.85 per 100g,cupboard,sauce,2024-11-19
Specially Selected Trio Of Chutneys 400g,£4.49,£1.12 per 100g,cupboard,sauce,2024-11-19
Specially Selected 'Nduja Stir Through Sauce 190g,£1.49,£0.78 per 100g,cupboard,sauce,2024-11-19
Specially Selected Chianti & Balsamic Stir Through Sauc,£1.49,£0.78 per 100g,cupboard,sauce,2024-11-19
Specially Selected Sundried Tomato Stir Through Sauce 1,£1.49,£0.78 per 100g,cupboard,sauce,2024-11-19
Specially Selected Black Garlic Ketchup 310g,£2.99,£2.99 each,cupboard,sauce,2024-11-19
Specially Selected Sriracha Ketchup 275g,£2.99,£2.99 each,cupboard,sauce,2024-11-19
Specially Selected Chutney & Crackers Gift Set 575g,£5.49,£0.96 per 100g,cupboard,sauce,2024-11-19
Specially Selected Tomato & Vodka Pasta Sauce 340g,£1.49,£0.44 per 100g,cupboard,sauce,2024-11-19
Specially Selected Cherry Tomato & Pecorino Romano Past,£1.49,£0.44 per 100g,cupboard,sauce,2024-11-19
Specially Selected Caramelised Onion Dip 280g,£1.49,£0.53 per 100g,cupboard,sauce,2024-11-19
Specially Selected Fragrant Thai Dip 280g,£1.49,£0.53 per 100g,cupboard,sauce,2024-11-19
Specially Selected Tomato & Chipotle Salsa 300g,£1.49,£0.50 per 100g,cupboard,sauce,2024-11-19
Specially Selected Kalamata P.D.O. Extra Virgin Olive O,£5.19,£1.04 per 100ml,cupboard,sauce,2024-11-19
Specially Selected Ham Hock Carbonara Pasta Sauce 340g,£1.49,£0.44 per 100g,cupboard,sauce,2024-11-19
Specially Selected Piccalilli 195g,£1.49,£0.76 per 100g,cupboard,sauce,2024-11-19
Specially Selected Marie Rose Sauce 170g,£1.49,£0.88 per 100g,cupboard,sauce,2024-11-19
Specially Selected Tartare Sauce 170g,£1.49,£0.88 per 100g,cupboard,sauce,2024-11-19
Specially Selected Sloe Gin & Plum Chutney 215g,£1.59,£0.74 per 100g,cupboard,sauce,2024-11-19
Specially Selected Bloody Mary Salsa Chutney 205g,£1.59,£0.78 per 100g,cupboard,sauce,2024-11-19
Specially Selected Red Onion & Ale Chutney 210g,£1.59,£0.76 per 100g,cupboard,sauce,2024-11-19
Crucials Garlic Mayo 500ml,£1.29,£0.26 per 100ml,cupboard,sauce,2024-11-19
Crucials Spicy Mayo 500ml,£1.29,£0.26 per 100ml,cupboard,sauce,2024-11-19
Crucials Yoghurt & Mint 500ml,£1.29,£0.26 per 100ml,cupboard,sauce,2024-11-19
Crucials Korean Style BBQ Sauce 500ml,£1.29,£0.26 per 100ml,cupboard,sauce,2024-11-19
Specially Selected Black Cherry Conserve 340g,£1.45,£0.43 per 100g,cupboard,spread_jam,2024-11-19
Specially Selected Damson Plum Conserve 340g,£1.45,£0.43 per 100g,cupboard,spread_jam,2024-11-19
Grandessa Strawberry Jam 454g,£0.89,£0.20 per 100g,cupboard,spread_jam,2024-11-19
Grandessa Seedless Raspberry Jam 454g,£0.89,£0.20 per 100g,cupboard,spread_jam,2024-11-19
Specially Selected Orange Blossom Honey 340g,£2.69,£0.79 per 100g,cupboard,spread_jam,2024-11-19
Specially Selected Spanish Forest Honey 340g,£2.69,£0.79 per 100g,cupboard,spread_jam,2024-11-19
Specially Selected Organic Acacia Honey 340g,£2.69,£0.79 per 100g,cupboard,spread_jam,2024-11-19
Belmont Biscuits Smooth Biscuit Spread 400g,£1.99,£0.50 per 100g,cupboard,spread_jam,2024-11-19
Belmont Biscuits Crunchy Biscuit Spread 400g,£1.99,£0.50 per 100g,cupboard,spread_jam,2024-11-19
Specially Selected Jalapeno Chilli Jam 305g,£1.79,0.59p per kg,cupboard,spread_jam,2024-11-19
Specially Selected Apricot Conserve 340g,£1.39,£0.41 per 100g,cupboard,spread_jam,2024-11-19
Specially Selected Blackcurrant Conserve 340g,£1.39,£0.41 per 100g,cupboard,spread_jam,2024-11-19
Grandessa Crunchy Peanut Butter 340g,£1.09,£0.32 per 100g,cupboard,spread_jam,2024-11-19
Specially Selected Multifloral Manuka Honey Mgo 100+ 22,£4.39,£1.95 per 100g,cupboard,spread_jam,2024-11-19
Specially Selected Classic Strawberry Jam 340g,£1.39,£0.41 per 100g,cupboard,spread_jam,2024-11-19
Specially Selected Raspberry Conserve 340g,£1.39,£0.41 per 100g,cupboard,spread_jam,2024-11-19
Specially Selected Golden Apricot Conserve 340g,£1.39,£0.41 per 100g,cupboard,spread_jam,2024-11-19
Specially Selected Vibrant Blackcurrant Conserve 340g,£1.39,£0.41 per 100g,cupboard,spread_jam,2024-11-19
Grandessa Mighty Yeast Extract 240g,£1.89,£0.79 per 100g,cupboard,spread_jam,2024-11-19
Marmite Classic Yeast Extract Spread 250g,£2.99,£1.20 per 100g,cupboard,spread_jam,2024-11-19
Nutella® Hazelnut Spread With Cocoa 630g,£4.69,£0.74 per 100g,cupboard,spread_jam,2024-11-19
Specially Selected Strawberry Preserve 340g,£1.39,£0.41 per 100g,cupboard,spread_jam,2024-11-19
Specially Selected Raspberry Preserve 340g,£1.39,£0.41 per 100g,cupboard,spread_jam,2024-11-19
Grandessa Clear Honey 454g,£1.25,£0.28 per 100g,cupboard,spread_jam,2024-11-19
Grandessa Set Honey 454g,£1.25,£0.28 per 100g,cupboard,spread_jam,2024-11-19
Specially Selected 100% Pure Canadian Maple Syrup Grade,£3.69,£1.48 per 100ml,cupboard,spread_jam,2024-11-19
Everyday Essentials Clear Honey 340g,£0.75,£0.22 per 100g,cupboard,spread_jam,2024-11-19
Grandessa 100% Smooth Peanut Butter 340g,£1.49,£0.44 per 100g,cupboard,spread_jam,2024-11-19
Grandessa 100% Crunchy Peanut Butter 340g,£1.49,£0.44 per 100g,cupboard,spread_jam,2024-11-19
Everyday Essentials Strawberry Jam 454g,£0.39,£0.09 per 100g,cupboard,spread_jam,2024-11-19
Specially Selected Acacia Honey 340g,£2.69,£0.79 per 100g,cupboard,spread_jam,2024-11-19
Grandessa Thick Cut Marmalade 454g,£0.79,£0.17 per 100g,cupboard,spread_jam,2024-11-19
Dairyfine Titan Spread 400g,£1.49,£0.37 per 100g,cupboard,spread_jam,2024-11-19
Dairyfine Jive Spread 400g,£1.49,£0.37 per 100g,cupboard,spread_jam,2024-11-19
Dairyfine Caramel Duo Spread 400g,£1.49,£0.37 per 100g,cupboard,spread_jam,2024-11-19
Nutoka Hazelnut Chocolate Spread 400g,£1.69,£0.42 per 100g,cupboard,spread_jam,2024-11-19
Grandessa Smooth Peanut Butter 340g,£1.09,£0.32 per 100g,cupboard,spread_jam,2024-11-19
Grandessa Wholenut Smooth Peanut Butter 340g,£1.49,£0.44 per 100g,cupboard,spread_jam,2024-11-19
Grandessa Wholenut Crunchy Peanut Butter 340g,£1.49,£0.44 per 100g,cupboard,spread_jam,2024-11-19
Specially Selected Jalapeno Chilli Jam 340g,£1.79,£0.58 per 100g,cupboard,spread_jam,2024-11-19
The Foodie Market Smooth Almond Butter 170g,£1.79,£1.05 per 100g,cupboard,spread_jam,2024-11-19
The Foodie Market Crunchy Almond Butter 170g,£1.79,£1.05 per 100g,cupboard,spread_jam,2024-11-19
Organic Clear Honey 340g,£1.49,£0.44 per 100g,cupboard,spread_jam,2024-11-19
Everyday Essentials Chocolate Hazelnut Spread 400g,£1.15,£0.29 per 100g,cupboard,spread_jam,2024-11-19
Grandessa Squeezy Honey 340g,£1.09,£0.32 per 100g,cupboard,spread_jam,2024-11-19
Grandessa Smooth Peanut Butter 1kg,£3.99,£0.40 per 100g,cupboard,spread_jam,2024-11-19
Grandessa Crunchy Peanut Butter 1kg,£3.99,£0.40 per 100g,cupboard,spread_jam,2024-11-19
Grandessa Fine Cut Marmalade 454g,£0.79,£0.17 per 100g,cupboard,spread_jam,2024-11-19
Dairyfine Duo Chocolate Flavoured Spread 400g,£1.59,£0.40 per 100g,cupboard,spread_jam,2024-11-19
Specially Selected Passion Fruit Curd 320g,£1.79,£0.56 per 100g,cupboard,spread_jam,2024-11-19
Specially Selected Blackcurrant Curd 320g,£1.79,£0.56 per 100g,cupboard,spread_jam,2024-11-19
Specially Selected Lemon Curd 320g,£1.79,£0.56 per 100g,cupboard,spread_jam,2024-11-19
Specially Selected Blueberry Conserve 340g,£1.45,£0.43 per 100g,cupboard,spread_jam,2024-11-19
Specially Selected Cut Comb In Acacia Honey 340g,£4.99,£1.47 per 100g,cupboard,spread_jam,2024-11-19
Specially Selected Preserve Selection 3x220g,£4.99,£0.76 per 100g,cupboard,spread_jam,2024-11-19
Specially Selected Hazelnut Crème 200g,£1.79,£0.90 per 100g,cupboard,spread_jam,2024-11-19
Specially Selected Milk And Hazelnut Crème 200g,£1.79,£0.90 per 100g,cupboard,spread_jam,2024-11-19
Specially Selected Pistachio Crème 200g,£1.79,£0.90 per 100g,cupboard,spread_jam,2024-11-19
Specially Selected Honey Gift Set 6x28g,£4.99,£2.97 per 100g,cupboard,spread_jam,2024-11-19
Vive zX Cola 2l,£0.49,£0.03 per 100ml,drinks,soft_drink,2024-11-19
Vive Diet Lemonade 2l,£0.49,£0.03 per 100ml,drinks,soft_drink,2024-11-19
Vive Diet Cola 2l,£0.49,£0.03 per 100ml,drinks,soft_drink,2024-11-19
Aqua Vale Apple & Blackcurrant Flavoured Still Water 1l,£0.55,£0.06 per 100ml,drinks,soft_drink,2024-11-19
Aqua Vale Strawberry Flavoured Still Water 1l,£0.55,£0.06 per 100ml,drinks,soft_drink,2024-11-19
Aqua Vale Sparkling Spring Water 6x500ml/6 Pack,£1.15,£0.04 per 100ml,drinks,soft_drink,2024-11-19
Sun Quench Double Strength Apple & Blackcurrant Squash,£0.95,£0.06 per 100ml,drinks,soft_drink,2024-11-19
The Juice Company Apple Juice From Concentrate 1l,£0.99,£0.10 per 100ml,drinks,soft_drink,2024-11-19
Aqua Vale Lemon & Lime Flavoured Still Water 1l,£0.55,£0.06 per 100ml,drinks,soft_drink,2024-11-19
Aqua Vale Orange & Peach Flavoured Still Water 1l,£0.55,£0.06 per 100ml,drinks,soft_drink,2024-11-19
Lucozade Lucozade Energy Drink Orange 900ml,£1.49,£0.17 per 100ml,drinks,soft_drink,2024-11-19
Lucozade Lucozade Energy Drink Original 900ml,£1.49,£0.17 per 100ml,drinks,soft_drink,2024-11-19
Coca-Cola Zero Sugar 500ml,£1.69,£0.34 per 100ml,drinks,soft_drink,2024-11-19
Coca-Cola Original Taste 500ml,£1.95,£0.39 per 100ml,drinks,soft_drink,2024-11-19
Diet Coke 500ml,£1.69,£0.34 per 100ml,drinks,soft_drink,2024-11-19
Irn-bru Xtra Sugar Free Soft Drink Cans 6 X 330ml,£2.25,£0.11 per 100ml,drinks,soft_drink,2024-11-19
The Juice Company 100% Pressed Apple Juice 330ml,£0.99,£0.30 per 100ml,drinks,soft_drink,2024-11-19
The Juice Company 100% Pure Pressed Smooth Orange Juice,£0.99,£0.30 per 100ml,drinks,soft_drink,2024-11-19
The Juice Company 100% Pure Pressed Orange Juice 330ml,£0.99,£0.30 per 100ml,drinks,soft_drink,2024-11-19
The Juice Company Orange And Mango Juice 1l,£1.69,£0.17 per 100ml,drinks,soft_drink,2024-11-19
The Juice Company 100% Pressed Tropical Juice 1l,£1.69,£0.17 per 100ml,drinks,soft_drink,2024-11-19
Sun Quench Strawberry & Watermelon Fruit Fusions 1l,£1.09,£0.11 per 100ml,drinks,soft_drink,2024-11-19
Sun Quench Fruit Fusions Peach & Raspberry 1l,£1.09,£0.11 per 100ml,drinks,soft_drink,2024-11-19
Sun Quench Fruit Fusions Orange And Mango 1l,£1.09,£0.11 per 100ml,drinks,soft_drink,2024-11-19
Sun Quench Double Strength Lemon Squash 1.5l,£0.95,£0.06 per 100ml,drinks,soft_drink,2024-11-19
Sun Quench Double Strength Orange & Pineapple Squash 1.,£0.95,£0.06 per 100ml,drinks,soft_drink,2024-11-19
"The Juice Company Strawberries, Raspberries & Apples 10",£1.49,£0.25 per 100ml,drinks,soft_drink,2024-11-19
"The Juice Company Oranges, Mangoes & Pineapples Smoothi",£1.49,£0.25 per 100ml,drinks,soft_drink,2024-11-19
The Juice Company Apples & Blackcurrants 100% Fruit Smo,£1.49,£0.25 per 100ml,drinks,soft_drink,2024-11-19
Vive Cola 2l,£0.49,£0.03 per 100ml,drinks,soft_drink,2024-11-19
The Juice Company 100% Pressed Apple Juice 1l,£1.69,£0.17 per 100ml,drinks,soft_drink,2024-11-19
Vive Lemonade 2l,£0.49,£0.03 per 100ml,drinks,soft_drink,2024-11-19
Aqua Vale Sparkling Spring Water 4x2l,£1.55,£0.02 per 100ml,drinks,soft_drink,2024-11-19
Vive Tropical Blast Zero Sugar 2l,£0.65,£0.03 per 100ml,drinks,soft_drink,2024-11-19
Vive Orange Zero Sugar 2l,£0.65,£0.03 per 100ml,drinks,soft_drink,2024-11-19
Dark Thunder Original Energy Drink 500ml,£0.75,£0.15 per 100ml,drinks,soft_drink,2024-11-19
Coco Loco Coconut Water 1l,£1.99,£0.20 per 100ml,drinks,soft_drink,2024-11-19
Specially Selected 100% Freshly Squeezed Orange Juice W,£2.49,£0.25 per 100ml,drinks,soft_drink,2024-11-19
The Juice Company Mango & Passionfruit Smoothie 750ml,£1.49,£0.20 per 100ml,drinks,soft_drink,2024-11-19
The Juice Company Strawberry & Banana Smoothie 750ml,£1.49,£0.20 per 100ml,drinks,soft_drink,2024-11-19
The Juice Company Smooth Orange Juice From Concentrate,£1.19,£0.12 per 100ml,drinks,soft_drink,2024-11-19
The Juice Company 100% Pressed Apple & Mango Juice 1l,£1.69,£0.17 per 100ml,drinks,soft_drink,2024-11-19
The Juice Company Orange Juice From Concentrate Smooth,£1.99,£0.10 per 100ml,drinks,soft_drink,2024-11-19
Sun Quench Apple & Raspberry Fruity Water Drink 8x200ml,£1.69,£0.11 per 100ml,drinks,soft_drink,2024-11-19
Sun Quench Orange & Pineapple Fruity Water Drink 8x200m,£1.69,£0.11 per 100ml,drinks,soft_drink,2024-11-19
Sun Quench Blackcurrant Fruity Water Drink 8x200ml,£1.69,£0.11 per 100ml,drinks,soft_drink,2024-11-19
Specially Selected 100% Freshly Squeezed Smooth Orange,£2.49,£0.25 per 100ml,drinks,soft_drink,2024-11-19
The Juice Company Orange Juice With Bits 1.75l,£2.49,£0.14 per 100ml,drinks,soft_drink,2024-11-19
The Juice Company Cranberry Juice Drink 1l,£0.99,£0.10 per 100ml,drinks,soft_drink,2024-11-19
Everyday Essentials Diet Lemonade 2l,£0.39,£0.02 per 100ml,drinks,soft_drink,2024-11-19
The Juice Company No Added Sugar Cranberry Juice Drink,£0.99,£0.10 per 100ml,drinks,soft_drink,2024-11-19
Everyday Essentials Sparkling Spring Water 2l,£0.39,£0.02 per 100ml,drinks,soft_drink,2024-11-19
Everyday Essentials Still Spring Water 2l,£0.39,£0.02 per 100ml,drinks,soft_drink,2024-11-19
Vive Diet Lemonade 6x330ml,£1.45,£0.07 per 100ml,drinks,soft_drink,2024-11-19
Strathrowan Sparkling Scottish Mountain Water 500ml,£1.19,£0.04 per 100ml,drinks,soft_drink,2024-11-19
Strathrowan Still Scottish Mountain Water 4x2l,£1.49,£0.02 per 100ml,drinks,soft_drink,2024-11-19
Strathrowan Sparkling Scottish Mountain Water 4x2l,£1.55,£0.02 per 100ml,drinks,soft_drink,2024-11-19
Strathrowan Still Scottish Mountain Water 6x750ml,£1.99,£0.04 per 100ml,drinks,soft_drink,2024-11-19
Strathrowan Still Scottish Mountain Water 750ml,£0.59,£0.08 per 100ml,drinks,soft_drink,2024-11-19
Vive Iron Brew 2l,£0.69,£0.04 per 100ml,drinks,soft_drink,2024-11-19
Vive Sugar Free Iron Brew 2l,£0.69,£0.04 per 100ml,drinks,soft_drink,2024-11-19
Irn-bru Soft Drink Cans 6 X 330ml,£2.25,£0.11 per 100ml,drinks,soft_drink,2024-11-19
Irn-bru Sugar Free Soft Drink Cans 6 X 330ml,£2.25,£0.11 per 100ml,drinks,soft_drink,2024-11-19
Irn-bru Xtra Sugar Free Soft Drink Bottle 500ml,£1.25,£0.25 per 100ml,drinks,soft_drink,2024-11-19
Barr American Cream Soda Cans 6 X 330ml,£2.19,£0.11 per 100ml,drinks,soft_drink,2024-11-19
Barr Cherryade Cans 6 X 330ml,£2.19,£0.11 per 100ml,drinks,soft_drink,2024-11-19
Barr Lemonade Cans 6 X 330ml,£2.19,£0.11 per 100ml,drinks,soft_drink,2024-11-19
Irn-bru Sugar Free 500ml,£1.25,£0.25 per 100ml,drinks,soft_drink,2024-11-19
Irn-bru 500ml,£1.25,£0.25 per 100ml,drinks,soft_drink,2024-11-19
Aqua Vale Still Spring Water 12x500ml,£1.79,£0.03 per 100ml,drinks,soft_drink,2024-11-19
Aqua Vale Summer Fruits Flavoured Sparkling Water 1l,£0.55,£0.06 per 100ml,drinks,soft_drink,2024-11-19
The Juice Company Cranberry Juice 1l,£1.19,£0.12 per 100ml,drinks,soft_drink,2024-11-19
The Juice Company Tropical Fruit Juice 2l,£1.49,£0.08 per 100ml,drinks,soft_drink,2024-11-19
The Juice Company Summer Fruits Flavoured Juice Drink 2,£1.49,£0.08 per 100ml,drinks,soft_drink,2024-11-19
Sun Quench Double Strength Summer Fruits Squash 1.5l,£0.95,£0.06 per 100ml,drinks,soft_drink,2024-11-19
Sun Quench Double Strength Orange Squash 1.5l,£0.95,£0.06 per 100ml,drinks,soft_drink,2024-11-19
Sun Quench High Juice Orange Squash 1l,£1.39,£0.14 per 100ml,drinks,soft_drink,2024-11-19
Sun Quench Hi Juice Blackcurrant Squash 1l,£1.39,£0.14 per 100ml,drinks,soft_drink,2024-11-19
Sun Quench Apple 50% High Juice 1l,£1.39,£0.14 per 100ml,drinks,soft_drink,2024-11-19
Sun Quench Summer Fruits 50% High Juice 1l,£1.39,£0.14 per 100ml,drinks,soft_drink,2024-11-19
Aqua Vale Lemon & Lime Flavoured Sparkling Water 1l,£0.55,£0.06 per 100ml,drinks,soft_drink,2024-11-19
Aqua Vale Peach & Passion Fruit Flavoured Sparkling Wat,£0.55,£0.06 per 100ml,drinks,soft_drink,2024-11-19
Aqua Vale Apple & Elderflower Flavoured Sparkling Water,£0.55,£0.06 per 100ml,drinks,soft_drink,2024-11-19
Sun Quench Orange Super Concentrated Squirty Squash 66m,£1.29,£1.95 per 100ml,drinks,soft_drink,2024-11-19
Sun Quench Apple & Blackcurrant Super Concentrated Squi,£1.29,£1.95 per 100ml,drinks,soft_drink,2024-11-19
Sun Quench Summer Fruits Super Concentrated Squirty Squ,£1.29,£1.95 per 100ml,drinks,soft_drink,2024-11-19
Coca-Cola Original Taste 8 X 330ml,£5.49,£0.21 per 100ml,drinks,soft_drink,2024-11-19
Coca-Cola Original Taste 1.75l,£2.49,£0.14 per 100ml,drinks,soft_drink,2024-11-19
The Juice Company Apple Juice From Concentrate 6x200ml,£1.69,£0.14 per 100ml,drinks,soft_drink,2024-11-19
The Juice Company Smooth Orange Juice 6x200ml,£1.69,£0.14 per 100ml,drinks,soft_drink,2024-11-19
Everyday Essentials Orange Juice 1l,£0.85,£0.09 per 100ml,drinks,soft_drink,2024-11-19
Everyday Essentials Apple Juice 1l,£0.85,£0.09 per 100ml,drinks,soft_drink,2024-11-19
The Juice Company Orange Juice 1.75l,£2.49,£0.14 per 100ml,drinks,soft_drink,2024-11-19
"Sun Quench Vitality Peach, Mango & Passion Fruit Flavou",£1.59,£2.41 per 100ml,drinks,soft_drink,2024-11-19
Sun Quench Immunity Orange & Guava Flavoured Squash Dri,£1.59,£2.41 per 100ml,drinks,soft_drink,2024-11-19
"Sun Quench Boost Raspberry, Strawberry & Acai Flavoured",£1.59,£2.41 per 100ml,drinks,soft_drink,2024-11-19
The Juice Company Revitalise Super Smoothie 750ml,£1.59,£0.21 per 100ml,drinks,soft_drink,2024-11-19
The Juice Company Maximise Super Smoothie 750ml,£1.59,£0.21 per 100ml,drinks,soft_drink,2024-11-19
The Juice Company Enliven Super Smoothie 750ml,£1.59,£0.21 per 100ml,drinks,soft_drink,2024-11-19
Sun Quench Fruity Blasts Orange Juice Drink 8x200ml,£1.69,£0.11 per 100ml,drinks,soft_drink,2024-11-19
Sun Quench Fruity Blasts Apple & Blackcurrant Juice Dri,£1.69,£0.11 per 100ml,drinks,soft_drink,2024-11-19
Sun Quench Fruity Blasts Summer Fruits Juice Drink 8x20,£1.69,£0.11 per 100ml,drinks,soft_drink,2024-11-19
Sun Quench Fruity Blast Apple Juice Drink 8x200ml,£1.69,£0.11 per 100ml,drinks,soft_drink,2024-11-19
Vive Lemon 2l,£0.89,£0.05 per 100ml,drinks,soft_drink,2024-11-19
Vive Twisted Fruits 2l,£0.89,£0.05 per 100ml,drinks,soft_drink,2024-11-19
Dark Thunder Red Thunder Energy Drink 250ml,£0.42,£0.17 per 100ml,drinks,soft_drink,2024-11-19
Sun Quench Fruit & Barley Apple & Pear Squash 1l,£1.09,£0.11 per 100ml,drinks,soft_drink,2024-11-19
Sun Quench Fruit & Barley Orange Squash 1l,£1.09,£0.11 per 100ml,drinks,soft_drink,2024-11-19
Sun Quench Fruit & Barley Summer Fruits Squash 1l,£1.09,£0.11 per 100ml,drinks,soft_drink,2024-11-19
Sun Quench Fruit & Barley Peach Squash 1l,£1.09,£0.11 per 100ml,drinks,soft_drink,2024-11-19
Vive Cola 6x330ml,£1.69,£0.09 per 100ml,drinks,soft_drink,2024-11-19
The Juice Company 100% Pure Pressed Orange Juice Smooth,£1.69,£0.17 per 100ml,drinks,soft_drink,2024-11-19
The Juice Company 100% Pure Pressed Orange Juice With B,£1.69,£0.17 per 100ml,drinks,soft_drink,2024-11-19
The Juice Company Enliven Super Smoothie 250ml,£0.99,£0.40 per 100ml,drinks,soft_drink,2024-11-19
The Juice Company Revitalise Super Smoothie 250ml,£0.99,£0.40 per 100ml,drinks,soft_drink,2024-11-19
The Juice Company Maximise Super Smoothie 250ml,£0.99,£0.40 per 100ml,drinks,soft_drink,2024-11-19
Vive Diet Cola 6x330ml,£1.69,£0.09 per 100ml,drinks,soft_drink,2024-11-19
Vive Orange Zero Sugar 6x330ml,£1.79,£0.09 per 100ml,drinks,soft_drink,2024-11-19
Vive Tropical Blast Zero Sugar 6x330ml,£1.79,£0.09 per 100ml,drinks,soft_drink,2024-11-19
Vive zX Cola 6x330ml,£1.69,£0.09 per 100ml,drinks,soft_drink,2024-11-19
Barr Pineapple 6 X 330ml,£2.19,£0.11 per 100ml,drinks,soft_drink,2024-11-19
Xplosade Orange Flavoured Sport 4x500ml,£1.35,£0.07 per 100ml,drinks,soft_drink,2024-11-19
Lucozade Lucozade Energy Drink Orange 500ml,£1.49,£0.30 per 100ml,drinks,soft_drink,2024-11-19
Lucozade Lucozade Sport Drink Orange 500ml,£1.69,£0.34 per 100ml,drinks,soft_drink,2024-11-19
Vive Twisted Fruits 6x330ml,£1.99,£0.10 per 100ml,drinks,soft_drink,2024-11-19
Vive Lemon Zero Sugar 6x330ml,£1.99,£0.10 per 100ml,drinks,soft_drink,2024-11-19
Xplosade Blue Tropical Sports Drink 4x500ml,£1.35,£0.07 per 100ml,drinks,soft_drink,2024-11-19
Red Thunder Energy Drink Original 250ml,£0.42,£0.17 per 100ml,drinks,soft_drink,2024-11-19
Red Thunder Energy Drink Sugar Free 250ml,£0.42,£0.17 per 100ml,drinks,soft_drink,2024-11-19
Red Thunder Energy Drink Original 6x250ml,£2.19,£0.15 per 100ml,drinks,soft_drink,2024-11-19
Red Thunder Energy Drink Sugar Free 6x250ml,£2.19,£0.15 per 100ml,drinks,soft_drink,2024-11-19
Monster Energy Drink Ultra Zero Sugar 500ml,£1.79,£0.36 per 100ml,drinks,soft_drink,2024-11-19
Coca-Cola Zero Sugar 2l,£1.85,£0.09 per 100ml,drinks,soft_drink,2024-11-19
Diet Coke 2l,£1.85,£0.09 per 100ml,drinks,soft_drink,2024-11-19
Sun Quench Double Strength Cherries & Berries Squash 1.,£0.95,£0.06 per 100ml,drinks,soft_drink,2024-11-19
Coca-Cola Zero Sugar (8 X 330ml + 2 X 330ml Extra Free),£4.25,£0.13 per 100ml,drinks,soft_drink,2024-11-19
Coca-Cola Diet Coke (8 X 330ml + 2 X 330ml Extra Free),£4.25,£0.13 per 100ml,drinks,soft_drink,2024-11-19
Red Bull Energy Drink 4 X 250ml,£4.49,£0.45 per 100ml,drinks,soft_drink,2024-11-19
Sun Quench Fruit-o Mixed Fruit Squash 1l,£1.15,£0.12 per 100ml,drinks,soft_drink,2024-11-19
Sun Quench Fruit-o Mixed Fruit Squash No Added Sugar 1l,£1.15,£0.12 per 100ml,drinks,soft_drink,2024-11-19
Irn-bru 2l,£1.49,£0.08 per 100ml,drinks,soft_drink,2024-11-19
Aqua Vale Still Spring Water 6x2l,£2.29,£0.02 per 100ml,drinks,soft_drink,2024-11-19
Irn-bru Xtra Sugar Free Soft Drink Bottle 2l,£1.49,£0.08 per 100ml,drinks,soft_drink,2024-11-19
Irn-bru Sugar Free 2l,£1.49,£0.08 per 100ml,drinks,soft_drink,2024-11-19
"The Juice Company Guavas, Pineapples, Apple Smoothie 75",£1.49,£0.20 per 100ml,drinks,soft_drink,2024-11-19
Dark Thunder Zero Sugar Zero Blast Energy Drink 500ml,£0.75,£0.15 per 100ml,drinks,soft_drink,2024-11-19
Brecon Carreg Still Natural Mineral Water 6 X 500ml,£1.59,£0.05 per 100ml,drinks,soft_drink,2024-11-19
Monster Energy Drink 4 X 500ml,£5.59,£0.28 per 100ml,drinks,soft_drink,2024-11-19
Pepsi Max 2l,£1.79,£0.09 per 100ml,drinks,soft_drink,2024-11-19
Pepsi Max 500ml,£1.55,£0.31 per 100ml,drinks,soft_drink,2024-11-19
Pepsi Max 8x330ml,£3.99,£0.15 per 100ml,drinks,soft_drink,2024-11-19
The Juice Company Strawberry & Rhubarb Lemonade 1l,£1.29,£0.13 per 100ml,drinks,soft_drink,2024-11-19
The Juice Company Cloudy Lemonade 1l,£1.29,£0.13 per 100ml,drinks,soft_drink,2024-11-19
The Juice Company Tropical Lemonade 1l,£1.29,£0.13 per 100ml,drinks,soft_drink,2024-11-19
Ridge Valley Italian Style Orange Flavoured Soda 6x330m,£2.99,£0.15 per 100ml,drinks,soft_drink,2024-11-19
Ridge Valley Italian Style Lemon Flavoured Soda 6x330ml,£2.99,£0.15 per 100ml,drinks,soft_drink,2024-11-19
The Juice Company Apple & Raspberry Vitamin Drink 500ml,£0.79,£0.16 per 100ml,drinks,soft_drink,2024-11-19
The Juice Company Apple & Elderflower Vitamin Drink 500,£0.79,£0.16 per 100ml,drinks,soft_drink,2024-11-19
"The Juice Company Orange, Mango & Passionfruit Vitamin",£0.79,£0.16 per 100ml,drinks,soft_drink,2024-11-19
Fanta Orange 500ml,£1.69,£0.34 per 100ml,drinks,soft_drink,2024-11-19
The Juice Company Ginger Immune Support Juice Shot 100m,£0.99,£0.99 per 100ml,drinks,soft_drink,2024-11-19
The Juice Company Mango Gut Health Juice Shot 100ml,£0.99,£0.99 per 100ml,drinks,soft_drink,2024-11-19
The Juice Company Turmeric Immune Support Juice Shot 10,£0.99,£0.99 per 100ml,drinks,soft_drink,2024-11-19
Coca-Cola Zero Sugar 8 X 330ml,£4.25,£0.16 per 100ml,drinks,soft_drink,2024-11-19
Diet Coke 8 X 330ml,£4.25,£0.16 per 100ml,drinks,soft_drink,2024-11-19
Aqua Vale Lemon & Lime Flavoured Still Spring Water 4x5,£1.39,£0.07 per 100ml,drinks,soft_drink,2024-11-19
Aqua Vale Strawberry Flavoured Still Spring Water 4x500,£1.39,£0.07 per 100ml,drinks,soft_drink,2024-11-19
Aqua Vale Apple & Raspberry Flavoured Still Spring Wate,£1.39,£0.07 per 100ml,drinks,soft_drink,2024-11-19
Dr Pepper 500ml,£1.69,£0.34 per 100ml,drinks,soft_drink,2024-11-19
The Juice Company Multivitamin Boost 1l,£1.79,£0.18 per 100ml,drinks,soft_drink,2024-11-19
Dr Pepper 18 X 330ml,£6.49,£0.11 per 100ml,drinks,soft_drink,2024-11-19
Red Bull The Pink Edition Sugarfree Forest Fruits Energ,£3.49,£0.35 per 100ml,drinks,soft_drink,2024-11-19
Coca-Cola Original Taste 24 X 330ml,£13.99,£0.18 per 100ml,drinks,soft_drink,2024-11-19
Robinsons Double Strength Apple & Blackcurrant No Added,£1.29,£0.13 per 100ml,drinks,soft_drink,2024-11-19
Robinsons Double Strength Orange No Added Sugar Fruit S,£1.29,£0.13 per 100ml,drinks,soft_drink,2024-11-19
Aqua Vale Lemon & Lime Flavoured Still Water 1l,£0.55,£0.06 per 100ml,drinks,water,2024-11-19
Aqua Vale Strawberry Flavoured Still Water 1l,£0.55,£0.06 per 100ml,drinks,water,2024-11-19
Aqua Vale Apple & Blackcurrant Flavoured Still Water 1l,£0.55,£0.06 per 100ml,drinks,water,2024-11-19
Aqua Vale Orange & Peach Flavoured Still Water 1l,£0.55,£0.06 per 100ml,drinks,water,2024-11-19
Aqua Vale Sparkling Spring Water 4x2l,£1.55,£0.02 per 100ml,drinks,water,2024-11-19
Sun Quench Apple & Raspberry Fruity Water Drink 8x200ml,£1.69,£0.11 per 100ml,drinks,water,2024-11-19
Sun Quench Orange & Pineapple Fruity Water Drink 8x200m,£1.69,£0.11 per 100ml,drinks,water,2024-11-19
Sun Quench Blackcurrant Fruity Water Drink 8x200ml,£1.69,£0.11 per 100ml,drinks,water,2024-11-19
Everyday Essentials Sparkling Spring Water 2l,£0.39,£0.02 per 100ml,drinks,water,2024-11-19
Everyday Essentials Still Spring Water 2l,£0.39,£0.02 per 100ml,drinks,water,2024-11-19
Strathrowan Sparkling Scottish Mountain Water 500ml,£1.19,£0.04 per 100ml,drinks,water,2024-11-19
Strathrowan Still Scottish Mountain Water 4x2l,£1.49,£0.02 per 100ml,drinks,water,2024-11-19
Strathrowan Sparkling Scottish Mountain Water 4x2l,£1.55,£0.02 per 100ml,drinks,water,2024-11-19
Strathrowan Still Scottish Mountain Water 6x750ml,£1.99,£0.04 per 100ml,drinks,water,2024-11-19
Strathrowan Still Scottish Mountain Water 750ml,£0.59,£0.08 per 100ml,drinks,water,2024-11-19
Aqua Vale Still Spring Water 12x500ml,£1.79,£0.03 per 100ml,drinks,water,2024-11-19
Aqua Vale Summer Fruits Flavoured Sparkling Water 1l,£0.55,£0.06 per 100ml,drinks,water,2024-11-19
Aqua Vale Sparkling Spring Water 6x500ml/6 Pack,£1.15,£0.04 per 100ml,drinks,water,2024-11-19
Aqua Vale Lemon & Lime Flavoured Sparkling Water 1l,£0.55,£0.06 per 100ml,drinks,water,2024-11-19
Aqua Vale Peach & Passion Fruit Flavoured Sparkling Wat,£0.55,£0.06 per 100ml,drinks,water,2024-11-19
Aqua Vale Apple & Elderflower Flavoured Sparkling Water,£0.55,£0.06 per 100ml,drinks,water,2024-11-19
Aqua Vale Still Spring Water 500ml,£0.45,£0.09 per 100ml,drinks,water,2024-11-19
Aqua Vale Still Spring Water 6x2l,£2.29,£0.02 per 100ml,drinks,water,2024-11-19
Brecon Carreg Still Natural Mineral Water 6 X 500ml,£1.59,£0.05 per 100ml,drinks,water,2024-11-19
Aqua Vale Lemon & Lime Flavoured Still Spring Water 4x5,£1.39,£0.07 per 100ml,drinks,water,2024-11-19
Aqua Vale Strawberry Flavoured Still Spring Water 4x500,£1.39,£0.07 per 100ml,drinks,water,2024-11-19
Aqua Vale Apple & Raspberry Flavoured Still Spring Wate,£1.39,£0.07 per 100ml,drinks,water,2024-11-19
Cowbelle British Semi-skimmed Milk 1.7% Fat 4 Pints,£1.45,£0.64 per litre,drinks,milk,2024-11-19
Cowbelle British Semi-skimmed Milk 1.7% Fat 2 Pints,£1.20,£1.06 per litre,drinks,milk,2024-11-19
Cowbelle British Whole Milk 4 Pints,£1.45,£0.64 per litre,drinks,milk,2024-11-19
Cowbelle British Skimmed Milk 2 Pints,£1.20,£1.06 per litre,drinks,milk,2024-11-19
Cowbelle British Semi-skimmed Milk 1.7% Fat 1 Pint,£0.85,£1.50 per litre,drinks,milk,2024-11-19
Cowbelle British Semi-skimmed Milk 1 Pint,£0.85,£1.50 per litre,drinks,milk,2024-11-19
Cowbelle British Whole Milk 1 Pint,£0.85,£1.50 per litre,drinks,milk,2024-11-19
McCallums Scottish Semi-skimmed Milk 1.7% Fat 2 Pints/1,£1.20,£1.06 per litre,drinks,milk,2024-11-19
McCallums Scottish Whole Milk 2 Pints,£1.20,£1.06 per litre,drinks,milk,2024-11-19
McCallums Scottish Skimmed Milk 2 Pints,£1.20,£1.06 per litre,drinks,milk,2024-11-19
McCallums Scottish Organic Semi- Skimmed Milk 1.7% Fat,£1.25,£1.10 per litre,drinks,milk,2024-11-19
Cowbelle Welsh Semi-skimmed Milk Llaeth Cymreig Hanner,£0.85,£1.50 per litre,drinks,milk,2024-11-19
Cowbelle Welsh Whole Milk Llaeth Cymreig Hanner 1 Pint,£0.85,£1.50 per litre,drinks,milk,2024-11-19
Cowbelle Welsh Semi-skimmed Milk Llaeth Cymreig Hanner,£2.15,£0.63 per litre,drinks,milk,2024-11-19
Cowbelle Organic Semi-skimmed Milk 4 Pints,£1.79,£0.79 per litre,drinks,milk,2024-11-19
Cowbelle British Semi-skimmed Lactose Free* Milk Drink,£0.99,£0.99 per litre,drinks,milk,2024-11-19
Cowbelle Organic Semi-skimmed 4 Pints,£1.79,£0.79 per litre,drinks,milk,2024-11-19
Cowbelle British Skimmed Milk 4 Pints,£1.45,£0.64 per litre,drinks,milk,2024-11-19
Cowbelle British Semi-skimmed Milk 1.7% Fat 6 Pints/3.4,£2.15,£0.63 per litre,drinks,milk,2024-11-19
Cowbelle British Whole Milk 3.6% Fat 2 Pints,£1.20,£1.06 per litre,drinks,milk,2024-11-19
Cowbelle Filtered British Whole Milk 2l,£1.65,£0.83 per litre,drinks,milk,2024-11-19
Cowbelle Filtered British Semi-skimmed Milk 2l,£1.65,£0.83 per litre,drinks,milk,2024-11-19
Specially Selected Rich & Creamy Jersey Milk 1l,£1.29,£1.29 per litre,drinks,milk,2024-11-19
McCallums Scottish Whole Milk 3.6% Fat 1 Pint/568ml,£0.85,£1.50 per litre,drinks,milk,2024-11-19
McCallums Scottish Semi-skimmed Milk 1.7% Fat 1 Pint/56,£0.85,£1.50 per litre,drinks,milk,2024-11-19
Cowbelle British Semi-skimmed Milk 2 Pints,£1.20,£1.06 per litre,drinks,milk,2024-11-19
Cowbelle British Semi-skimmed Milk 4 Pints,£1.45,£0.64 per litre,drinks,milk,2024-11-19
Cowbelle British Semi-skimmed Milk 6 Pints,£2.15,£0.63 per litre,drinks,milk,2024-11-19
Cowbelle British Whole Milk 2 Pints,£1.20,£1.06 per litre,drinks,milk,2024-11-19
Cowbelle Llaeth Cymreig Hanner Sgim Welsh Semi-skimmed,£1.20,£1.06 per litre,drinks,milk,2024-11-19
Cowbelle Welsh Semi-skimmed Milk Llaeth Cymreig Hanner,£1.45,£0.64 per litre,drinks,milk,2024-11-19
Cowbelle Welsh Skimmed Milk Llaeth Cymreig Sgim 2 Pints,£1.20,£1.06 per litre,drinks,milk,2024-11-19
Cowbelle Welsh Skimmed Milk Llaeth Cymreig Sgim 4 Pints,£1.45,£0.64 per litre,drinks,milk,2024-11-19
Cowbelle Welsh Whole Milk Llaeth Cymreig 2 Pints,£1.20,£1.06 per litre,drinks,milk,2024-11-19
Cowbelle Welsh Whole Milk Llaeth Cymreig Llawn 4 Pints,£1.45,£0.64 per litre,drinks,milk,2024-11-19
Cowbelle British Filtered Semi-skimmed Milk 2l,£1.65,£0.83 per litre,drinks,milk,2024-11-19
Cowbelle West Country Whole Milk 2 Pints/1.136l,£1.20,£1.06 per litre,drinks,milk,2024-11-19
Cowbelle West Country Semi-skimmed Milk 6 Pints/3.408l,£2.15,£0.63 per litre,drinks,milk,2024-11-19
Cowbelle West Country Whole Milk 4 Pints/2.272l,£1.45,£0.64 per litre,drinks,milk,2024-11-19
Cowbelle West Country Skimmed Milk 2 Pints/1.136l,£1.20,£1.06 per litre,drinks,milk,2024-11-19
Cowbelle West Country Skimmed Milk 4 Pints/2.272l,£1.45,£0.64 per litre,drinks,milk,2024-11-19
Cowbelle West Country Semi-skimmed Milk 2 Pints/1.136l,£1.20,£1.06 per litre,drinks,milk,2024-11-19
Cowbelle West Country Semi-skimmed Milk 4 Pints/2.272l,£1.45,£0.64 per litre,drinks,milk,2024-11-19
McCallums Scottish Skimmed Milk <0.5% Fat 4 Pints/2.27l,£1.45,£0.64 per litre,drinks,milk,2024-11-19
McCallums Scottish Whole Milk 3.6% Fat 4 Pints/2.27l,£1.45,£0.64 per litre,drinks,milk,2024-11-19
McCallums Scottish Semi-skimmed Milk 1.7% Fat 4 Pints/2,£1.45,£0.64 per litre,drinks,milk,2024-11-19
McCallums Scottish Semi-skimmed Milk 1.7% Fat 6 Pints/3,£2.15,£0.63 per litre,drinks,milk,2024-11-19
Cowbelle British Filtered Whole Milk 2l,£1.65,£0.83 per litre,drinks,milk,2024-11-19
Tetley 160 Decaf Tea Bags 500g,£4.99,£1.00 per 100g,drinks,tea,2024-11-19
Diplomat Green Tea & Peppermint Herbal Tea 40g,£1.39,£3.48 per 100g,drinks,tea,2024-11-19
Diplomat Super Fruits Peach & Orange Tea Bags 40g/20 Pa,£1.39,£3.48 per 100g,drinks,tea,2024-11-19
Diplomat Herbal Mint & Ginger Digest With Zinc & Vitami,£1.39,£3.48 per 100g,drinks,tea,2024-11-19
"Diplomat Flower, Camomile & Apple Herbal Tea Bags 40g/2",£1.39,£3.48 per 100g,drinks,tea,2024-11-19
Diplomat Berry Fruits Tea Bags 80g/40 Pack,£0.89,£1.11 per 100g,drinks,tea,2024-11-19
Diplomat Peppermint Infusion Tea Bags 60g/40 Pack,£0.89,£1.48 per 100g,drinks,tea,2024-11-19
Diplomat Camomile Tea Bags 60g/40 Pack,£0.89,£1.48 per 100g,drinks,tea,2024-11-19
Diplomat Lemon & Ginger Infusion Tea Bags 80g/40 Pack,£0.89,£1.11 per 100g,drinks,tea,2024-11-19
Diplomat Rooibos Infusion Tea Bags 100g/40 Pack,£0.89,£0.89 per 100g,drinks,tea,2024-11-19
Tetley 240 Original Tea Bags 750g,£4.99,£0.67 per 100g,drinks,tea,2024-11-19
Yorkshire Tea 210 Teabags 375g,£5.49,£0.84 per 100g,drinks,tea,2024-11-19
Diplomat Red Label Tea Bags 500g/160 Pack,£1.85,£0.37 per 100g,drinks,tea,2024-11-19
Diplomat Gold Label Tea Bags 250g/80 Pack,£1.39,£0.56 per 100g,drinks,tea,2024-11-19
Diplomat Decaf Tea Bags 250g/80 Pack,£1.39,£0.56 per 100g,drinks,tea,2024-11-19
Murroughs Welsh Brew Paned 80 Tea Bags 250g,£2.59,£0.86 per 100g,drinks,tea,2024-11-19
Diplomat Decaf Everyday Round Tea Bags 250g/80 Pack,£1.39,£0.56 per 100g,drinks,tea,2024-11-19
Diplomat Red Label Round Tea Bags 500g/160 Pack,£1.85,£0.37 per 100g,drinks,tea,2024-11-19
Diplomat Gold Label Everyday Round Tea Bags 250g/80 Pac,£1.39,£0.56 per 100g,drinks,tea,2024-11-19
Diplomat Decaf Green Tea 76g/40 Pack,£0.59,£0.78 per 100g,drinks,tea,2024-11-19
Diplomat Green Tea With Mint 76g/40 Pack,£0.59,£0.78 per 100g,drinks,tea,2024-11-19
Diplomat Pure Green Tea 76g/40 Pack,£0.59,£0.78 per 100g,drinks,tea,2024-11-19
Diplomat Green Tea With Lemon 76g/40 Pack,£0.59,£0.78 per 100g,drinks,tea,2024-11-19
Diplomat Cherry Super Tea Protect 40g,£1.39,£3.48 per 100g,drinks,tea,2024-11-19
Diplomat Red Label Everyday Round Tea Bags 750g/240 Pac,£2.79,£0.37 per 100g,drinks,tea,2024-11-19
Specially Selected English Breakfast Fine Tea 125g/50 P,£1.15,£0.92 per 100g,drinks,tea,2024-11-19
Specially Selected Earl Grey Speciality Tea 125g/50 Pac,£1.15,£0.92 per 100g,drinks,tea,2024-11-19
Diplomat Pure Green Tea Bags 76g/40 Pack,£0.59,£0.78 per 100g,drinks,tea,2024-11-19
Diplomat Green Tea With Lemon Tea Bags 76g/40 Pack,£0.59,£0.78 per 100g,drinks,tea,2024-11-19
Diplomat Green Tea With Mint Tea Bags 76g/40 Pack,£0.59,£0.78 per 100g,drinks,tea,2024-11-19
Diplomat Decaf Green Tea Bags 76g/40 Pack,£0.59,£0.78 per 100g,drinks,tea,2024-11-19
PG Tips 210 Original Tea Bags 609g,£5.25,£0.86 per 100g,drinks,tea,2024-11-19
Specially Selected Earl Grey Tea Bags 125g/50 Pack,£3.99,£3.19 per 100g,drinks,tea,2024-11-19
Specially Selected Tea Bags English Breakfast Tea 125g/,£3.99,£3.19 per 100g,drinks,tea,2024-11-19
Specially Selected Darjeeling Tea Bags 125g/50 Pack,£3.99,£3.19 per 100g,drinks,tea,2024-11-19
Specially Selected Ristretto Coffee Pods 10 Pack,£1.35,£2.70 per 100g,drinks,coffee,2024-11-19
Specially Selected Espresso Coffee Pods 10 Pack,£1.35,£2.70 per 100g,drinks,coffee,2024-11-19
Specially Selected Lungo Coffee Pods 10 Pack,£1.35,£2.70 per 100g,drinks,coffee,2024-11-19
Nescafé Original 200g,£4.49,£2.25 per 100g,drinks,coffee,2024-11-19
Nescafe Double Choc Mocha (167.2g) 8 X 20.9g,£1.95,£1.17 per 100g,drinks,coffee,2024-11-19
Specially Selected Colombian Ground Coffee 227g,£2.79,£1.23 per 100g,drinks,coffee,2024-11-19
Specially Selected Sumatran Ground Coffee 227g,£2.79,£1.23 per 100g,drinks,coffee,2024-11-19
Specially Selected Guatemalan Ground Coffee 227g,£2.79,£1.23 per 100g,drinks,coffee,2024-11-19
Alcafé Espresso Coffee Beans 227g/5 Pack,£1.99,£0.88 per 100g,drinks,coffee,2024-11-19
Alcafé Italian Style Coffee Beans 227g/4 Pack,£1.99,£0.88 per 100g,drinks,coffee,2024-11-19
Alcafé Decaf Blend 100% Arabica Ground Coffee Smooth Ro,£2.29,£1.01 per 100g,drinks,coffee,2024-11-19
Alcafé House Blend Arabica Beans 227g/3 Pack,£1.99,£0.88 per 100g,drinks,coffee,2024-11-19
Alcafé Italian Style Arabica Ground Coffee 227g/4 Pack,£2.29,£1.01 per 100g,drinks,coffee,2024-11-19
Alcafé French Blend 5 Ground Coffee 227g,£2.29,£1.01 per 100g,drinks,coffee,2024-11-19
Choceur Light Instant Hot Chocolate 300g,£1.69,£0.56 per 100g,drinks,coffee,2024-11-19
Specially Selected Colombian Instant Coffee Strength No,£2.15,£2.15 per 100g,drinks,coffee,2024-11-19
Specially Selected Costa Rican Instant Coffee Stength N,£2.15,£2.15 per 100g,drinks,coffee,2024-11-19
Alcafé Double Choc Mocha 8x23g,£1.09,£0.59 per 100g,drinks,coffee,2024-11-19
Alcafé Vanilla Latte 8x18.5g,£1.09,£0.74 per 100g,drinks,coffee,2024-11-19
Alcafé Caramel Latte Instant Sachets 8x17g,£1.09,£0.80 per 100g,drinks,coffee,2024-11-19
Alcafé Cappuccino 8x17g,£0.99,£0.73 per 100g,drinks,coffee,2024-11-19
Alcafé Instant Cappuccino Coffee 8x14.2g,£0.99,£0.73 per 100g,drinks,coffee,2024-11-19
Alcafé Latte Instant Sachets 8x19.5g,£0.99,£0.64 per 100g,drinks,coffee,2024-11-19
Alcafe Vanilla Latte Sachets 8x18.5g,£1.09,£0.74 per 100g,drinks,coffee,2024-11-19
Alcafé Instant Caramel Latte 8x17g,£1.09,£0.80 per 100g,drinks,coffee,2024-11-19
Specially Selected Belgian Milk Hot Chocolate Stirrers,£1.99,£3.32 per 100g,drinks,coffee,2024-11-19
Specially Selected Belgian Salted Caramel Hot Chocolate,£1.99,£3.32 per 100g,drinks,coffee,2024-11-19
Alcafé House Blend Roast & Ground Coffee 227g,£2.29,£1.01 per 100g,drinks,coffee,2024-11-19
Alcafé Espresso Blend Roast & Ground Coffee 227g,£2.29,£1.01 per 100g,drinks,coffee,2024-11-19
Alcafé Rich Roast Instant Coffee Granules 200g,£1.79,£0.90 per 100g,drinks,coffee,2024-11-19
Alcafé Gold Roast Freeze Dried Coffee 200g,£2.25,£1.13 per 100g,drinks,coffee,2024-11-19
Alcafé Decaf Gold Roast Freeze Dried Coffee 100g,£1.05,£1.05 per 100g,drinks,coffee,2024-11-19
Choceur Instant Hot Chocolate Drink 400g,£1.69,£0.42 per 100g,drinks,coffee,2024-11-19
Nescafé Gold Cappuccino (124g) 8 X 15.5g,£1.95,£1.57 per 100g,drinks,coffee,2024-11-19
Nescafé Gold Blend 200g,£5.99,£3.00 per 100g,drinks,coffee,2024-11-19
Alcafé Americano Coffee Pods 16x8g,£2.69,£2.10 per 100g,drinks,coffee,2024-11-19
Alcafé Cappuccino Coffee Pods 186g/8 Pack,£2.69,£1.45 per 100g,drinks,coffee,2024-11-19
Alcafé Latte Macchiato Coffee Pods 183g/8 Pack,£2.69,£1.47 per 100g,drinks,coffee,2024-11-19
Alcafé Americano Barista Moments Instant Ground Coffee,£2.89,£2.89 per 100g,drinks,coffee,2024-11-19
Alcafé Americano Decaff Barista Moments Instant Ground,£2.89,£2.89 per 100g,drinks,coffee,2024-11-19
Alcafé Intenso Barista Moments Instant Ground Coffee 10,£2.89,£2.89 per 100g,drinks,coffee,2024-11-19
Specially Selected Ristretto Coffee Capsules 10x5g,£1.35,£2.70 per 100g,drinks,coffee,2024-11-19
Specially Selected Espresso Coffee Capsules 10x5g,£1.35,£2.70 per 100g,drinks,coffee,2024-11-19
Specially Selected Lungo Coffee Capsules 10x5g,£1.35,£2.70 per 100g,drinks,coffee,2024-11-19
Specially Selected Costa Rican Coffee Capsules 10x5g,£1.89,£3.78 per 100g,drinks,coffee,2024-11-19
Specially Selected Colombian Coffee Capsules 10x5g,£1.89,£3.78 per 100g,drinks,coffee,2024-11-19
Specially Selected Belgian Hot Chocolate Stirrers With,£1.99,£3.32 per 100g,drinks,coffee,2024-11-19
Dairyfine Light Orange Hot Chocolate 300g,£1.69,£0.56 per 100g,drinks,coffee,2024-11-19
Dairyfine Light Mint Hot Chocolate 300g,£1.69,£0.56 per 100g,drinks,coffee,2024-11-19
Barissimo Flat White Coffee Pods 16x11.7g,£2.69,£1.44 per 100g,drinks,coffee,2024-11-19
Barissimo Signature Blend Latte Macchiato Caramel Coffe,£2.69,£0.34 per 100g,drinks,coffee,2024-11-19
Dairyfine Racer Instant Hot Chocolate 8x23g,£1.49,£0.81 per 100g,drinks,coffee,2024-11-19
Nescafé Caramel Latte (136g) 8 X 17g,£1.95,£1.43 per 100g,drinks,coffee,2024-11-19
Everyday Essentials Instant Coffee Granules 100g,£0.99,£0.99 per 100g,drinks,coffee,2024-11-19
Alcafé Decaff Gold Roast Freeze Dried Coffee 100g,£1.05,£1.05 per 100g,drinks,coffee,2024-11-19
Ballycastle Hot Chocolate Mug Melts 260g,£4.49,£1.73 per 100g,drinks,coffee,2024-11-19
Specially Selected Colombian Ground Coffee Pods 454g,£4.99,£1.10 per 100g,drinks,coffee,2024-11-19
Specially Selected Signature Blend Winterblend Ground C,£2.49,£1.10 per 100g,drinks,coffee,2024-11-19
Specially Selected Drinking Chocolate 500g,£3.49,£0.70 per 100g,drinks,coffee,2024-11-19
Nescafé Dolce Gusto Cappuccino 186.4g,£3.75,£2.01 per 100g,drinks,coffee,2024-11-19
Dolce Gusto Kitkat (256g) 16 X 16g,£3.75,£1.46 per 100g,drinks,coffee,2024-11-19
Tassimo Limited Edition Cadbury Caramel (240g) 8 X 30g,£3.99,£1.66 per 100g,drinks,coffee,2024-11-19
Tassimo Limited Edition Cadbury Orange (240g) 8 X 30g,£3.99,£1.66 per 100g,drinks,coffee,2024-11-19
Bounty Bounty Hot Chocolate 250g,£1.99,£0.80 per 100g,drinks,coffee,2024-11-19
Milkyway Milkyway Hot Chocolate 250g,£1.99,£0.80 per 100g,drinks,coffee,2024-11-19
Stella Artois Belgium Premium Lager Beer Cans 10x440ml,£9.99,£2.27 per litre,drinks,beer_cider,2024-11-19
Specially Selected H. Westons & Sons Vintage Cider 750m,£2.39,£3.19 per litre,drinks,beer_cider,2024-11-19
Älska Nordic Berries Premium Cider 500ml,£1.79,£3.58 per litre,drinks,beer_cider,2024-11-19
Älska Nordic Berries Swedish Premium Cider 500ml,£0.99,£1.98 per litre,drinks,beer_cider,2024-11-19
Corona Extra 330ml,£7.99,£2.42 per litre,drinks,beer_cider,2024-11-19
Anti Establishment IPA 440ml,£1.55,£3.52 per litre,drinks,beer_cider,2024-11-19
Memphis Blvd IPA 440ml,£1.55,£3.52 per litre,drinks,beer_cider,2024-11-19
Glitter Berry Glitter Mixed Berries Cider 500ml,£1.99,£3.98 per litre,drinks,beer_cider,2024-11-19
Orchard Premium English Vintage Cider 500ml,£1.49,£2.98 per litre,drinks,beer_cider,2024-11-19
Birra Moretti Lager Beer Bottle 500ml,£1.99,£3.98 per litre,drinks,beer_cider,2024-11-19
Sainte Etienne Premium Lager 4x440ml,£3.49,£1.98 per litre,drinks,beer_cider,2024-11-19
Specially Selected Coffee Stout 500ml,£1.69,£3.38 per litre,drinks,beer_cider,2024-11-19
Heineken 6 X 330ml,£4.75,£2.40 per litre,drinks,beer_cider,2024-11-19
Specially Selected Dorset IPA 500ml,£1.95,£3.90 per litre,drinks,beer_cider,2024-11-19
Harper's Brewing Co. IPA 500ml,£1.65,£3.30 per litre,drinks,beer_cider,2024-11-19
Paolozzi Helles Lager 500ml,£1.89,£3.78 per litre,drinks,beer_cider,2024-11-19
San Miguel Premium Lager Beer Pint Cans 4 X 568ml,£6.49,£2.86 per litre,drinks,beer_cider,2024-11-19
Innis & Gunn Lager Beer 4x440ml,£5.27,£2.99 per litre,drinks,beer_cider,2024-11-19
Älska Nordic Berries Swedish Premium Cider 4 X 330ml,£3.49,£2.64 per litre,drinks,beer_cider,2024-11-19
Brasserie Du Noir Biere Triple Traditionelle 750ml,£3.49,£4.65 per litre,drinks,beer_cider,2024-11-19
Stella Artois Belgium Premium Lager Beer 4 X 568ml,£6.25,£2.75 per litre,drinks,beer_cider,2024-11-19
Carling Original Lager Beer 18 X 440ml,£13.99,£1.77 per litre,drinks,beer_cider,2024-11-19
Stella Artois Premium Lager Beer Cans 18x440ml,£16.99,£2.15 per litre,drinks,beer_cider,2024-11-19
Williams Bros Brewing Co. Perfect Storm IPA 440ml,£1.89,£4.30 per litre,drinks,beer_cider,2024-11-19
Tennent's Lager 4 X 440ml,£4.39,£2.49 per litre,drinks,beer_cider,2024-11-19
Rheinbacher Premium Pilsner 500ml,£1.29,£2.58 per litre,drinks,beer_cider,2024-11-19
Mcewan's Mcewan's Export Original Scottish Premium Beer,£4.99,£2.50 per litre,drinks,beer_cider,2024-11-19
Greene King Abbot Rich & Malty Premium Ale 4 X 500ml,£5.49,£2.75 per litre,drinks,beer_cider,2024-11-19
Double Dragon 500ml,£1.99,£3.98 per litre,drinks,beer_cider,2024-11-19
Budweiser Beer 20 X 300ml,£14.99,£2.50 per litre,drinks,beer_cider,2024-11-19
Williams Bros Brewing Co. Fraoch Heather Ale Beer 500ml,£1.65,£3.30 per litre,drinks,beer_cider,2024-11-19
Williams Bros Brewing Co. Joker IPA 500ml,£1.85,£3.70 per litre,drinks,beer_cider,2024-11-19
Williams Bros Brewing Co. Seven Giraffes Extraordinary,£1.69,£3.38 per litre,drinks,beer_cider,2024-11-19
Williams Bros Brewing Co. Birds & Bees Golden Summer Al,£1.65,£3.30 per litre,drinks,beer_cider,2024-11-19
Williams Bros Brewing Co. Caesar Augustus Lager IPA Hyb,£1.69,£3.38 per litre,drinks,beer_cider,2024-11-19
Inveralmond Brewery Ossian Refreshing Golden Ale 500ml,£1.89,£3.78 per litre,drinks,beer_cider,2024-11-19
Henney's Classic Cider 500ml,£1.99,£3.98 per litre,drinks,beer_cider,2024-11-19
Tennent's Lager 10 X 440ml,£9.85,£2.24 per litre,drinks,beer_cider,2024-11-19
Corona Extra 18 X 330ml,£16.49,£2.78 per litre,drinks,beer_cider,2024-11-19
Harviestoun Brewery Schiehallion Craft Lager 500ml,£1.85,£3.70 per litre,drinks,beer_cider,2024-11-19
Steinhäuser German Lager 330ml,£5.29,£2.67 per litre,drinks,beer_cider,2024-11-19
Orchard Premium Irish Apple Cider 568ml,£1.25,£2.20 per litre,drinks,beer_cider,2024-11-19
Birra Mapelli Italia Premium Lager 500ml,£1.49,£2.98 per litre,drinks,beer_cider,2024-11-19
Mcewan's Champion Premium Beer 500ml,£1.95,£3.90 per litre,drinks,beer_cider,2024-11-19
Carling Original Lager Beer 4x440ml,£4.49,£2.55 per litre,drinks,beer_cider,2024-11-19
Newcastle Brown Ale Bottle 550ml,£1.75,£3.18 per litre,drinks,beer_cider,2024-11-19
San Miguel Premium Lager Beer Bottle 660ml,£1.99,£3.02 per litre,drinks,beer_cider,2024-11-19
Budweiser Limited Edition Beer 12 X 300ml,£10.49,£2.91 per litre,drinks,beer_cider,2024-11-19
San Miguel Premium Lager Beer Bottles 12 X 330ml,£11.49,£2.90 per litre,drinks,beer_cider,2024-11-19
Guinness Draught Stout Beer Can 4x440ml,£4.99,£2.84 per litre,drinks,beer_cider,2024-11-19
Proper Job Cornish IPA 500ml,£1.89,£3.78 per litre,drinks,beer_cider,2024-11-19
Älska Strawberry & Lime Premium Cider 500ml,£1.79,£3.58 per litre,drinks,beer_cider,2024-11-19
Heineken Orginal Pure Malt Lager 650ml,£1.99,£3.06 per litre,drinks,beer_cider,2024-11-19
Galahad Premium Lager 4x440ml,£2.79,£1.59 per litre,drinks,beer_cider,2024-11-19
Rheinbacher Weissbier 500ml,£1.29,£2.58 per litre,drinks,beer_cider,2024-11-19
Brasserie Bière Supérieure Imported Premium Lager 10x25,£3.69,£1.48 per litre,drinks,beer_cider,2024-11-19
Carter's Lager 4x440ml,£2.25,£1.28 per litre,drinks,beer_cider,2024-11-19
John Smith's Extra Smooth 440ml,£4.75,£2.70 per litre,drinks,beer_cider,2024-11-19
Taurus Island's Premium Apple Cider 4x440ml,£3.49,£1.98 per litre,drinks,beer_cider,2024-11-19
Taurus Blood Orange Cider 4x440ml,£2.99,£1.70 per litre,drinks,beer_cider,2024-11-19
Innis & Gunn Lager Beer 10 X 440ml,£13.16,£2.99 per litre,drinks,beer_cider,2024-11-19
Wychwood Brewery Hobgoblin Ruby Beer 4 X 440ml,£4.65,£2.64 per litre,drinks,beer_cider,2024-11-19
Williams Bros Brewing Co. Strata Hazy Pale Ale 4x330ml,£3.75,£2.84 per litre,drinks,beer_cider,2024-11-19
Anti-Establishment Hazy Guava Flavour IPA 440ml,£1.79,£4.07 per litre,drinks,beer_cider,2024-11-19
Williams Bros. Brewing Co. Joker Af Wickedly Hoppy Alco,£1.59,£3.61 per litre,drinks,beer_cider,2024-11-19
Innis & Gunn The Original Single Malt Whisky Cask Matur,£2.99,£4.53 per litre,drinks,beer_cider,2024-11-19
Kronenbourg 1664 Bière Blonde 4 X 568ml,£5.99,£2.64 per litre,drinks,beer_cider,2024-11-19
Kronenbourg 1664 15 X 440ml,£13.99,£2.12 per litre,drinks,beer_cider,2024-11-19
Budweiser Beer 4 X 568ml,£5.65,£2.49 per litre,drinks,beer_cider,2024-11-19
Birra Moretti Lager Beer Bottle 660ml,£2.49,£3.77 per litre,drinks,beer_cider,2024-11-19
Heineken Original Pure Malt Lager 440ml,£4.85,£2.76 per litre,drinks,beer_cider,2024-11-19
Birra Moretti Premium Lager Cans 10 X 330ml,£9.99,£3.03 per litre,drinks,beer_cider,2024-11-19
Cruzcampo Sevilla 4 X 440ml,£5.49,£3.12 per litre,drinks,beer_cider,2024-11-19
Birra Moretti Beer 10 X 330ml,£11.99,£3.63 per litre,drinks,beer_cider,2024-11-19
Brewdog Hazy Jane New England IPA 4 X 330ml,£5.49,£4.16 per litre,drinks,beer_cider,2024-11-19
Brewdog Brewdog Punk IPA Post Modern Classic 4 X 330ml,£5.49,£4.16 per litre,drinks,beer_cider,2024-11-19
Peroni Nastro Azzurro Lager Beer Bottle 620ml,£2.59,£4.18 per litre,drinks,beer_cider,2024-11-19
St Pierre Belgian Abbey Beer 440ml,£1.79,£4.07 per litre,drinks,beer_cider,2024-11-19
Harpers Ruby Red Ale 500ml,£1.35,£2.70 per litre,drinks,beer_cider,2024-11-19
Rheinbacher Premium Pilsner 4x500ml,£3.49,£1.75 per litre,drinks,beer_cider,2024-11-19
Brewdog Lost Lager 12 X 440ml,£12.99,£2.46 per litre,drinks,beer_cider,2024-11-19
Peroni Nastro Azzurro 18 X 330ml,£23.49,£3.95 per litre,drinks,beer_cider,2024-11-19
Harpers Golden Ale 500ml,£1.29,£2.58 per litre,drinks,beer_cider,2024-11-19
Taurus Cloudy Lemon Cider 4x440ml,£2.99,£1.70 per litre,drinks,beer_cider,2024-11-19
Hobgoblin Gold Beer 4 X 440ml,£4.49,£2.55 per litre,drinks,beer_cider,2024-11-19
San Marcos Cerveza 660ml,£1.69,£2.56 per litre,drinks,beer_cider,2024-11-19
Grande Spanish Lager 660ml,£1.69,£2.56 per litre,drinks,beer_cider,2024-11-19
Anti-Establishment Double Hazy IPA 440ml,£2.15,£4.89 per litre,drinks,beer_cider,2024-11-19
Älska Strawberry Lime Swedish Premium Cider 4 X 330ml,£3.49,£2.64 per litre,drinks,beer_cider,2024-11-19
Strongbow Original Cider 18 X 440ml,£11.99,£1.51 per litre,drinks,beer_cider,2024-11-19
Williams Bros Brewing Co. Otis Blood Orange IPA 440ml,£1.89,£4.30 per litre,drinks,beer_cider,2024-11-19
Grande Spanish Lager 4x440ml,£3.99,£2.27 per litre,drinks,beer_cider,2024-11-19
Brewdog Ald IPA 4 X 330ml,£4.99,£3.78 per litre,drinks,beer_cider,2024-11-19
Rossini Premium Italian Lager 500ml,£1.49,£2.98 per litre,drinks,beer_cider,2024-11-19
Sandford Orchards Devon Red Supreme Cider 500ml,£1.99,£3.98 per litre,drinks,beer_cider,2024-11-19
Specially Selected Mulled Cider 750ml,£2.99,£3.99 per litre,drinks,beer_cider,2024-11-19
Rheinbacher 0.0% Pilsner 6x330ml,£2.99,£1.51 per litre,drinks,beer_cider,2024-11-19
Heineken Pure Malt Lager 10 X 440ml,£7.65,£1.74 per litre,drinks,beer_cider,2024-11-19
The Hop Foundry Marshmallow Stout 440ml,£1.79,£4.07 per litre,drinks,beer_cider,2024-11-19
Karlskrone 0.0% Lager 6x330ml,£2.99,£1.51 per litre,drinks,beer_cider,2024-11-19
Foster's Quality Lager Beer 12 X 440ml,£10.49,£1.99 per litre,drinks,beer_cider,2024-11-19
Bishops Finger Shepherd Neame Kentish Strong Ale 500ml,£1.59,£3.18 per litre,drinks,beer_cider,2024-11-19
Old Speckled Hen English Pale Ale 4 X 500ml,£5.49,£2.75 per litre,drinks,beer_cider,2024-11-19
Wrexham Lager 330ml,£1.49,£4.52 per litre,drinks,beer_cider,2024-11-19
Brasserie French Style Lager 4x440ml,£3.85,£2.19 per litre,drinks,beer_cider,2024-11-19
Carlsberg Danish Pilsner 18 X 440ml,£11.99,£1.51 per litre,drinks,beer_cider,2024-11-19
Banks's Banks's Exceptional Amber Bitter 500ml,£0.99,£1.98 per litre,drinks,beer_cider,2024-11-19
Taurus Pear Cider 4x440ml,£2.19,£1.24 per litre,drinks,beer_cider,2024-11-19
Taurus Original Cider 2l,£1.99,£1.00 per litre,drinks,beer_cider,2024-11-19
Taurus Dark Fruit Cider 4x440ml,£3.59,£2.04 per litre,drinks,beer_cider,2024-11-19
Taurus Cherry Cider 4x440ml,£3.49,£1.98 per litre,drinks,beer_cider,2024-11-19
Älska Strawberry Lime Swedish Premium Cider 500ml,£0.99,£1.98 per litre,drinks,beer_cider,2024-11-19
Hobgoblin Gold Beer 500ml,£1.59,£3.18 per litre,drinks,beer_cider,2024-11-19
Hobgoblin Ruby Beer 500ml,£1.59,£3.18 per litre,drinks,beer_cider,2024-11-19
Hendry's Scottish Lager 4x440ml,£3.89,£2.21 per litre,drinks,beer_cider,2024-11-19
Taurus Original Cider 4x440ml,£2.09,£1.19 per litre,drinks,beer_cider,2024-11-19
Älska Sweet Vintage Pear 500ml,£1.99,£3.98 per litre,drinks,beer_cider,2024-11-19
Foster's Quality Lager Beer 18 X 440ml,£11.99,£1.51 per litre,drinks,beer_cider,2024-11-19
Sainte Etienne 0% Lager 500ml,£0.99,£1.98 per litre,drinks,beer_cider,2024-11-19
Rheinbacher 0% Pilsner 6x330ml,£2.99,£1.51 per litre,drinks,beer_cider,2024-11-19
Captain Morgan Spiced Gold Rum Based Spirit Drink 35% V,£14.99,£21.41 per litre,drinks,beer_cider,2024-11-19
Madrí Excepcional 10 X 440ml,£10.99,£2.50 per litre,drinks,beer_cider,2024-11-19
Leffe Blonde 4 X 440ml,£5.99,£3.40 per litre,drinks,beer_cider,2024-11-19
Mahou Beer 4 X 440ml,£4.99,£2.84 per litre,drinks,beer_cider,2024-11-19
Innis & Gunn Limited Edition Highland Single Malt Whisk,£2.99,£9.06 per litre,drinks,beer_cider,2024-11-19
Brewdog Punk Post Modern Classic IPA 12 X 330ml,£12.99,£3.28 per litre,drinks,beer_cider,2024-11-19
Leffe Brune Abbey Beer Bottle 750ml,£2.79,£3.72 per litre,drinks,beer_cider,2024-11-19
Tripel Karmeliet Beer 750cl,£5.99,£7.99 per litre,drinks,beer_cider,2024-11-19
Birra Moretti Lager Beer Bottle 18 X 330ml,£18.99,£3.20 per litre,drinks,beer_cider,2024-11-19
Leffe Blonde 750ml,£2.79,£3.72 per litre,drinks,beer_cider,2024-11-19
Specially Selected Irish Cream Liqueur 70cl,£7.99,£11.41 per litre,drinks,spirit,2024-11-19
Haysmith's London Dry Gin 70cl,£15.99,£22.84 per litre,drinks,spirit,2024-11-19
Haysmith's Rhubarb & Ginger Gin 70cl,£14.99,£21.41 per litre,drinks,spirit,2024-11-19
Haysmith's Seville Orange & Persian Lime Gin 70cl,£14.99,£21.41 per litre,drinks,spirit,2024-11-19
Haysmith's Raspberry & Redcurrant Pink Gin 70cl,£14.99,£21.41 per litre,drinks,spirit,2024-11-19
Ballycastle White Chocolate Flavour Country Cream 70cl,£7.49,£10.70 per litre,drinks,spirit,2024-11-19
Famous Grouse The Finest Blended Scotch Whisky 700ml,£18.20,£26.00 per litre,drinks,spirit,2024-11-19
The Rev James Original 500ml,£1.79,£3.58 per litre,drinks,spirit,2024-11-19
Glen's Vodka 50cl,£12.19,£24.38 per litre,drinks,spirit,2024-11-19
Highland Earl Blended Scotch Whisky 70cl,£10.69,£15.27 per litre,drinks,spirit,2024-11-19
Cassario Black Spiced Flavour With Rum 70cl,£15.49,£22.13 per litre,drinks,spirit,2024-11-19
Saint Germont Premium French Vodka 70cl,£16.99,£24.27 per litre,drinks,spirit,2024-11-19
Glen Marnoch Speyside Single Malt Scotch Whisky 70cl,£17.99,£25.70 per litre,drinks,spirit,2024-11-19
Napoleon Brandy 70cl,£11.99,£17.13 per litre,drinks,spirit,2024-11-19
Highland Black 8 Year Old Scotch Whisky 70cl,£14.99,£21.41 per litre,drinks,spirit,2024-11-19
Highland Earl Blended Scotch Whisky 1l,£16.99,£16.99 per litre,drinks,spirit,2024-11-19
Old Hopking Premium White Rum 70cl,£11.49,£16.41 per litre,drinks,spirit,2024-11-19
Chevalier Vs Cognac 70cl,£19.99,£28.56 per litre,drinks,spirit,2024-11-19
Greyson's London Dry Gin 1l,£15.99,£15.99 per litre,drinks,spirit,2024-11-19
Old Hopking Premium Caribbean Spirit Dark Rum Deluxe 70,£10.99,£15.70 per litre,drinks,spirit,2024-11-19
Samuel Joe's Straight Kentucky Bourbon 70cl,£14.49,£20.70 per litre,drinks,spirit,2024-11-19
Glen Marnoch Islay Single Malt Scotch Whisky 70cl,£17.99,£25.70 per litre,drinks,spirit,2024-11-19
Glen Marnoch Highland Single Malt Scotch Whisky 70cl,£17.99,£25.70 per litre,drinks,spirit,2024-11-19
Cocobay Rum And Coconut Flavour Liqueur 70cl,£6.99,£9.99 per litre,drinks,spirit,2024-11-19
Bellucci Amaretto 50cl,£6.39,£12.78 per litre,drinks,spirit,2024-11-19
Sierra Tequila Blanco 50cl,£13.99,£27.98 per litre,drinks,spirit,2024-11-19
Greyson's London Dry Gin & Tonic 250ml,£0.99,£3.96 per litre,drinks,spirit,2024-11-19
Stefanoff Passion Fruit Martini Flavour Cocktail 250ml,£0.99,£3.96 per litre,drinks,spirit,2024-11-19
Old Hopking Raspberry Mojito Flavour Cocktail 250ml,£0.99,£3.96 per litre,drinks,spirit,2024-11-19
Greyson's Dry Gin & Diet Tonic 250ml,£0.99,£3.96 per litre,drinks,spirit,2024-11-19
The Infusionist Passion Fruit Martini 70cl,£6.99,£9.99 per litre,drinks,spirit,2024-11-19
The Infusionist Piña Colada 70cl,£6.99,£9.99 per litre,drinks,spirit,2024-11-19
Oscar's Peach Schnapps 70cl,£6.69,£9.56 per litre,drinks,spirit,2024-11-19
Còmhla 70cl,£19.99,£28.56 per litre,drinks,spirit,2024-11-19
"Cocobay Pineapple, Lime & Coconut Mixed Drink 250ml",£0.99,£3.96 per litre,drinks,spirit,2024-11-19
Cocobay Pina Colada Flavour Cocktail 250ml,£0.99,£3.96 per litre,drinks,spirit,2024-11-19
Samuel Joe's Whiskey & Cola 330ml,£1.49,£4.52 per litre,drinks,spirit,2024-11-19
Samuel Joes Whiskey & Zero Cola 330ml,£1.49,£4.52 per litre,drinks,spirit,2024-11-19
Stefanoff Superior Triple Distilled Vodka 1l,£15.99,£15.99 per litre,drinks,spirit,2024-11-19
Greyson's Pink Gin & Diet Tonic 250ml,£0.99,£3.96 per litre,drinks,spirit,2024-11-19
Old Hopking Spiced Gold Premium Spirit Drink 70cl,£11.85,£16.93 per litre,drinks,spirit,2024-11-19
Loquito Strawberry Flavour Cream Liqueur 50cl,£7.99,£15.98 per litre,drinks,spirit,2024-11-19
Stefanoff Superior Vodka Triple Distilled 1litre,£15.99,£15.99 per litre,drinks,spirit,2024-11-19
Greyson's Pink Gin & Tonic 250ml,£0.99,£3.96 per litre,drinks,spirit,2024-11-19
Highland Earl Blended Scotch Whisky 35cl,£6.75,£19.29 per litre,drinks,spirit,2024-11-19
Greyson's London Dry Gin 35cl,£6.29,£17.97 per litre,drinks,spirit,2024-11-19
Stefanoff Vodka 35cl,£6.29,£17.97 per litre,drinks,spirit,2024-11-19
Greyson's Alcohol Free Pink Berries 70cl,£8.99,£12.84 per litre,drinks,spirit,2024-11-19
Greyson's Alcohol Free London Dry 70cl,£8.99,£12.84 per litre,drinks,spirit,2024-11-19
Ballycastle Milk Chocolate Peanut Butter Flavour Countr,£7.49,£10.70 per litre,drinks,spirit,2024-11-19
Glen Marnoch Single Malt Scotch Whisky Bourbon Cask Fin,£19.99,£28.56 per litre,drinks,spirit,2024-11-19
Glen Marnoch Single Malt Scotch Whisky Rum Cask Finish,£19.99,£28.56 per litre,drinks,spirit,2024-11-19
Glen Marnoch Single Malt Scotch Whisky Sherry Cask Fini,£19.99,£28.56 per litre,drinks,spirit,2024-11-19
Stefanoff Raspberry Crush Flavoured Vodka 70cl,£13.99,£19.99 per litre,drinks,spirit,2024-11-19
Stefanoff Mango & Passion Fruit Flavoured Vodka 70cl,£13.99,£19.99 per litre,drinks,spirit,2024-11-19
Stefanoff Vanilla Flavoured Vodka 70cl,£13.99,£19.99 per litre,drinks,spirit,2024-11-19
Infusionist Pink Lemonade Flavour Spirit Drink 70cl,£16.99,£24.27 per litre,drinks,spirit,2024-11-19
Infusionist Blue Raspberry Flavour Spirit Drink 70cl,£16.99,£24.27 per litre,drinks,spirit,2024-11-19
Haysmith's Blood Orange Flavoured Gin 70cl,£16.99,£24.27 per litre,drinks,spirit,2024-11-19
Haysmith's Pink Grapefruit Flavoured Gin 70cl,£16.99,£24.27 per litre,drinks,spirit,2024-11-19
Haysmith's Roasted Pineapple Flavoured Gin 70cl,£16.99,£24.27 per litre,drinks,spirit,2024-11-19
Haysmith's Hand Steeped Sloe Gin 70cl,£14.99,£21.41 per litre,drinks,spirit,2024-11-19
Specially Selected Luxury Edition Irish Cream Liqueur 7,£7.99,£11.41 per litre,drinks,spirit,2024-11-19
The Infusionist Strawberry Daiquiri 70cl,£6.99,£9.99 per litre,drinks,spirit,2024-11-19
Old Hopking Rum & Cola 330ml,£1.49,£4.52 per litre,drinks,spirit,2024-11-19
Old Hopking Rum & Diet Cola 330ml,£1.49,£4.52 per litre,drinks,spirit,2024-11-19
Cassario Vanilla Flavour Spirit Drink Made With Rum 70c,£14.99,£21.41 per litre,drinks,spirit,2024-11-19
Cassario Cherry Flavoured Spirit Drink Made With Rum 70,£14.99,£21.41 per litre,drinks,spirit,2024-11-19
Cassario Mango Spirit Drink Made With Rum 70cl,£14.99,£21.41 per litre,drinks,spirit,2024-11-19
Infusionist Rhubarb & Ginger Flavour Gin Liqueur 50cl,£7.99,£15.98 per litre,drinks,spirit,2024-11-19
Infusionist Raspberry Flavour Gin Liqueur 50cl,£7.99,£15.98 per litre,drinks,spirit,2024-11-19
Infusionist Mulled Fruits Flavour Gin Liqueur 50cl,£7.99,£15.98 per litre,drinks,spirit,2024-11-19
Infusionist Black Grape Flavour Vodka 70cl,£16.99,£24.27 per litre,drinks,spirit,2024-11-19
Infusionist Bramble Negroni Blackberry Flavoured Liqueu,£9.99,£19.98 per litre,drinks,spirit,2024-11-19
Infusionist Salted Caramel Espresso Martini Style Cockt,£9.99,£19.98 per litre,drinks,spirit,2024-11-19
Infusionist Smoked Pineapple Daiquiri Style Cocktail 50,£9.99,£19.98 per litre,drinks,spirit,2024-11-19
Bellucci Amaretto 70cl,£10.49,£14.99 per litre,drinks,spirit,2024-11-19
Greyson's Sicilian Lemon Flavoured Gin 70cl,£13.99,£19.99 per litre,drinks,spirit,2024-11-19
Greyson's Mediterranean Orange Flavoured Gin 70cl,£13.99,£19.99 per litre,drinks,spirit,2024-11-19
Greyson's Morello Cherry Flavoured Gin 70cl,£13.99,£19.99 per litre,drinks,spirit,2024-11-19
Ballycastle Chocolate Clementine Cream Liqueur 70cl,£7.49,£10.70 per litre,drinks,spirit,2024-11-19
Specially Selected Bellucci Amaretto Velvet 50cl,£7.99,£15.98 per litre,drinks,spirit,2024-11-19
The Infusionist Margarita Style Cocktail 125ml,£1.99,£15.92 per litre,drinks,spirit,2024-11-19
The Infusionist Espresso Martini Style Cocktail 125ml,£1.99,£15.92 per litre,drinks,spirit,2024-11-19
Stefanoff Vodka & Diet Cola 250ml,£0.99,£3.96 per litre,drinks,spirit,2024-11-19
Stefanoff Raspberry Crush Flavoured Vodka Mixed With Le,£0.99,£3.96 per litre,drinks,spirit,2024-11-19
Stefanoff Vodka & Cranberry 250ml,£0.99,£3.96 per litre,drinks,spirit,2024-11-19
Stefanoff Cosmo Flavour Cocktail 250ml,£0.99,£3.96 per litre,drinks,spirit,2024-11-19
Old Hopking Mojito Flavour Cocktail 250ml,£0.99,£3.96 per litre,drinks,spirit,2024-11-19
Samuel Joe's Premium Honey Flavoured Liqueur Expertly M,£15.99,£22.84 per litre,drinks,spirit,2024-11-19
Specially Selected Billionaire's Flavour Irish Cream Li,£8.99,£17.98 per litre,drinks,spirit,2024-11-19
Specially Selected Espresso Chocolate Flavour Irish Cre,£8.99,£17.98 per litre,drinks,spirit,2024-11-19
Saint Germont Premium French Vanilla Vodka 70cl,£16.99,£24.27 per litre,drinks,spirit,2024-11-19
Stefanoff Vodka Triple Distilled 70cl,£11.99,£17.13 per litre,drinks,spirit,2024-11-19
Specially Selected French Brandy Xo 70cl,£16.99,£24.27 per litre,drinks,spirit,2024-11-19
Stefanoff Triple Distilled Vodka 70cl,£11.99,£17.13 per litre,drinks,spirit,2024-11-19
Greyson's London Dry Gin 70cl,£11.99,£17.13 per litre,drinks,spirit,2024-11-19
Infusionist Honey Flavour Liqueur 70cl,£12.99,£18.56 per litre,drinks,spirit,2024-11-19
Infusionist Toffee Flavour Liqueur 70cl,£12.99,£18.56 per litre,drinks,spirit,2024-11-19
Infusionist Blood Orange Flavoured Liqueur 70cl,£12.99,£18.56 per litre,drinks,spirit,2024-11-19
Greyson's Pink Gin 70cl,£13.99,£19.99 per litre,drinks,spirit,2024-11-19
Greyson's London Dry Gin & Diet Tonic 250ml,£0.99,£3.96 per litre,drinks,spirit,2024-11-19
Toradh Handcrafted Rhubarb & Ginger Scottish Gin 70cl,£18.20,£26.00 per litre,drinks,spirit,2024-11-19
Toradh Handcrafted Premium Pink Scottish Gin 70cl,£18.20,£26.00 per litre,drinks,spirit,2024-11-19
Ballycastle Country Cream 70cl,£4.99,£7.13 per litre,drinks,spirit,2024-11-19
Ballycastle Classic Country Cream 70cl,£4.99,£7.13 per litre,drinks,spirit,2024-11-19
Bellucci Superiore Luxury Amaretto 50cl,£6.39,£12.78 per litre,drinks,spirit,2024-11-19
Gordon's London Dry Gin 37.5% Vol Bottle 0.700l,£14.99,£21.41 per litre,drinks,spirit,2024-11-19
Smirnoff No. 21 Vodka Red Label 37.5% Vol Bottle 70cl,£14.99,£21.41 per litre,drinks,spirit,2024-11-19
Au Vodka Blue Raspberry Soda Made With Vodka 330ml,£2.25,£6.82 per litre,drinks,spirit,2024-11-19
Au Vodka Black Grape Soda 330ml,£2.25,£6.82 per litre,drinks,spirit,2024-11-19
Au Vodka Pineapple Crush 330ml,£2.25,£6.82 per litre,drinks,spirit,2024-11-19
Au Vodka Cherryade 330ml,£2.25,£6.82 per litre,drinks,spirit,2024-11-19
Vk Mixed Pack A Selection Of Vodka Mix Drinks 10 X 275m,£7.99,£2.91 per litre,drinks,spirit,2024-11-19
KWL Blue Alcoholic Mixed Fruit Flavour Drink 70cl,£2.99,£4.27 per litre,drinks,spirit,2024-11-19
Haysmith's Rhubarb & Ginger Gin & Tonic Cracker 5cl/150,£3.99,£79.80 per litre,drinks,spirit,2024-11-19
Haysmith's Blood Orange Gin & Tonic Cracker 5cl/150ml,£3.99,£79.80 per litre,drinks,spirit,2024-11-19
Stefanoff Vodka Trio 3 X 5cl,£6.99,£46.60 per litre,drinks,spirit,2024-11-19
Glen Marnoch Single Malt Whisky Trio 3 X 5cl,£8.49,£56.60 per litre,drinks,spirit,2024-11-19
Haysmith's Gin Tasting Box 4x5cl,£11.99,£59.95 per litre,drinks,spirit,2024-11-19
Ballycastle Country Cream Selection 3x5cl,£5.99,£39.93 per litre,drinks,spirit,2024-11-19
Veuve Monsigny Champagne Brut 75cl,£14.99,£14.99 per 75cl,drinks,wine,2024-11-19
Dot To Dot Pink Moscato 75cl,£3.99,£3.99 per 75cl,drinks,wine,2024-11-19
Wikera Wines Australian Chardonnay 75cl,£4.99,£4.99 per 75cl,drinks,wine,2024-11-19
Another Day In Paradise Cabernet Sauvignon 75cl,£4.49,£4.49 per 75cl,drinks,wine,2024-11-19
Specially Selected English White Wine 75cl,£6.99,£6.99 per 75cl,drinks,wine,2024-11-19
Specially Selected Pedro Ximenez Sherry 37.5cl,£6.29,£12.58 per 75cl,drinks,wine,2024-11-19
Winemaster's Lot Classic Cuvee Brut 75cl,£17.99,£17.99 per 75cl,drinks,wine,2024-11-19
Nicolas De Montbart Champagne Brut 75cl,£13.99,£13.99 per 75cl,drinks,wine,2024-11-19
Estevez Chilean Merlot 75cl,£4.19,£4.19 per 75cl,drinks,wine,2024-11-19
Pierre Jaurant Sud De France Rosé 75cl,£6.29,£6.29 per 75cl,drinks,wine,2024-11-19
Costellore Proccini Rosé 75cl,£4.29,£4.29 per 75cl,drinks,wine,2024-11-19
Estevez Chilean Cabernet Sauvignon 75cl,£4.19,£4.19 per 75cl,drinks,wine,2024-11-19
Toro Loco Superior 75cl,£4.99,£4.99 per 75cl,drinks,wine,2024-11-19
Fletcher's Vinho Port Porto Fine Ruby 75cl,£7.79,£7.79 per 75cl,drinks,wine,2024-11-19
Animus Portugal 750ml,£4.99,£4.99 per 75cl,drinks,wine,2024-11-19
Grove Manor Perry Boxed Wine 3l,£6.69,£2.23 per litre,drinks,wine,2024-11-19
Caversham Pale Cream Sherry 75cl,£7.29,£7.29 per 75cl,drinks,wine,2024-11-19
Caversham Premium Cream Sherry 75cl,£7.29,£7.29 per 75cl,drinks,wine,2024-11-19
Castollore Organic Prosecco 75cl,£6.49,£6.49 per 75cl,drinks,wine,2024-11-19
Beachfront White Zinfandel 75cl,£3.99,£3.99 per 75cl,drinks,wine,2024-11-19
Specially Selected Argentinian Malbec 75cl,£6.29,£6.29 per 75cl,drinks,wine,2024-11-19
Chapter & Verse Australian Chardonnay 75cl,£5.19,£5.19 per 75cl,drinks,wine,2024-11-19
Chapter & Verse Shiraz 75cl,£5.19,£5.19 per 75cl,drinks,wine,2024-11-19
Chapter & Verse Cabernet Sauvignon 75cl,£5.19,£5.19 per 75cl,drinks,wine,2024-11-19
Beachfront White Grenache Rosé 75cl,£4.99,£4.99 per 75cl,drinks,wine,2024-11-19
Chapter & Verse Sauvignon Blanc Semillon 2023 75cl,£5.19,£5.19 per 75cl,drinks,wine,2024-11-19
Beachfront Pink Moscato Rosé 75cl,£4.99,£4.99 per 75cl,drinks,wine,2024-11-19
Specially Selected Estevez Chile Sauvignon Blanc Reserv,£7.25,£7.25 per 75cl,drinks,wine,2024-11-19
Freemans Bay Marlborough Sauvignon Blanc 75cl,£6.99,£6.99 per 75cl,drinks,wine,2024-11-19
Grapevine Pinot Grigio 75cl,£3.89,£3.89 per 75cl,drinks,wine,2024-11-19
Athlon Xinomavro Syrah 2022 75cl,£8.99,£8.99 per 75cl,drinks,wine,2024-11-19
Chapter And Verse Pinot Grigio 75cl,£5.19,£5.19 per 75cl,drinks,wine,2024-11-19
Chassaux Et Fils Atlantique Rosé 75cl,£6.99,£6.99 per 75cl,drinks,wine,2024-11-19
Catellore The Reprobates Reprobate Vino Rosso Italiano,£5.99,£5.99 per 75cl,drinks,wine,2024-11-19
Beachfront California Moscato 75cl,£4.99,£4.99 per 75cl,drinks,wine,2024-11-19
Specially Selected Primitivo Di Manduria 75cl,£8.69,£8.69 per 75cl,drinks,wine,2024-11-19
Der Komponist Grüner Veltliner 75cl,£6.99,£6.99 per 75cl,drinks,wine,2024-11-19
Blutengarten Blütengarten Riesling 75cl,£4.39,£4.39 per 75cl,drinks,wine,2024-11-19
Castellore Verdicchio 75cl,£5.99,£5.99 per 75cl,drinks,wine,2024-11-19
Grove Manor Summer Berries 75cl,£2.99,£2.99 per 75cl,drinks,wine,2024-11-19
Specially Selected Beaujolais 75cl,£7.19,£7.19 per 75cl,drinks,wine,2024-11-19
Estevez Chilean Malbec Reserva 75cl,£5.49,£5.49 per 75cl,drinks,wine,2024-11-19
Buenas Vides Jammy Argentina Red 75cl,£5.99,£5.99 per 75cl,drinks,wine,2024-11-19
Cambalala South African Cabernet Sauvignon 75cl,£4.75,£4.75 per 75cl,drinks,wine,2024-11-19
Castellore Nero D'avola 75cl,£4.99,£4.99 per 75cl,drinks,wine,2024-11-19
Specially Selected Margaret River Rosé 75cl,£3.21,£3.21 per 75cl,drinks,wine,2024-11-19
Freemans Bay New Zealand Pinot Gris 75cl,£7.99,£7.99 per 75cl,drinks,wine,2024-11-19
Freeman's Bay Marlborough Sauvignon Blanc 75cl,£7.69,£7.69 per 75cl,drinks,wine,2024-11-19
Baron St Jean Rosé Wine 75cl,£3.45,£3.45 per 75cl,drinks,wine,2024-11-19
Baron Amarillo Sauvignon Blanc 2.25l,£13.99,£4.66 per 75cl,drinks,wine,2024-11-19
Baron Amarillo Shiraz 2.25l,£13.49,£4.50 per 75cl,drinks,wine,2024-11-19
Baron St Jean White Wine 75cl,£3.45,£3.45 per 75cl,drinks,wine,2024-11-19
Grapevine Chardonnay 75cl,£3.99,£3.99 per 75cl,drinks,wine,2024-11-19
Grapevine Sauvignon Blanc 75cl,£3.69,£3.69 per 75cl,drinks,wine,2024-11-19
Grapevine Merlot 75cl,£3.99,£3.99 per 75cl,drinks,wine,2024-11-19
Grapevine Shiraz 75cl,£3.99,£3.99 per 75cl,drinks,wine,2024-11-19
Blütengarten Liebfraumilch 75cl,£3.65,£3.65 per 75cl,drinks,wine,2024-11-19
Freeman's Bay New Zealand Marlborough Sauvignon Blanc 7,£6.99,£6.99 per 75cl,drinks,wine,2024-11-19
Specially Selected Ventoux Rouge 75cl,£6.99,£6.99 per 75cl,drinks,wine,2024-11-19
Baron St Jean Red Wine 75cl,£3.45,£3.45 per 75cl,drinks,wine,2024-11-19
Castellore Provincia Di Pavia Pinot Grigio 75cl,£3.99,£3.99 per 75cl,drinks,wine,2024-11-19
Castellore Rubicone Indicazione Geografica Tipica Pinot,£3.99,£3.99 per 75cl,drinks,wine,2024-11-19
Kooliburra Pinot Grigio 18.7cl,£1.65,£6.62 per 75cl,drinks,wine,2024-11-19
Baron Amarillo Tempranillo 18.7cl,£1.65,£6.62 per 75cl,drinks,wine,2024-11-19
Kooliburra Merlot 75cl,£3.99,£3.99 per 75cl,drinks,wine,2024-11-19
Beachfront White Zinfandel 18.7cl,£1.65,£6.62 per 75cl,drinks,wine,2024-11-19
Castellore Pinot Grigio Rosato Delle Venezie Doc 75cl,£4.65,£4.65 per 75cl,drinks,wine,2024-11-19
Castellore Italian Pinot Grigio Delle Venezie 75cl,£4.99,£4.99 per 75cl,drinks,wine,2024-11-19
Cambalala Pinot Grigio 75cl,£5.79,£5.79 per 75cl,drinks,wine,2024-11-19
Costellore Prosecco Frizzante Doc 75cl,£5.49,£5.49 per 75cl,drinks,wine,2024-11-19
Cambalala Malbec 75cl,£5.79,£5.79 per 75cl,drinks,wine,2024-11-19
Grapevine Cabernet Sauvignon 75cl,£3.99,£3.99 per 75cl,drinks,wine,2024-11-19
Kooliburra Australian Shiraz Cabernet 75cl,£4.49,£4.49 per 75cl,drinks,wine,2024-11-19
Kooliburra Shiraz 75cl,£4.15,£4.15 per 75cl,drinks,wine,2024-11-19
Kooliburra Australian Sauvignon Semillon 75cl,£4.15,£4.15 per 75cl,drinks,wine,2024-11-19
Costellore Valdobbiadene Prosecco Superiore 75cl,£7.49,£7.49 per 75cl,drinks,wine,2024-11-19
Animus Vinho Verde 75cl,£4.99,£4.99 per 75cl,drinks,wine,2024-11-19
Castellore Pinot Grigio 75cl,£3.99,£3.99 per 75cl,drinks,wine,2024-11-19
Freemans Bay New Zealand Sauvignon Blanc 75cl,£6.49,£6.49 per 75cl,drinks,wine,2024-11-19
Castellore Primitivo Puglia Indicazione Geografica Tipi,£5.99,£5.99 per 75cl,drinks,wine,2024-11-19
Pierre Jaurant French Chardonnay 75cl,£4.85,£4.85 per 75cl,drinks,wine,2024-11-19
Pierre Jaurant Le Petit Poulet Rosé 75cl,£6.49,£6.49 per 75cl,drinks,wine,2024-11-19
Specially Selected Pinot Noir Rosé 75cl,£9.49,£9.49 per 75cl,drinks,wine,2024-11-19
Unearthed Les Montagnes Du Paradis 75cl,£9.49,£9.49 per 75cl,drinks,wine,2024-11-19
Pierre Jaurant French Pinot Noir 75cl,£4.85,£4.85 per 75cl,drinks,wine,2024-11-19
Costellore Organic Prosecco Rosé Doc 75cl,£7.99,£7.99 per 75cl,drinks,wine,2024-11-19
Pierre Jaurant French Sauvignon Blanc 75cl,£4.85,£4.85 per 75cl,drinks,wine,2024-11-19
Chassaux Et Fils Sainte Victoire Provence Rosé 75cl,£10.99,£10.99 per 75cl,drinks,wine,2024-11-19
Cambalala Viognier 75cl,£5.89,£5.89 per 75cl,drinks,wine,2024-11-19
Côtes De Provence Côtes De Gascogne Colombard Sauvignon,£7.99,£7.99 per 75cl,drinks,wine,2024-11-19
Côtes De Provence 75cl,£5.99,£5.99 per 75cl,drinks,wine,2024-11-19
Baron Amarillo Rioja Reserva 75cl,£5.99,£5.99 per 75cl,drinks,wine,2024-11-19
Filos Estate Greek Chardonnay 75cl,£9.99,£9.99 per 75cl,drinks,wine,2024-11-19
Costellore Proccini 75cl,£4.29,£4.29 per 75cl,drinks,wine,2024-11-19
Pierre Jaurant Bordeaux 75cl,£4.99,£4.99 per 75cl,drinks,wine,2024-11-19
Baron Amarillo Rioja 75cl,£4.69,£4.69 per 75cl,drinks,wine,2024-11-19
Specially Selected Chianti Riserva 75cl,£6.99,£6.99 per 75cl,drinks,wine,2024-11-19
Specially Selected Greek Nemea Red 75cl,£9.99,£9.99 per 75cl,drinks,wine,2024-11-19
Specially Selected Sancerre Rosé 75cl,£13.99,£13.99 per 75cl,drinks,wine,2024-11-19
Remivento Pinot Grigio Doc 75cl,£5.99,£5.99 per 75cl,drinks,wine,2024-11-19
Remivento Italian Pinot Grigio Blush 75cl,£4.99,£4.99 per 75cl,drinks,wine,2024-11-19
Baron Amarillo Rioja Blanco 75cl,£7.19,£7.19 per 75cl,drinks,wine,2024-11-19
Baron Amarillo Ribera Del Duero 75cl,£8.19,£8.19 per 75cl,drinks,wine,2024-11-19
Baron Amarillo Rioja Rosado 75cl,£7.49,£7.49 per 75cl,drinks,wine,2024-11-19
Animus Douro Reserva 75cl,£6.99,£6.99 per 75cl,drinks,wine,2024-11-19
Castollore Italian Fiano 75cl,£5.49,£5.49 per 75cl,drinks,wine,2024-11-19
Castollore Italian Pecorino 75cl,£5.99,£5.99 per 75cl,drinks,wine,2024-11-19
Unearthed Beira Interior 75cl,£8.49,£8.49 per 75cl,drinks,wine,2024-11-19
Pierre Jaurant French Malbec 75cl,£4.65,£4.65 per 75cl,drinks,wine,2024-11-19
Chassaux Et Fils Côtes Du Rhône 75cl,£5.19,£5.19 per 75cl,drinks,wine,2024-11-19
Beachfront Bourbon _X000d_<br/>Aged _X000d_<br/>Zinfand,£11.49,£11.49 per 75cl,drinks,wine,2024-11-19
Chassaux Et Fils Côtes Du Rhone Blanc 75cl,£6.69,£6.69 per 75cl,drinks,wine,2024-11-19
Pierre Jaurant French Syrah 75cl,£5.25,£5.25 per 75cl,drinks,wine,2024-11-19
Chassaux Et Fils Cahors Malbec 75cl,£6.69,£6.69 per 75cl,drinks,wine,2024-11-19
Voignier French Viognier 75cl,£5.99,£5.99 per 75cl,drinks,wine,2024-11-19
Specially Selected Cairanne 75cl,£8.49,£8.49 per 75cl,drinks,wine,2024-11-19
Kooliburra The Reprobates Red Wine 1.5l,£12.99,£6.50 per 75cl,drinks,wine,2024-11-19
Buenas Vides Argentinian Cabernet Sauvignon 75cl,£7.49,£7.49 per 75cl,drinks,wine,2024-11-19
Mimo Moutinho Alentejo Rosé 75cl,£6.99,£6.99 per 75cl,drinks,wine,2024-11-19
Freeman's Bay New Zealand Chardonnay 75cl,£8.19,£8.19 per 75cl,drinks,wine,2024-11-19
Specially Selected Crémant Du Jura 75cl,£10.99,£10.99 per 75cl,drinks,wine,2024-11-19
Freeman's Bay New Zealand Rosé 75cl,£7.99,£7.99 per 75cl,drinks,wine,2024-11-19
Chassaux Et Fils Caladoc Rosé 75cl,£9.99,£9.99 per 75cl,drinks,wine,2024-11-19
Kooliburra The Reprobates Chardonnay 75cl,£7.19,£7.19 per 75cl,drinks,wine,2024-11-19
Cambalala South African Merlot 75cl,£4.99,£4.99 per 75cl,drinks,wine,2024-11-19
Castellore Zerozecco Sparkling White 75cl,£2.99,£2.99 per 75cl,drinks,wine,2024-11-19
Castellore Zerozecco Sparkling Rosé 75cl,£2.99,£2.99 per 75cl,drinks,wine,2024-11-19
Cambalala Sauvignon Blanc Rosé 75cl,£5.99,£5.99 per 75cl,drinks,wine,2024-11-19
Specially Selected Organic Cava 75cl,£7.69,£7.69 per 75cl,drinks,wine,2024-11-19
Beachfront Californian Red 75cl,£8.99,£8.99 per 75cl,drinks,wine,2024-11-19
Fletchers Ruby Reserve Port 75cl,£9.25,£9.25 per 75cl,drinks,wine,2024-11-19
La Bouteille Divine Pinot Noir 750ml,£4.99,£4.99 per 75cl,drinks,wine,2024-11-19
Le Chemin Caché Malbec Syrah 750ml,£5.99,£5.99 per 75cl,drinks,wine,2024-11-19
The Retreat Sauvignon Blanc 75cl,£7.99,£7.99 per 75cl,drinks,wine,2024-11-19
Cambalala South African Shiraz 75cl,£3.99,£3.99 per 75cl,drinks,wine,2024-11-19
The Big Picture California White Zinfandel 75cl,£4.99,£4.99 per 75cl,drinks,wine,2024-11-19
The Winemaker Chardonnay 75cl,£5.99,£5.99 per 75cl,drinks,wine,2024-11-19
Picture Perfect California White Zinfandel 75cl,£4.99,£4.99 per 75cl,drinks,wine,2024-11-19
Beachfront Californian Shiraz 75cl,£6.29,£6.29 per 75cl,drinks,wine,2024-11-19
Mulled Wine 75cl,£2.39,£2.39 per 75cl,drinks,wine,2024-11-19
Gingerbread Flavour Mulled Wine 75cl,£3.79,£3.79 per 75cl,drinks,wine,2024-11-19
Cranberry & Clementine Flavour Mulled Wine 75cl,£3.79,£3.79 per 75cl,drinks,wine,2024-11-19
Belletti Buck's Fizz 75cl,£2.15,£2.15 per 75cl,drinks,wine,2024-11-19
Cambalala Pinot Grigio Blush 75cl,£5.99,£5.99 per 75cl,drinks,wine,2024-11-19
Cambalala South African Sauvignon Blanc 75cl,£4.79,£4.79 per 75cl,drinks,wine,2024-11-19
Glühwein 1l,£5.99,£4.49 per 75cl,drinks,wine,2024-11-19
Kooliburra The Reprobates 75cl,£4.99,£4.99 per 75cl,drinks,wine,2024-11-19
Nicolas De Montbart Champagne 75cl,£13.99,£13.99 per 75cl,drinks,wine,2024-11-19
Australian Chardonnay 75cl,£5.99,£5.99 per 75cl,drinks,wine,2024-11-19
Grove Manor Rosé Wine 75cl,£3.39,£3.39 per 75cl,drinks,wine,2024-11-19
Kooliburra Sauvignon Blanc 75cl,£4.99,£4.99 per 75cl,drinks,wine,2024-11-19
Specially Selected Vouvray 75cl,£7.49,£7.49 per 75cl,drinks,wine,2024-11-19
Kooliburra Australian Grenache 75cl,£8.99,£8.99 per 75cl,drinks,wine,2024-11-19
Cambalala South African Chenin Blanc 75cl,£3.99,£3.99 per 75cl,drinks,wine,2024-11-19
Specially Selected Marlborough Sauvignon Blanc 75cl,£9.69,£9.69 per 75cl,drinks,wine,2024-11-19
Buenas Vides Organic Argentinian Malbec 75cl,£7.49,£7.49 per 75cl,drinks,wine,2024-11-19
Fletchers 10 Year Old Tawny Port 75cl,£13.99,£13.99 per 75cl,drinks,wine,2024-11-19
Veuve Monsigny Champagne Premier Cru Brut 75cl,£21.99,£21.99 per 75cl,drinks,wine,2024-11-19
Mimo Moutinho Portuguito 75cl,£5.99,£5.99 per 75cl,drinks,wine,2024-11-19
Baron Amarillo Cream Sherry 75cl,£7.29,£7.29 per 75cl,drinks,wine,2024-11-19
Baron Amarillo Pale Cream Sherry 75cl,£7.29,£7.29 per 75cl,drinks,wine,2024-11-19
Bowler And Brolly English Sparkling Wine 75cl,£19.99,£19.99 per 75cl,drinks,wine,2024-11-19
Specially Selected Barolo 75cl,£18.99,£18.99 per 75cl,drinks,wine,2024-11-19
Specially Selected Amarone 75cl,£16.99,£16.99 per 75cl,drinks,wine,2024-11-19
Specially Selected Rioja Reserva 1.5l,£14.99,£7.50 per 75cl,drinks,wine,2024-11-19
Chilean Cabernet Sauvignon 75cl,£5.99,£5.99 per 75cl,drinks,wine,2024-11-19
Specially Selected Sparkling Shiraz 75cl,£7.49,£7.49 per 75cl,drinks,wine,2024-11-19
Kooliburra The Reprobates Sparkling White 75cl,£8.99,£8.99 per 75cl,drinks,wine,2024-11-19
0.0% Mulled Zero Wine 75cl,£1.89,£1.89 per 75cl,drinks,wine,2024-11-19
Belletti Blood Orange & Pomegranate Flavour Buck's Fizz,£3.29,£3.29 per 75cl,drinks,wine,2024-11-19
Belletti Spiced Apple Flavour Buck's Fizz 75cl,£3.29,£3.29 per 75cl,drinks,wine,2024-11-19
Fletchers Tawny Port 20cl,£4.99,£18.71 per 75cl,drinks,wine,2024-11-19
Fletchers Lbv Port 75cl,£11.99,£11.99 per 75cl,drinks,wine,2024-11-19
Cambalala 0% Chardonnay Wine 75cl,£2.99,£2.99 per 75cl,drinks,wine,2024-11-19
Cambalala 0% Shiraz Wine 75cl,£2.99,£2.99 per 75cl,drinks,wine,2024-11-19
Duca Dei Veli Amarone Della Valpolicella 75cl,£19.99,£19.99 per 75cl,drinks,wine,2024-11-19
Specially Selected Sancerre 75cl,£14.49,£14.49 per 75cl,drinks,wine,2024-11-19
Specially Selected Chablis Premier Cru 75cl,£18.99,£18.99 per 75cl,drinks,wine,2024-11-19
Specially Selected Pouilly-fumé 75cl,£13.99,£13.99 per 75cl,drinks,wine,2024-11-19
Church's Ginger Wine 70cl,£3.99,£4.27 per 75cl,drinks,wine,2024-11-19
Cantoris Italian Pinot Grigio 75cl,£7.99,£7.99 per 75cl,drinks,wine,2024-11-19
Castellore Italian Pinot Grigio 75cl,£3.99,£3.99 per 75cl,drinks,wine,2024-11-19
Belletti Sparkling Perry 75cl,£1.99,£1.99 per 75cl,drinks,wine,2024-11-19
Baron Amarillo Choco Loco Wine 75cl,£8.99,£8.99 per 75cl,drinks,wine,2024-11-19
Lanchester Wine Cellars Australian Shiraz 75cl,£4.99,£4.99 per 75cl,drinks,wine,2024-11-19
Animus Douro 75cl,£6.49,£6.49 per 75cl,drinks,wine,2024-11-19
Kooliburra South Eastern Australia Sauvignon Semillon 7,£4.15,£4.15 per 75cl,drinks,wine,2024-11-19
Kooliburra Jammy Red Shiraz 75cl,£5.99,£5.99 per 75cl,drinks,wine,2024-11-19
Estevez D.O. Valle Central Chardonnay Chile 75cl,£4.29,£4.29 per 75cl,drinks,wine,2024-11-19
Costellore Prosecco 75cl,£5.49,£5.49 per 75cl,drinks,wine,2024-11-19
Specially Selected Clare Valley Riesling 75cl,£8.49,£8.49 per 75cl,drinks,wine,2024-11-19
Castellore Pinot Grigio Sauvignon Blanc Terre Siciliane,£5.79,£5.79 per 75cl,drinks,wine,2024-11-19
Contevedo Cava Brut 75cl,£5.79,£5.79 per 75cl,drinks,wine,2024-11-19
Castellore Pinot Grigio Delle Venezie Doc 75cl,£4.99,£4.99 per 75cl,drinks,wine,2024-11-19
Costellore Prosecco Mini 20cl,£2.29,£8.59 per 75cl,drinks,wine,2024-11-19
Estevez Chile D.O. Valle Central Sauvignon Blanc 75cl,£4.19,£4.19 per 75cl,drinks,wine,2024-11-19
Specially Selected Coteaux Varois En Provence Rose 75cl,£7.29,£7.29 per 75cl,drinks,wine,2024-11-19
Contevedo Cava Rosado 75cl,£5.29,£5.29 per 75cl,drinks,wine,2024-11-19
Castellore Organic Pinot Grigio 75cl,£6.29,£6.29 per 75cl,drinks,wine,2024-11-19
Pierre Jaurant Sauvignon Blanc 75cl,£4.85,£4.85 per 75cl,drinks,wine,2024-11-19
Cromwell Cream Fortified British Wine 1l,£6.25,£4.68 per 75cl,drinks,wine,2024-11-19
Asti D.O.C.G. Vino Spumante 75cl,£4.49,£4.49 per 75cl,drinks,wine,2024-11-19
Estevez Malbec 75cl,£5.55,£5.55 per 75cl,drinks,wine,2024-11-19
Castellore Chianti 75cl,£5.39,£5.39 per 75cl,drinks,wine,2024-11-19
Costellore Prosecco Spumante Doc 75cl,£5.45,£5.45 per 75cl,drinks,wine,2024-11-19
Costellore Prosecco Rosé 75cl,£6.49,£6.49 per 75cl,drinks,wine,2024-11-19
Kooliburra Australian Merlot 75cl,£5.99,£5.99 per 75cl,drinks,wine,2024-11-19
Beachfront Pinot Grigio Rosé 750ml,£6.29,£6.29 per 75cl,drinks,wine,2024-11-19
Specially Selected Temps Du Rosé 75cl,£3.21,£3.21 per 75cl,drinks,wine,2024-11-19
Specially Selected Australian Chardonnay And Grüner Vel,£7.19,£7.19 per 75cl,drinks,wine,2024-11-19
Grove Manor Fruity Rosé 75cl,£2.99,£2.99 per 75cl,drinks,wine,2024-11-19
Estevez Chilean Pinot Grigio 75cl,£3.99,£3.99 per 75cl,drinks,wine,2024-11-19
Specially Selected Gavi 75cl,£7.49,£7.49 per 75cl,drinks,wine,2024-11-19
Beachfront California Cabernet Sauvignon 75cl,£4.49,£4.49 per 75cl,drinks,wine,2024-11-19
Specially Selected Côtes De Thau Rosé 75cl,£3.21,£3.21 per 75cl,drinks,wine,2024-11-19
Specially Selected Cawkscrew Swartland Blend 75cl,£5.99,£5.99 per 75cl,drinks,wine,2024-11-19
Beachfront Californian Chardonnay 75cl,£5.79,£5.79 per 75cl,drinks,wine,2024-11-19
Costellore Zerozecco 75cl,£2.99,£2.99 per 75cl,drinks,wine,2024-11-19
Specially Selected Toscana Rosso 75cl,£7.69,£7.69 per 75cl,drinks,wine,2024-11-19
Specially Selected Austrian Riesling 75cl,£3.21,£3.21 per 75cl,drinks,wine,2024-11-19
Specially Selected The Reprobates 75cl,£7.19,£7.19 per 75cl,drinks,wine,2024-11-19
Guerra Del Vino Chilean Merlot 75cl,£3.21,£3.21 per 75cl,drinks,wine,2024-11-19
Kooliburra South Eastern Australia Chardonnay 75cl,£4.15,£4.15 per 75cl,drinks,wine,2024-11-19
Beachfront Pinot Grigio 75cl,£6.29,£6.29 per 75cl,drinks,wine,2024-11-19
Specially Selected Châteauneuf Du Pape 75cl,£16.99,£16.99 per 75cl,drinks,wine,2024-11-19
Kooliburra Shiraz Cabernet 75cl,£4.49,£4.49 per 75cl,drinks,wine,2024-11-19
Specially Selected White Cuvée Wine 75cl,£10.99,£10.99 per 75cl,drinks,wine,2024-11-19
Fletcher's Ruby Reserve Porto 75cl,£7.49,£7.49 per 75cl,drinks,wine,2024-11-19
Kooliburra Australian Shiraz 75cl,£4.15,£4.15 per 75cl,drinks,wine,2024-11-19
Costellore Prosecco Doc Rosé 75cl,£8.19,£8.19 per 75cl,drinks,wine,2024-11-19
Buenas Vides Argentinian Malbec 75cl,£4.59,£4.59 per 75cl,drinks,wine,2024-11-19
Grapevine Malbec 75cl,£4.15,£4.15 per 75cl,drinks,wine,2024-11-19
Costellore Prosecco Doc 75cl,£8.19,£8.19 per 75cl,drinks,wine,2024-11-19
Specially Selected Bowler & Brolly English Sparkling Wi,£14.49,£14.49 per 75cl,drinks,wine,2024-11-19
Chapter & Verse Merlot 75cl,£5.19,£5.19 per 75cl,drinks,wine,2024-11-19
Specially Selected Margaret River Sauvignon Blanc 75cl,£3.21,£3.21 per 75cl,drinks,wine,2024-11-19
Ivanto Rioja 75cl,£3.21,£3.21 per 75cl,drinks,wine,2024-11-19
Beachfront Merlot 75cl,£5.79,£5.79 per 75cl,drinks,wine,2024-11-19
Cambalala Sauvignon Blanc 75cl,£4.99,£4.99 per 75cl,drinks,wine,2024-11-19
Mount Ridge New Zealand Sauvignon Blanc 75cl,£6.99,£6.99 per 75cl,drinks,wine,2024-11-19
Specially Selected Valpolicella Ripasso Superiore 75cl,£7.99,£7.99 per 75cl,drinks,wine,2024-11-19
Specially Selected L'étoile Rosé 75cl,£8.99,£8.99 per 75cl,drinks,wine,2024-11-19
Baron Amarillo Rías Baixas Albariño 75cl,£8.99,£8.99 per 75cl,drinks,wine,2024-11-19
Specially Selected Salice Salentino Riserva 75cl,£7.69,£7.69 per 75cl,drinks,wine,2024-11-19
Specially Selected Italian Aglianico Del Vulture 75cl,£8.49,£8.49 per 75cl,drinks,wine,2024-11-19
Specially Selected Sous Les Mers_X000d_ 75cl,£9.99,£9.99 per 75cl,drinks,wine,2024-11-19
Specially Selected Vive Le Rosé 75cl,£8.99,£8.99 per 75cl,drinks,wine,2024-11-19
Specially Selected Prosecco Rosé 75cl,£7.99,£7.99 per 75cl,drinks,wine,2024-11-19
Specially Selected Fleurie 75cl,£9.49,£9.49 per 75cl,drinks,wine,2024-11-19
Specially Selected Mâcon-villages 75cl,£8.69,£8.69 per 75cl,drinks,wine,2024-11-19
Specially Selected Costières De Nîmes 75cl,£5.79,£5.79 per 75cl,drinks,wine,2024-11-19
Specially Selected Muscadet Sèvre Et Maine Sur Lie 75cl,£7.69,£7.69 per 75cl,drinks,wine,2024-11-19
Specially Selected Australian Merlot 75cl,£8.49,£8.49 per 75cl,drinks,wine,2024-11-19
Specially Selected Australian Semillon 75cl,£8.99,£8.99 per 75cl,drinks,wine,2024-11-19
Specially Selected Côtes De Provence Rosé 75cl,£8.49,£8.49 per 75cl,drinks,wine,2024-11-19
Specially Selected Blanquette De Limoux 75cl,£9.49,£9.49 per 75cl,drinks,wine,2024-11-19
Specially Selected Australian Zweigelt Shiraz 75cl,£9.99,£9.99 per 75cl,drinks,wine,2024-11-19
Specially Selected Crémant De Loire 75cl,£8.99,£8.99 per 75cl,drinks,wine,2024-11-19
Specially Selected Australian Pinot Noir 75cl,£7.69,£7.69 per 75cl,drinks,wine,2024-11-19
Specially Selected Peaches & Cream Chardonnay 75cl,£7.99,£7.99 per 75cl,drinks,wine,2024-11-19
Specially Selected Crémant D'alsace Rosé 75cl,£9.49,£9.49 per 75cl,drinks,wine,2024-11-19
Specially Selected Australian Pinot Grigio 75cl,£4.99,£4.99 per 75cl,drinks,wine,2024-11-19
Specially Selected Australian Shiraz 75cl,£6.99,£6.99 per 75cl,drinks,wine,2024-11-19
Specially Selected Strawberries & Cream Rosé 75cl,£7.99,£7.99 per 75cl,drinks,wine,2024-11-19
Baron Amarillo Rioja Gran Reserva 75cl,£9.99,£9.99 per 75cl,drinks,wine,2024-11-19
Specially Selected Sauternes 37.5cl,£9.99,£19.98 per 75cl,drinks,wine,2024-11-19
"Costellore Rosé Prosecco & Luxury Candle 1x20cl, 1x140g",£6.99,£26.21 per 75cl,drinks,wine,2024-11-19
