Name,Price,Price per Unit,Category,Subcategory,Date
ASDA Sweet & Plump Raspberries,£2.00,(£13.33/kg),fresh_food,fruits,2024-11-19
ASDA Sweet & Juicy Rainbow Fruit Platter,£3.50,(£8.33/kg),fresh_food,fruits,2024-11-19
ASDA 6 Sweet & Creamy Bananas,£0.94,(15.7p/each),fresh_food,fruits,2024-11-19
JUST ESSENTIALS by ASDA Pears (Colour and Variety may vary),£0.99,(£1.98/kg),fresh_food,fruits,2024-11-19
JUST ESSENTIALS by ASDA Raspberries,£1.79,(£11.93/kg),fresh_food,fruits,2024-11-19
ASDA Tangy & Tropical Pineapple (Ripe & Ready To Eat),£0.99,(99.0p/each),fresh_food,fruits,2024-11-19
JUST ESSENTIALS by ASDA Kiwis,£1.19,(19.8p/each),fresh_food,fruits,2024-11-19
ASDA Sweet & Crunchy Pomegranate Seeds,£1.09,(£13.62/kg),fresh_food,fruits,2024-11-19
JUST ESSENTIALS by ASDA Lemons,£0.69,(17.2p/each),fresh_food,fruits,2024-11-19
ASDA Garden Gang Amazing Apples (Colour may vary),£1.09,(18.2p/each),fresh_food,fruits,2024-11-19
ASDA Tangy & Juicy Sweetclems,£0.99,(£1.65/kg),fresh_food,fruits,2024-11-19
ASDA Garden Gang Super Easy Peelers,£0.89,(£1.78/kg),fresh_food,fruits,2024-11-19
ASDA Crisp & Juicy Watermelon Slices,£0.50,(£5.26/kg),fresh_food,fruits,2024-11-19
ASDA Tart & Sweet Plums,£1.29,(£3.23/kg),fresh_food,fruits,2024-11-19
ASDA Soft & Sweet Kiwi Fruit,£1.39,(34.8p/each),fresh_food,fruits,2024-11-19
ASDA Zingy & Crisp Braeburn Apples,£0.99,(16.5p/each),fresh_food,fruits,2024-11-19
JUST ESSENTIALS by ASDA 4 Avocados,£1.29,(32.2p/each),fresh_food,fruits,2024-11-19
ASDA Sweet & Bursting Blueberries 300g,£3.00,(£10.00/kg),fresh_food,fruits,2024-11-19
ASDA Tart & Juicy Granny Smith Apples,£1.59,(26.5p/each),fresh_food,fruits,2024-11-19
ASDA Juicy & Sweet Pineapple Fingers,£1.50,(£7.50/kg),fresh_food,fruits,2024-11-19
Pink Lady Apples,£2.70,(45.0p/each),fresh_food,fruits,2024-11-19
ASDA Ready to Eat Tropical & Sweet Large Mango (Typically 350g),£0.95,(95.0p/each),fresh_food,fruits,2024-11-19
ASDA Sweet & Refreshing Honeydew Melon,£1.89,(£1.89/each),fresh_food,fruits,2024-11-19
ASDA Juicy & Sweet Mango Fingers,£1.55,(£11.07/kg),fresh_food,fruits,2024-11-19
ASDA Delicate & Smooth Papaya (Typically 350g),£1.89,(£1.89/each),fresh_food,fruits,2024-11-19
ASDA Sweet & Juicy Royal Gala Apples,£1.59,(26.5p/each),fresh_food,fruits,2024-11-19
ASDA Creamy & Nutty Avocados,£1.60,(80.0p/each),fresh_food,fruits,2024-11-19
ASDA Sweet & Juicy Medium Oranges,£0.99,(19.8p/each),fresh_food,fruits,2024-11-19
ASDA Sweet & Delicate Conference Pears,£1.99,(49.8p/each),fresh_food,fruits,2024-11-19
JUST ESSENTIALS by ASDA Apples (Colour and Variety may vary),£1.09,(£2.18/kg),fresh_food,fruits,2024-11-19
ASDA Succulent & Juicy Mixed Berries 200g,£2.75,(£13.75/kg),fresh_food,fruits,2024-11-19
ASDA Loose Lemon,£0.30,(30.0p/each),fresh_food,fruits,2024-11-19
ASDA Ripe & Sweet Strawberries,£2.29,(£10.09/kg),fresh_food,fruits,2024-11-19
ASDA Banana Chips 75g,£0.90,(£1.20/100g),fresh_food,fruits,2024-11-19
ASDA Tangy & Fragrant Tangerines 600g,£1.29,(£2.15/kg),fresh_food,fruits,2024-11-19
ASDA Sweet & Juicy Melon Slices,£2.00,(£5.00/kg),fresh_food,fruits,2024-11-19
ASDA Organic Blueberries,£2.00,(£16.00/kg),fresh_food,fruits,2024-11-19
JUST ESSENTIALS by ASDA Plums,£1.19,(£2.98/kg),fresh_food,fruits,2024-11-19
ASDA Loose Red Grapefruit,£0.55,(55.0p/each),fresh_food,fruits,2024-11-19
ASDA Tangy & Zesty Lemons,£0.79,(19.8p/each),fresh_food,fruits,2024-11-19
ASDA Garden Gang 7 Brilliant Bananas,£0.88,(12.6p/each),fresh_food,fruits,2024-11-19
ASDA Extra Special 4 Hand Picked Golden Kiwi,£2.40,(60.0p/each),fresh_food,fruits,2024-11-19
ASDA Apricots 200g,£1.50,(75.0p/100g),fresh_food,fruits,2024-11-19
ASDA Pomegranate,£1.00,(£1.00/each),fresh_food,fruits,2024-11-19
ASDA Sweet & Delicate Pears (Colour and Variety may vary),£2.29,(£1.91/kg),fresh_food,fruits,2024-11-19
ASDA Sweet & Juicy Blackberries,£2.00,(£13.33/kg),fresh_food,fruits,2024-11-19
Love Me Tender Dragon Fruit,£3.00,(£3.00/each),fresh_food,fruits,2024-11-19
Pink Lady Apples,£2.20,(55.0p/each),fresh_food,fruits,2024-11-19
ASDA Crisp & Juicy Watermelon Fans,£1.50,(£5.00/kg),fresh_food,fruits,2024-11-19
ASDA Crisp & Juicy Apple Slices & Grapes,£0.50,(£6.25/kg),fresh_food,fruits,2024-11-19
ASDA Galia Melon,£2.00,(£2.00/each),fresh_food,fruits,2024-11-19
JUST ESSENTIALS by ASDA Oranges,£0.99,(19.8p/each),fresh_food,fruits,2024-11-19
ASDA Tropical & Sweet Mangoes (Each Mango Typically 300g),£1.80,(90.0p/each),fresh_food,fruits,2024-11-19
ASDA Smooth & Sweet Peaches,£2.50,(62.5p/each),fresh_food,fruits,2024-11-19
ASDA Crisp & Juicy Watermelon Chunks,£1.95,(£7.80/kg),fresh_food,fruits,2024-11-19
ASDA Cranberries 100g,£1.00,(£1.00/100g),fresh_food,fruits,2024-11-19
ASDA Pineapple Lolly,£0.50,(£6.25/kg),fresh_food,fruits,2024-11-19
ASDA Dates 200g,£1.50,(£7.50/kg),fresh_food,fruits,2024-11-19
ASDA Coconut Chunks,£1.00,(£12.50/kg),fresh_food,fruits,2024-11-19
Love Me Tender Pomelo,£2.00,(£2.00/each),fresh_food,fruits,2024-11-19
ASDA Grapes,£0.50,(£6.25/kg),fresh_food,fruits,2024-11-19
ASDA Extra Special ClemenGold Easy Peelers,£1.79,(£2.98/kg),fresh_food,fruits,2024-11-19
ASDA Apricots 200g,£1.50,(75.0p/100g),fresh_food,fruits,2024-11-19
ASDA 4 Juicy & Sweet Nectarines,£2.50,(62.5p/each),fresh_food,fruits,2024-11-19
ASDA Sweet & Crunchy Pomegranate Seeds,£2.00,(£10.00/kg),fresh_food,fruits,2024-11-19
JUST ESSENTIALS by ASDA Oranges,£0.99,(19.8p/each),fresh_food,fruits,2024-11-19
ASDA Smooth & Sweet Peaches,£2.50,(62.5p/each),fresh_food,fruits,2024-11-19
ASDA 3 Smooth & Sweet Peaches,£2.50,(83.3p/each),fresh_food,fruits,2024-11-19
ASDA Sweet & Juicy Berry Medley,£2.29,(£10.41/kg),fresh_food,fruits,2024-11-19
ASDA Crisp & Juicy Apple Slices & Grapes,£0.50,(£6.25/kg),fresh_food,fruits,2024-11-19
ASDA Zingy & Zesty Limes,£0.95,(23.8p/each),fresh_food,fruits,2024-11-19
ASDA Figs 200g,£1.60,(80.0p/100g),fresh_food,fruits,2024-11-19
ASDA Juicy & Sweet Mango Chunks,£2.59,(£9.42/kg),fresh_food,fruits,2024-11-19
ASDA British Crisp & Juicy Apples (Colour and Variety may vary),£2.50,(£2.08/kg),fresh_food,fruits,2024-11-19
ASDA Ripe & Sweet Strawberries 400g,£3.69,(£9.22/kg),fresh_food,fruits,2024-11-19
ASDA 3 Juicy & Sweet Nectarines,£2.50,(83.3p/each),fresh_food,fruits,2024-11-19
ASDA Crisp & Juicy Watermelon Fingers,£3.50,(£7.00/kg),fresh_food,fruits,2024-11-19
ASDA Juicy & Refreshing Melon Fingers 450g,£3.29,(£7.31/kg),fresh_food,fruits,2024-11-19
ASDA Cranberries 100g,£1.00,(£1.00/100g),fresh_food,fruits,2024-11-19
ASDA Mango Melon & Pineapple Mini Platter,£2.00,(£8.33/kg),fresh_food,fruits,2024-11-19
ASDA 3 Raisin Mix 200g,£1.20,(60.0p/100g),fresh_food,fruits,2024-11-19
ASDA Extra Special OrangeGold 4 Oranges,£2.20,(55.0p/each),fresh_food,fruits,2024-11-19
"ASDA Fruit, Nut & Seed Mix 200g",£1.00,(50.0p/100g),fresh_food,fruits,2024-11-19
ASDA Organic Kiwi Fruit,£1.80,(45.0p/each),fresh_food,fruits,2024-11-19
ASDA 3 Large Unwaxed Lemons,£1.20,(40.0p/each),fresh_food,fruits,2024-11-19
"ASDA Sweet & Tangy Kiwi, Melon & Strawberry 220g",£2.00,(£9.09/kg),fresh_food,fruits,2024-11-19
ASDA Trail Mix 200g,£1.00,(50.0p/100g),fresh_food,fruits,2024-11-19
ASDA Mild & Crisp Apple Grapes & Cheese,£1.50,(£10.00/kg),fresh_food,fruits,2024-11-19
ASDA Juicy & Sweet Pineapple Chunks,£2.19,(£5.47/kg),fresh_food,fruits,2024-11-19
ASDA Extra Special Medjoul Dates,£4.75,(£9.50/kg),fresh_food,fruits,2024-11-19
ASDA 4 Sweet & Juicy Large Oranges,£2.10,(52.5p/each),fresh_food,fruits,2024-11-19
"ASDA Almonds, Walnuts, Cashews & Hazelnuts Nut Selection 200g",£2.00,(£1.00/100g),fresh_food,fruits,2024-11-19
Zenia Deglet Nour Dates,£1.50,(£7.50/kg),fresh_food,fruits,2024-11-19
"ASDA Juicy & Crisp Mango, Watermelon & Blueberries 220g",£2.00,(£9.09/kg),fresh_food,fruits,2024-11-19
ASDA Refreshing & Crunchy Coconut,£0.90,(90.0p/each),fresh_food,fruits,2024-11-19
ASDA Dried Mango 75g,£1.60,(£2.13/100g),fresh_food,fruits,2024-11-19
ASDA Grower's Selection Persimmon,£1.29,(43.0p/each),fresh_food,fruits,2024-11-19
ASDA Prunes 200g,£1.60,(80.0p/100g),fresh_food,fruits,2024-11-19
ASDA Organic Ripe Avocado,£1.30,(£1.30/each),fresh_food,fruits,2024-11-19
ASDA Sweet & Juicy Fruit Platter 850g,£4.00,(£4.71/kg),fresh_food,fruits,2024-11-19
ASDA Giant Mango (Typically 600g),£1.69,(£1.69/each),fresh_food,fruits,2024-11-19
ASDA Sweet & Juicy Melon Medley,£2.69,(£7.08/kg),fresh_food,fruits,2024-11-19
ASDA Goji Berries 100g,£1.60,(£1.60/100g),fresh_food,fruits,2024-11-19
ASDA Cashew & Cranberry Mix 250g,£2.00,(80.0p/100g),fresh_food,fruits,2024-11-19
ASDA Extra Special Sable Seedless Grapes 400g,£2.50,(£6.25/kg),fresh_food,fruits,2024-11-19
"ASDA Sweet & Juicy Strawberry, Apple & Grapes 130g",£1.30,(£10.00/kg),fresh_food,fruits,2024-11-19
ASDA Extra Special Strawberries 227g,£3.00,(£13.22/kg),fresh_food,fruits,2024-11-19
ASDA Sweet & Tart Grapefruits,£1.50,(50.0p/each),fresh_food,fruits,2024-11-19
ASDA Fruit & Seed Mix 150g,£1.00,(66.7p/100g),fresh_food,fruits,2024-11-19
ASDA Sweet & Juicy Summer Fruit Bowl 450g,£3.29,(£7.31/kg),fresh_food,fruits,2024-11-19
"ASDA Sweet & Crisp Pineapple, Grapes & Apple 225g",£1.59,(£7.07/kg),fresh_food,fruits,2024-11-19
ASDA Juicy & Sweet Mango & Berries 220g,£2.50,(£11.36/kg),fresh_food,fruits,2024-11-19
"ASDA Raisins, Berries & Cherries 250g",£2.00,(80.0p/100g),fresh_food,fruits,2024-11-19
ASDA Cashew & Raisin Mix 250g,£2.00,(80.0p/100g),fresh_food,fruits,2024-11-19
ASDA Cranberry & Macadamia Mix 200g,£2.00,(£1.00/100g),fresh_food,fruits,2024-11-19
ASDA Organic 5 Fairtrade Bananas,£1.35,(27.0p/each),fresh_food,fruits,2024-11-19
ASDA Apple Slices & Grapes Stock Up Bundle,£1.20,null,fresh_food,fruits,2024-11-19
ASDA Organic Raspberries,£3.00,(£24.00/kg),fresh_food,fruits,2024-11-19
ASDA Strawberries Stock up Bundle,£7.38,null,fresh_food,fruits,2024-11-19
ASDA Organic Apples,£2.30,(38.3p/each),fresh_food,fruits,2024-11-19
ASDA Sweet & Juicy Lychees 200g,£1.75,(£8.75/kg),fresh_food,fruits,2024-11-19
ASDA Apple Slices Stock Up Bundle,£1.20,null,fresh_food,fruits,2024-11-19
ASDA Avocados Stock Up Bundle,£4.80,null,fresh_food,fruits,2024-11-19
JUST ESSENTIALS by ASDA Plums Stock Up Bundle,£4.76,null,fresh_food,fruits,2024-11-19
ASDA Extra Special Ripe & Ready Giant Avocado,£2.00,(£2.00/each),fresh_food,fruits,2024-11-19
ASDA Giant Pineapple (Ripe & Ready To Eat),£1.90,(£1.90/each),fresh_food,fruits,2024-11-19
ASDA Sweet & Earthy Parsnips,£0.75,(£1.50/kg),fresh_food,vegetables,2024-11-19
ASDA Tender & Crunchy Broccoli,£0.79,(£2.19/kg),fresh_food,vegetables,2024-11-19
JUST ESSENTIALS by ASDA White Potatoes 2kg,£1.35,(67.5p/kg),fresh_food,vegetables,2024-11-19
ASDA Mild & Versatile White Mushrooms,£0.95,(£3.80/kg),fresh_food,vegetables,2024-11-19
JUST ESSENTIALS by ASDA Green Beans,£0.93,(£3.88/kg),fresh_food,vegetables,2024-11-19
ASDA Crunchy & Fragrant Brown Onions,£0.99,(99.0p/kg),fresh_food,vegetables,2024-11-19
ASDA British Fluffy & Golden Large Baking Potatoes,£0.79,(19.8p/each),fresh_food,vegetables,2024-11-19
ASDA Crunchy & Sweet Carrots,£0.65,(65.0p/kg),fresh_food,vegetables,2024-11-19
JUST ESSENTIALS by ASDA Mushrooms (Varieties may vary),£0.80,(£3.20/kg),fresh_food,vegetables,2024-11-19
ASDA Crunchy & Sweet Carrots,£0.40,(80.0p/kg),fresh_food,vegetables,2024-11-19
ASDA Butternut Squash (Typically 1kg),£1.00,"was  
£1.20 /kg",fresh_food,vegetables,2024-11-19
ASDA Sweet & Earthy Savoy Cabbage,£0.59,(59.0p/each),fresh_food,vegetables,2024-11-19
ASDA Mild & Crunchy Baby Corn,£1.00,(£6.90/kg),fresh_food,vegetables,2024-11-19
ASDA Sweet & Crunchy Red Onions,£0.95,(95.0p/kg),fresh_food,vegetables,2024-11-19
ASDA Firm & Flavoursome Baby Potatoes 1kg,£1.20,(£1.20/kg),fresh_food,vegetables,2024-11-19
ASDA Mild & Sweet Trimmed Leeks,£1.39,(£2.78/kg),fresh_food,vegetables,2024-11-19
ASDA Earthy & Crisp Cauliflower & Broccoli Florets,£1.29,(£3.23/kg),fresh_food,vegetables,2024-11-19
ASDA Grower's Selection Coriander,£1.00,(£1.00/each),fresh_food,vegetables,2024-11-19
ASDA Diced Carrots & Swede,£0.50,(£1.00/kg),fresh_food,vegetables,2024-11-19
ASDA Sweet & Nutty Sprouts 500g,£1.00,(£2.00/kg),fresh_food,vegetables,2024-11-19
ASDA Sweet & Juicy Sweetcorn Cobettes,£1.50,(37.5p/each),fresh_food,vegetables,2024-11-19
ASDA Sugar Snap Peas,£0.98,(£6.12/kg),fresh_food,vegetables,2024-11-19
ASDA Mild & Delicate Courgettes,£1.00,(£3.03/kg),fresh_food,vegetables,2024-11-19
ASDA Creamy & Flavoursome Sweet Potatoes,£1.19,(£1.19/kg),fresh_food,vegetables,2024-11-19
ASDA Crunchy & Flavoursome Peppers (Colour may vary),£3.00,(£2.00/kg),fresh_food,vegetables,2024-11-19
ASDA Mild & Tender Casserole Vegetables 600g,£1.30,(£2.17/kg),fresh_food,vegetables,2024-11-19
ASDA Extra Special Tenderstem Broccoli Tips,£1.15,(£11.50/kg),fresh_food,vegetables,2024-11-19
ASDA Tender & Crunchy Trimmed Fine Beans,£1.00,(£5.56/kg),fresh_food,vegetables,2024-11-19
ASDA British Swede,£0.62,(62.0p/each),fresh_food,vegetables,2024-11-19
ASDA Light & Nutty Cauliflower,£1.19,(£1.19/each),fresh_food,vegetables,2024-11-19
ASDA Carrot Batons,£0.80,(£2.67/kg),fresh_food,vegetables,2024-11-19
Just Add Garlic Puree,£1.00,(13.3p/10g),fresh_food,vegetables,2024-11-19
JUST ESSENTIALS by ASDA Cherry Tomatoes,£0.69,(£2.76/kg),fresh_food,vegetables,2024-11-19
ASDA Mild & Tender Spinach,£1.29,(£4.30/kg),fresh_food,vegetables,2024-11-19
ASDA Aubergine,£0.95,(95.0p/each),fresh_food,vegetables,2024-11-19
ASDA Fragrant & Bold Garlic 45mm+,£0.75,(25.0p/each),fresh_food,vegetables,2024-11-19
ASDA Mild & Crisp Pak Choi,£1.10,(£5.50/kg),fresh_food,vegetables,2024-11-19
ASDA Extra Special British Baby Potatoes,£0.95,(£1.90/kg),fresh_food,vegetables,2024-11-19
ASDA Extra Special Creamy Mash,£1.25,(£3.12/kg),fresh_food,vegetables,2024-11-19
ASDA 3 Crunchy & Fragrant Brown Onions,£1.00,(33.3p/each),fresh_food,vegetables,2024-11-19
ASDA Loose Plantain (Typically 350g),£0.80,(£2.30/kg),fresh_food,vegetables,2024-11-19
ASDA Light & Fluffy Maris Piper Potatoes 2kg,£1.79,(89.5p/kg),fresh_food,vegetables,2024-11-19
ASDA Loose Dudhi (Typically 400g),£2.10,(£5.25/kg),fresh_food,vegetables,2024-11-19
ASDA Crisp & Earthy Unwashed Sliced Curly Kale 150g,£0.75,(£5.00/kg),fresh_food,vegetables,2024-11-19
ASDA Extra Special Hand Picked Tenderstem Broccoli,£1.25,(£7.81/kg),fresh_food,vegetables,2024-11-19
ASDA Extra Special Asparagus Tips,£1.85,(£14.80/kg),fresh_food,vegetables,2024-11-19
ASDA Mild & Tender Baby Button Mushrooms,£0.95,(£4.75/kg),fresh_food,vegetables,2024-11-19
ASDA Loose Mooli (Typically 350g),£0.70,(£2.00/kg),fresh_food,vegetables,2024-11-19
ASDA Hot & Fiery Bird Eye Chillies,£0.45,(22.5p/10g),fresh_food,vegetables,2024-11-19
ASDA Tender & Nutty Asparagus,£1.40,(£9.33/kg),fresh_food,vegetables,2024-11-19
ASDA Sweet & Nutty Trimmed Brussels Sprouts,£1.00,(£5.00/kg),fresh_food,vegetables,2024-11-19
"ASDA Broccoli, Carrots, Baby Corn & Green Beans",£1.45,(£4.14/kg),fresh_food,vegetables,2024-11-19
ASDA Chopped Onion,£0.50,(£2.50/kg),fresh_food,vegetables,2024-11-19
ASDA Sweet & Tender Vegetable Stew Mix 1kg,£2.00,(£2.00/kg),fresh_food,vegetables,2024-11-19
ASDA Large Cauliflower,£1.80,(£1.80/each),fresh_food,vegetables,2024-11-19
ASDA Crispy & Golden Potato Slices,£1.20,(£4.00/kg),fresh_food,vegetables,2024-11-19
JUST ESSENTIALS by ASDA Mashed Potato,£0.80,(£2.00/kg),fresh_food,vegetables,2024-11-19
ASDA Sweet & Warming Ginger,£1.85,(£3.70/kg),fresh_food,vegetables,2024-11-19
ASDA Sweet & Delicate Chantenay Carrots,£0.80,(£2.67/kg),fresh_food,vegetables,2024-11-19
ASDA Smooth & Rich Red Potatoes 2kg,£1.65,(82.5p/kg),fresh_food,vegetables,2024-11-19
ASDA Crisp & Smooth Stringless Beans,£0.79,(£3.95/kg),fresh_food,vegetables,2024-11-19
ASDA Nutty & Earthy Chestnut Mushrooms,£1.00,(£4.00/kg),fresh_food,vegetables,2024-11-19
ASDA Sweet & Tender Vegetable Stew Mix 1kg,£2.00,(£2.00/kg),fresh_food,vegetables,2024-11-19
ASDA Fluffy & Crisp King Edward Potatoes 2kg,£1.70,(85.0p/kg),fresh_food,vegetables,2024-11-19
ASDA Delicately Sweet Tenderheart Cabbage,£0.69,(69.0p/each),fresh_food,vegetables,2024-11-19
ASDA Tender & Nutty Asparagus,£1.40,(£9.33/kg),fresh_food,vegetables,2024-11-19
ASDA Smooth & Rich Red Potatoes 2kg,£1.65,(82.5p/kg),fresh_food,vegetables,2024-11-19
ASDA Sweet & Delicate Chantenay Carrots,£0.80,(£2.67/kg),fresh_food,vegetables,2024-11-19
ASDA Loose Garlic 60mm+,£0.39,(39.0p/each),fresh_food,vegetables,2024-11-19
ASDA Crisp & Earthy Unwashed Sliced Curly Kale 150g,£0.75,(£5.00/kg),fresh_food,vegetables,2024-11-19
ASDA Delicately Sweet Dill 150g,£1.00,(£1.00/each),fresh_food,vegetables,2024-11-19
ASDA Light & Nutty Cauliflower Florets,£1.00,(£4.00/kg),fresh_food,vegetables,2024-11-19
ASDA Aromatic & Zesty Coriander,£0.52,(17.3p/10g),fresh_food,vegetables,2024-11-19
ASDA 3 Sweet & Crunchy Red Onions,£1.00,(33.3p/each),fresh_food,vegetables,2024-11-19
ASDA Cool & Refreshing Mint,£0.52,(17.3p/10g),fresh_food,vegetables,2024-11-19
JUST ESSENTIALS by ASDA Mashed Potato,£0.80,(£2.00/kg),fresh_food,vegetables,2024-11-19
ASDA Delightfully Fragrant Rosemary,£0.60,(30.0p/10g),fresh_food,vegetables,2024-11-19
ASDA Crispy & Golden Potato Slices,£1.20,(£4.00/kg),fresh_food,vegetables,2024-11-19
ASDA Naturally Sweet Shallots,£0.79,(£2.63/kg),fresh_food,vegetables,2024-11-19
ASDA Mild & Peppery Flat Leaf Parsley,£0.60,(24.0p/10g),fresh_food,vegetables,2024-11-19
ASDA Mild & Sweet Spring Greens,£0.79,(£1.58/kg),fresh_food,vegetables,2024-11-19
ASDA Fluffy & Golden Baking Potatoes 2kg,£1.70,(85.0p/kg),fresh_food,vegetables,2024-11-19
ASDA Sweet & Tender Carrots & Peas 300g,£0.90,(£3.00/kg),fresh_food,vegetables,2024-11-19
ASDA Turnips,£0.48,(£2.40/kg),fresh_food,vegetables,2024-11-19
ASDA Extra Special Cavolo Nero Kale,£1.00,(£6.67/kg),fresh_food,vegetables,2024-11-19
ASDA Sweet & Creamy Root Veg Mash,£1.15,(£2.88/kg),fresh_food,vegetables,2024-11-19
ASDA Sweet & Juicy Sweetcorn Twin Pack,£1.50,(75.0p/each),fresh_food,vegetables,2024-11-19
ASDA Fragrant & Mild Chives,£0.60,(24.0p/10g),fresh_food,vegetables,2024-11-19
ASDA Mild & Subtle Padron Peppers,£1.00,(7.4p/10g),fresh_food,vegetables,2024-11-19
ASDA Extra Special Mixed Mushrooms,£1.65,(£11.00/kg),fresh_food,vegetables,2024-11-19
ASDA Fragrant & Bold Garlic (Typically 45-60mm),£2.00,(40.0p/each),fresh_food,vegetables,2024-11-19
ASDA Red Cabbage (Typically 1kg),£1.00,(£1.00/kg),fresh_food,vegetables,2024-11-19
ASDA Sweet & Warming Ginger,£1.85,(£3.70/kg),fresh_food,vegetables,2024-11-19
ASDA Organic Broccoli 300g,£1.20,(£4.00/kg),fresh_food,vegetables,2024-11-19
ASDA Extra Special Handpicked Extra Fine Beans,£1.39,(£6.95/kg),fresh_food,vegetables,2024-11-19
ASDA Celeriac (Typically 1kg),£1.55,(£1.55/kg),fresh_food,vegetables,2024-11-19
ASDA Savoury & Mild Vegetable Soup Mix 500g,£1.00,(£2.00/kg),fresh_food,vegetables,2024-11-19
ASDA Loose Mooli (Typically 350g),£0.70,(£2.00/kg),fresh_food,vegetables,2024-11-19
Just Add Ginger Purée 75g,£1.00,(13.3p/10g),fresh_food,vegetables,2024-11-19
ASDA Sliced Red Onion,£0.50,(£3.33/kg),fresh_food,vegetables,2024-11-19
ASDA Tender & Crisp Mangetout,£1.10,(£6.88/kg),fresh_food,vegetables,2024-11-19
ASDA Organic Garlic 40mm+,£0.85,(28.3p/each),fresh_food,vegetables,2024-11-19
ASDA Crisp & Golden Potato Rostis,£1.20,(£4.00/kg),fresh_food,vegetables,2024-11-19
ASDA Warm & Fruity Red Chillies,£0.60,(10.0p/10g),fresh_food,vegetables,2024-11-19
Albert Bartlett Cheese Croquettes,£1.50,(£6.00/kg),fresh_food,vegetables,2024-11-19
ASDA Washed Potatoes,£4.10,(54.7p/kg),fresh_food,vegetables,2024-11-19
ASDA Hot & Fragrant Thin Chillies,£1.20,(6.9p/10g),fresh_food,vegetables,2024-11-19
ASDA Mild & Sweet Leek & Potato Soup Mix 500g,£1.20,(£2.40/kg),fresh_food,vegetables,2024-11-19
ASDA Mild & Versatile White Mushrooms,£1.19,(£2.98/kg),fresh_food,vegetables,2024-11-19
Just Add Chilli Puree,£1.00,(14.3p/10g),fresh_food,vegetables,2024-11-19
ASDA Fresh & Earthy Thyme,£0.60,(30.0p/10g),fresh_food,vegetables,2024-11-19
ASDA Sliced Carrots,£0.55,(£1.83/kg),fresh_food,vegetables,2024-11-19
ASDA Wonderfully Aromatic Basil,£0.60,(20.0p/10g),fresh_food,vegetables,2024-11-19
ASDA Swede Portion,£0.62,(62.0p/each),fresh_food,vegetables,2024-11-19
"ASDA Tenderstem Broccoli, Carrot & Sugar Snap",£1.50,(£9.38/kg),fresh_food,vegetables,2024-11-19
ASDA Organic Seasonal Cabbage (Colour and Variety may vary),£1.30,(£1.30/each),fresh_food,vegetables,2024-11-19
ASDA Extra Special Baby Potatoes,£1.19,(£1.19/kg),fresh_food,vegetables,2024-11-19
ASDA Sweet & Buttery Carrot & Swede Crush 400g,£1.50,(£3.75/kg),fresh_food,vegetables,2024-11-19
ASDA Rich & Savoury Garlic & Cream Cheese Stuffed Mushrooms,£1.85,(£9.25/kg),fresh_food,vegetables,2024-11-19
ASDA Mild & Versatile Sliced Mushrooms,£1.00,(£4.00/kg),fresh_food,vegetables,2024-11-19
ASDA Organic Garlic 40mm+,£0.85,(28.3p/each),fresh_food,vegetables,2024-11-19
ASDA Organic Spinach,£2.00,(£6.67/kg),fresh_food,vegetables,2024-11-19
"ASDA Tenderstem Broccoli, Carrot & Sugar Snap",£1.50,(£9.38/kg),fresh_food,vegetables,2024-11-19
"ASDA Baby Corn, Tenderstem Broccoli & Fine Beans",£1.50,(£9.38/kg),fresh_food,vegetables,2024-11-19
Golden Kings Golden Potatoes,£2.00,(£1.00/kg),fresh_food,vegetables,2024-11-19
ASDA Swede Portion,£0.62,(62.0p/each),fresh_food,vegetables,2024-11-19
Albert Bartlett Rooster Potatoes,£2.25,(£1.12/kg),fresh_food,vegetables,2024-11-19
ASDA Earthy & Rich Jumbo Mushrooms,£0.99,(£3.96/kg),fresh_food,vegetables,2024-11-19
ASDA Savoury & Smooth Cheesy Mash,£1.25,(£3.12/kg),fresh_food,vegetables,2024-11-19
ASDA Aromatic & Zesty Growing Coriander,£1.00,(£1.00/each),fresh_food,vegetables,2024-11-19
ASDA Extra Special Echalion Shallots,£1.10,(£3.67/kg),fresh_food,vegetables,2024-11-19
ASDA Fresh & Earthy Thyme,£0.60,(30.0p/10g),fresh_food,vegetables,2024-11-19
ASDA Delightfully Fragrant Growing Rosemary,£1.00,(£1.00/each),fresh_food,vegetables,2024-11-19
ASDA Sweet & Tender Green Vegetable Medley 225g,£2.00,(£8.89/kg),fresh_food,vegetables,2024-11-19
ASDA Mild & Peppery Growing Flat Leaf Parsley,£1.00,(£1.00/each),fresh_food,vegetables,2024-11-19
Albert Bartlett Cheese Croquettes,£1.50,(£6.00/kg),fresh_food,vegetables,2024-11-19
ASDA Warm & Fruity Mixed Chillies,£0.60,(10.0p/10g),fresh_food,vegetables,2024-11-19
ASDA Fennel,£0.85,(85.0p/each),fresh_food,vegetables,2024-11-19
ASDA Extra Special Mixed Mushrooms,£1.65,(£11.00/kg),fresh_food,vegetables,2024-11-19
Albert Bartlett Sweet Potato Mash,£1.25,(£4.17/kg),fresh_food,vegetables,2024-11-19
ASDA Sweet & Vibrant Mediterranean Style Vegetables 420g,£1.50,(£3.57/kg),fresh_food,vegetables,2024-11-19
ASDA Light & Citrusy Lemongrass,£0.70,(23.3p/10g),fresh_food,vegetables,2024-11-19
ASDA Organic Brown Onions,£1.00,(£2.00/kg),fresh_food,vegetables,2024-11-19
ASDA Fresh & Earthy Growing Thyme,£1.00,(£1.00/each),fresh_food,vegetables,2024-11-19
ASDA Delicately Sweet Dill,£0.60,(24.0p/10g),fresh_food,vegetables,2024-11-19
ASDA Cool & Refreshing Growing Garden Mint,£1.00,(£1.00/each),fresh_food,vegetables,2024-11-19
ASDA Delicate & Peppery Curly Parsley,£0.60,(20.0p/10g),fresh_food,vegetables,2024-11-19
ASDA Delicate & Peppery Growing Curly Parsley,£1.00,(£1.00/each),fresh_food,vegetables,2024-11-19
Albert Bartlett 3 Mild Onions,£1.65,(55.0p/each),fresh_food,vegetables,2024-11-19
ASDA Extra Special Baby Portobello Mushrooms,£1.50,(£6.00/kg),fresh_food,vegetables,2024-11-19
ASDA Organic Leeks,£1.90,(£4.75/kg),fresh_food,vegetables,2024-11-19
ASDA Sun-Dried Tomato & Smoked Cheddar Stuffed Mushrooms 200g,£1.85,(£9.25/kg),fresh_food,vegetables,2024-11-19
ASDA Loose Cassava (Typically 570g),£1.14,(£2.00/kg),fresh_food,vegetables,2024-11-19
ASDA Tender & Crisp Baby Corn & Mangetout,£1.50,(£8.33/kg),fresh_food,vegetables,2024-11-19
ASDA Organic White Potatoes,£1.75,(£1.17/kg),fresh_food,vegetables,2024-11-19
ASDA Patatas Bravas 400g,£2.50,(£6.25/kg),fresh_food,vegetables,2024-11-19
ASDA Kohlrabi,£1.60,(£4.00/kg),fresh_food,vegetables,2024-11-19
"ASDA Sticky & Spicy Chilli, Ginger & Lime Potato Wedges 400g",£2.50,(£6.25/kg),fresh_food,vegetables,2024-11-19
Bistro by ASDA Buttery Maris Piper Mash 400g,£3.00,(£7.50/kg),fresh_food,vegetables,2024-11-19
ASDA Bunched Methi,£1.00,(£1.00/each),fresh_food,vegetables,2024-11-19
ASDA Organic White Mushrooms,£1.20,(£4.80/kg),fresh_food,vegetables,2024-11-19
Albert Bartlett 2 Sweet Potatoes,£1.60,(80.0p/each),fresh_food,vegetables,2024-11-19
ASDA Extra Special Beef Dripping Skin on Chunky Chips 400g,£1.85,(£4.62/kg),fresh_food,vegetables,2024-11-19
ASDA Extra Special Green Vegetable Selection 210g,£2.20,(£10.48/kg),fresh_food,vegetables,2024-11-19
ASDA Tender & Sweet Baby Aubergines,£2.00,(£6.67/kg),fresh_food,vegetables,2024-11-19
ASDA Extra Special Garlic 60mm+,£0.75,(75.0p/each),fresh_food,vegetables,2024-11-19
ASDA Extra Special British Shiitake Mushrooms,£1.65,(£14.35/kg),fresh_food,vegetables,2024-11-19
ASDA Extra Special Hand Picked Tenderstem Broccoli 320g,£2.30,(£7.19/kg),fresh_food,vegetables,2024-11-19
ASDA Runner Beans,£1.30,(£7.22/kg),fresh_food,vegetables,2024-11-19
ASDA Organic Red Onions,£1.10,(£2.20/kg),fresh_food,vegetables,2024-11-19
Albert Bartlett Sweet Potato Fries 300g,£2.00,(£6.67/kg),fresh_food,vegetables,2024-11-19
ASDA Organic Cauliflower,£1.90,(£1.90/each),fresh_food,vegetables,2024-11-19
ASDA Loose Eddoes (Typically 140g),£0.49,(£3.50/kg),fresh_food,vegetables,2024-11-19
Cauldron Extra Firm Tofu 220g,£1.49,(£6.77/kg),fresh_food,fresh_food_vegan,2024-11-19
Cauldron Vegan Organic Marinated Tofu Pieces,£2.75,(£17.19/kg),fresh_food,fresh_food_vegan,2024-11-19
Richmond 8 Vegan Meat Free Sausages,£1.75,(£5.76/kg),fresh_food,fresh_food_vegan,2024-11-19
OMV! Deliciously Vegan Merrily Vegan 2 Festive Slices 300g,£2.00,(66.7p/100g),fresh_food,fresh_food_vegan,2024-11-19
Vivera Plant Shawarma Kebab,£2.65,(£15.14/kg),fresh_food,fresh_food_vegan,2024-11-19
The Tofoo Co. Naked Vegan Tofu,£2.30,(£8.21/kg),fresh_food,fresh_food_vegan,2024-11-19
Vivera Plant Salmon Fillet 200g,£3.50,(£17.50/kg),fresh_food,fresh_food_vegan,2024-11-19
This Isn't Roast Chicken & Stuffing 325g,£6.35,(£19.54/kg),fresh_food,fresh_food_vegan,2024-11-19
Richmond 8 Vegan Meat Free Streaky Bacon Rashers,£2.30,(£19.17/kg),fresh_food,fresh_food_vegan,2024-11-19
Gosh! Spinach & Pine Nut Bites 266g,£2.95,(£1.11/100g),fresh_food,fresh_food_vegan,2024-11-19
Vivera Plant Bacon,£2.90,(£16.57/kg),fresh_food,fresh_food_vegan,2024-11-19
Beyond Meat Burger Original Plant-Based Patties 2 x 113g (226g),£3.50,(£15.49/kg),fresh_food,fresh_food_vegan,2024-11-19
The Tofoo Co. Marinated Smoky BBQ Strips 180g,£2.85,(£15.83/kg),fresh_food,fresh_food_vegan,2024-11-19
Vivera 2 Plant Chicken Breast Style 180g,£2.15,(£11.94/kg),fresh_food,fresh_food_vegan,2024-11-19
OMV! Deliciously Vegan 2 Battered Fishless Fillets 345g,£2.85,(£8.26/kg),fresh_food,fresh_food_vegan,2024-11-19
This Isn't Beef Mince 250g,£3.50,(£14.00/kg),fresh_food,fresh_food_vegan,2024-11-19
This Isn't Bacon Rashers 120g,£2.95,(£24.58/kg),fresh_food,fresh_food_vegan,2024-11-19
OMV! Deliciously Vegan 4 Tandoori No Chicken Kebabs 250g,£3.50,(£14.00/kg),fresh_food,fresh_food_vegan,2024-11-19
Squeaky Bean Applewood Smoked Ham Style Slices,£2.50,(£3.12/100g),fresh_food,fresh_food_vegan,2024-11-19
Future Farm Vegan Tuna 150g,£2.25,(£15.00/kg),fresh_food,fresh_food_vegan,2024-11-19
Meatless Farm Beef Style Mince 350g,£3.25,(£9.29/kg),fresh_food,fresh_food_vegan,2024-11-19
Vivera Plant Mince 220g,£2.20,(£10.00/kg),fresh_food,fresh_food_vegan,2024-11-19
This Isn't Pork Plant-Based Sausages,£3.15,(£11.67/kg),fresh_food,fresh_food_vegan,2024-11-19
Richmond Meat-Free 6 Honey Roast Ham Style Slices 90g,£1.50,(£16.67/kg),fresh_food,fresh_food_vegan,2024-11-19
Meatless Farm Plant-Based Chicken Breasts x 2,£3.75,(£17.86/kg),fresh_food,fresh_food_vegan,2024-11-19
Vivera Plant-Based Chicken Pieces 175g,£2.65,(£15.14/kg),fresh_food,fresh_food_vegan,2024-11-19
Cauldron Vegan Falafels,£2.00,(£10.00/kg),fresh_food,fresh_food_vegan,2024-11-19
Richmond Meat-Free 6 Back Bacon Rashers 120g,£2.30,(£19.17/kg),fresh_food,fresh_food_vegan,2024-11-19
"Gosh! Sweet Potato Pakora with Red Pepper, Cumin & Chilli 266g",£2.95,(£1.11/100g),fresh_food,fresh_food_vegan,2024-11-19
Quorn Fillet Pieces 175g,£1.99,(£11.37/kg),fresh_food,fresh_food_vegan,2024-11-19
OMV! Deliciously Vegan No Chorizo Lardons 120g,£2.75,(£22.92/kg),fresh_food,fresh_food_vegan,2024-11-19
Happiee! Plant-Based Shrimpiee 180g,£2.80,(£15.56/kg),fresh_food,fresh_food_vegan,2024-11-19
Loma Linda Mayo Tuno 142g,£1.00,(70.4p/100g),fresh_food,fresh_food_vegan,2024-11-19
Gosh! Mediterranean Falafel with Chickpeas & a Hint of Basil 266g,£2.95,(£1.11/100g),fresh_food,fresh_food_vegan,2024-11-19
The Vegetarian Butcher Vegan Chicken* Chunks What The Cluck 160 g,£2.25,(£14.06/kg),fresh_food,fresh_food_vegan,2024-11-19
Happiee! Plant-Based Breaded Shrimpiee 180g,£2.80,(£15.56/kg),fresh_food,fresh_food_vegan,2024-11-19
Richmond Meat-Free No-Chicken Chargrilled Pieces 165g,£2.00,(£12.12/kg),fresh_food,fresh_food_vegan,2024-11-19
OMV! Deliciously Vegan 2 No Beef Burgers 227g,£3.00,(£13.22/kg),fresh_food,fresh_food_vegan,2024-11-19
This Isn't Chicken Pieces 170g,£2.95,(£17.35/kg),fresh_food,fresh_food_vegan,2024-11-19
ASDA Plant Based Organic Super Firm Tofu 200g,£1.10,(£5.50/kg),fresh_food,fresh_food_vegan,2024-11-19
Vivera Plant Steaks 200g,£2.85,(£14.25/kg),fresh_food,fresh_food_vegan,2024-11-19
The Tofoo Co. Vegan Smoked Tofu,£2.85,(£12.67/kg),fresh_food,fresh_food_vegan,2024-11-19
Quorn Vegan Chicken Free Slices,£2.60,(£26.00/kg),fresh_food,fresh_food_vegan,2024-11-19
The Real Yorkshire Pudding Co. Vegan Toad in the Hole 185g,£2.50,(£13.89/kg),fresh_food,fresh_food_vegan,2024-11-19
The Tofoo Co. Sriracha Chilli Tofu 280g,£2.85,(£10.18/kg),fresh_food,fresh_food_vegan,2024-11-19
The Tofoo Co. Original Tempeh 200g,£2.75,(£13.75/kg),fresh_food,fresh_food_vegan,2024-11-19
Better Nature Organic Tempeh 200g,£2.20,(£11.00/kg),fresh_food,fresh_food_vegan,2024-11-19
Gosh! Moroccan Spiced Falafel with Red Pepper & Apricot 266g,£2.95,(£1.11/100g),fresh_food,fresh_food_vegan,2024-11-19
Gosh! Veggie Cocktail Sausages with Sage & Black Pepper 216g,£2.10,(97.2p/100g),fresh_food,fresh_food_vegan,2024-11-19
Vivera Plant Spicy Chicken Kebab Style 175g,£2.10,(£12.00/kg),fresh_food,fresh_food_vegan,2024-11-19
Meatless Farm Meatless Farm Plant-Based Burgers,£2.75,(£12.11/kg),fresh_food,fresh_food_vegan,2024-11-19
Richmond Meat-Free 2 Quarter Pounder Burgers 227g,£2.50,(£11.01/kg),fresh_food,fresh_food_vegan,2024-11-19
Loma Vegan Tuno in Spring Water,£1.20,(84.5p/100g),fresh_food,fresh_food_vegan,2024-11-19
This Isn't Chicken Thighs 220g,£3.95,(£17.95/kg),fresh_food,fresh_food_vegan,2024-11-19
Richmond Meat-Free 6 Roast Chicken Style Slices 90g,£1.50,(£16.67/kg),fresh_food,fresh_food_vegan,2024-11-19
Squeaky Bean Vegan Cooking Chorizo Style Sausage 100g,£3.00,(£30.00/kg),fresh_food,fresh_food_vegan,2024-11-19
This Isn't Chicken Shawarma 170g,£2.95,(£17.35/kg),fresh_food,fresh_food_vegan,2024-11-19
Richmond Meat Free No-Chicken Chargrilled Pieces 220g,£2.50,(£11.36/kg),fresh_food,fresh_food_vegan,2024-11-19
This Isn't Pork Plant-Based Caramelised Onion Sausages 270g,£3.75,(£13.89/kg),fresh_food,fresh_food_vegan,2024-11-19
Cauldron Extra Firm Tofu 220g,£1.49,(£6.77/kg),fresh_food,fresh_food_vegan,2024-11-19
Cauldron Vegan Organic Marinated Tofu Pieces,£2.75,(£17.19/kg),fresh_food,fresh_food_vegan,2024-11-19
OMV! Deliciously Vegan Diced No Pancetta 120g,£2.75,(£22.92/kg),fresh_food,fresh_food_vegan,2024-11-19
The Vegetarian Butcher Vegan Chicken Fillet Hentastic Southern Fried 200g,£2.50,(£12.50/kg),fresh_food,fresh_food_vegan,2024-11-19
HECK 8 Meat-Free Chipolatas Sausages,£2.00,(£6.67/kg),fresh_food,fresh_food_vegan,2024-11-19
Richmond 8 Vegan Meat-Free Tasty Sausages,£1.75,(£5.76/kg),fresh_food,fresh_food_vegan,2024-11-19
Quorn Vegan Smoky Ham Free Slices,£2.60,(£26.00/kg),fresh_food,fresh_food_vegan,2024-11-19
This Isn't Beef Burgers 2 x 113g (226g),£3.15,(£13.94/kg),fresh_food,fresh_food_vegan,2024-11-19
Gosh! Moroccan Spiced Falafel with Red Pepper & Apricot 266g,£2.95,(£1.11/100g),fresh_food,fresh_food_vegan,2024-11-19
Richmond Meat Free No-Chicken Chargrilled Pieces 220g,£2.50,(£11.36/kg),fresh_food,fresh_food_vegan,2024-11-19
OMV! Deliciously Vegan Smoked No Salmon 80g,£3.00,(£37.50/kg),fresh_food,fresh_food_vegan,2024-11-19
This Isn't Chicken Thighs 220g,£3.95,(£17.95/kg),fresh_food,fresh_food_vegan,2024-11-19
Squeaky Bean Vegan Cooking Chorizo Style Sausage 100g,£3.00,(£30.00/kg),fresh_food,fresh_food_vegan,2024-11-19
Better Nature Tempeh Mediterranean Pieces 180g,£2.75,(£15.28/kg),fresh_food,fresh_food_vegan,2024-11-19
The Tofoo Co. Naked XL Organic Tofu 450g,£3.50,(£7.78/kg),fresh_food,fresh_food_vegan,2024-11-19
Richmond 8 Vegan Meat Free Sage & Onion Sausages,£2.00,(£6.58/kg),fresh_food,fresh_food_vegan,2024-11-19
Plant Based by ASDA 16 Veggie Fingers,£2.00,(£4.42/kg),fresh_food,fresh_food_vegan,2024-11-19
Quorn 14 Cocktail Sausages 140g,£1.95,(£13.93/kg),fresh_food,fresh_food_vegetarian,2024-11-19
Quorn Picnic Eggs 140g,£1.95,(£13.93/kg),fresh_food,fresh_food_vegetarian,2024-11-19
Pukka Vegan Chicken & Mushroom Pie,£1.50,(71.4p/100g),fresh_food,fresh_food_vegetarian,2024-11-19
Quorn Sweet Chilli Mini Fillets 138g,£3.00,(£21.74/kg),fresh_food,fresh_food_vegetarian,2024-11-19
Port Royal Jamaican Butternut Squash & Lentil Patty 140g,£1.30,(92.9p/100g),fresh_food,fresh_food_vegetarian,2024-11-19
Quorn 12 Picnic Eggs 240g,£2.49,(£10.38/kg),fresh_food,fresh_food_vegetarian,2024-11-19
Plant Based by ASDA Smoky Tofu Burrito,£2.85,(£7.12/kg),fresh_food,fresh_food_vegetarian,2024-11-19
Quorn Vegetarian Ham Slices,£2.49,(£1.46/100g),fresh_food,fresh_food_vegetarian,2024-11-19
ASDA To Share 4 Vegetable Samosas 200g,£2.00,(£10.00/kg),fresh_food,fresh_food_vegetarian,2024-11-19
ASDA Meal for One Loaded Cheesy Beans Jacket Potato 330g,£2.80,(£8.48/kg),fresh_food,fresh_food_vegetarian,2024-11-19
JUST ESSENTIALS by ASDA Cheese & Onion Pasty,£0.41,(27.3p/100g),fresh_food,fresh_food_vegetarian,2024-11-19
ASDA Main for Two Vegetable Chow Mein 400g,£3.00,(£7.50/kg),fresh_food,fresh_food_vegetarian,2024-11-19
Holland's Cheese & Onion Pie,£1.60,(86.5p/100g),fresh_food,fresh_food_vegetarian,2024-11-19
ASDA Broccoli & Cheese Quiche 400g,£2.50,(62.5p/100g),fresh_food,fresh_food_vegetarian,2024-11-19
Ginsters Vegan Bombay Potato & Spinach Pasty,£1.25,(69.4p/100g),fresh_food,fresh_food_vegetarian,2024-11-19
The Original Patty Co. Vegetable Patty 140g,£1.00,(71.4p/100g),fresh_food,fresh_food_vegetarian,2024-11-19
Squeaky Bean Applewood Smoked Ham Style Slices,£2.50,(£3.12/100g),fresh_food,fresh_food_vegetarian,2024-11-19
Bistro by ASDA Macaroni Cheese 400g,£4.00,(£10.00/kg),fresh_food,fresh_food_vegetarian,2024-11-19
Quorn Vegetarian Chicken Slices,£2.49,(£1.46/100g),fresh_food,fresh_food_vegetarian,2024-11-19
Quorn Roast Mini Fillets 138g,£3.00,(£21.74/kg),fresh_food,fresh_food_vegetarian,2024-11-19
ASDA Creamy Vegetable Soup 600g,£1.75,(29.2p/100g),fresh_food,fresh_food_vegetarian,2024-11-19
ASDA Cheese & Onion Crumb Topped Pie 200g,£1.85,(92.5p/100g),fresh_food,fresh_food_vegetarian,2024-11-19
ASDA Meal For One Vegetable Lasagne,£3.25,(£8.12/kg),fresh_food,fresh_food_vegetarian,2024-11-19
JUST ESSENTIALS by ASDA Macaroni Cheese 400g,£2.21,(£5.53/kg),fresh_food,fresh_food_vegetarian,2024-11-19
Port Royal Cookin' Rice & Peas,£2.50,(£10.00/kg),fresh_food,fresh_food_vegetarian,2024-11-19
Quorn Roast Beef Style Slices,£2.60,(£2.48/100g),fresh_food,fresh_food_vegetarian,2024-11-19
Holland's Mature Cheddar Cheese & Onion Family Pie,£4.40,(£4.40/each),fresh_food,fresh_food_vegetarian,2024-11-19
Ginsters Cheese & Onion Slice,£1.95,(£1.15/100g),fresh_food,fresh_food_vegetarian,2024-11-19
Quorn Tikka Mini Fillets 138g,£3.00,(£21.74/kg),fresh_food,fresh_food_vegetarian,2024-11-19
Quorn Vegan Chicken Free Slices,£2.60,(£26.00/kg),fresh_food,fresh_food_vegetarian,2024-11-19
JUST ESSENTIALS by ASDA Cheese & Onion Quiche,£1.75,(43.8p/100g),fresh_food,fresh_food_vegetarian,2024-11-19
Quorn 2 Peppered Steaks,£2.49,(£12.70/kg),fresh_food,fresh_food_vegetarian,2024-11-19
New Covent Garden Vegetable Soup,£1.25,(22.3p/100g),fresh_food,fresh_food_vegetarian,2024-11-19
Ginsters Vegan Quorn Pasty,£1.25,(69.4p/100g),fresh_food,fresh_food_vegetarian,2024-11-19
ASDA Crustless Broccoli & Cheese Quiche 150g,£1.39,(92.7p/100g),fresh_food,fresh_food_vegetarian,2024-11-19
Ginsters Vegan Moroccan Vegetable Pasty,£1.25,(69.4p/100g),fresh_food,fresh_food_vegetarian,2024-11-19
Fridge Raiders Meat-Free Southern Style Tasty Bites 60g,£1.50,(£25.00/kg),fresh_food,fresh_food_vegetarian,2024-11-19
OMV! Deliciously Vegan Sweet Potato Katsu Curry,£2.85,(£7.70/kg),fresh_food,fresh_food_vegetarian,2024-11-19
ASDA Cheese & Onion Pasties 4 x 130g (520g),£2.50,(48.1p/100g),fresh_food,fresh_food_vegetarian,2024-11-19
ASDA Creamy Cauliflower Cheese Soup 600g,£1.75,(£2.92/kg),fresh_food,fresh_food_vegetarian,2024-11-19
Quorn Vegetarian Sweet Chilli Bites,£2.50,(£13.89/kg),fresh_food,fresh_food_vegetarian,2024-11-19
Quorn Vegan Smoky Ham Free Slices,£2.60,(£26.00/kg),fresh_food,fresh_food_vegetarian,2024-11-19
ASDA To Share 4 Onion Bhajis 200g,£2.00,(£10.00/kg),fresh_food,fresh_food_vegetarian,2024-11-19
Quorn Vegetarian Bacon Slices,£2.64,(£17.60/kg),fresh_food,fresh_food_vegetarian,2024-11-19
ASDA Meal For Two Macaroni Cheese 800g,£4.00,(£5.00/kg),fresh_food,fresh_food_vegetarian,2024-11-19
Plant Based by ASDA Spaghetti and Veggie Balls,£2.85,(£7.50/kg),fresh_food,fresh_food_vegetarian,2024-11-19
ASDA Meal For One Tomato & Mozzarella Pasta Bake 400g,£3.25,(£8.12/kg),fresh_food,fresh_food_vegetarian,2024-11-19
Port Royal Jamaican Jerk Bean Patty 140g,£1.30,(92.9p/100g),fresh_food,fresh_food_vegetarian,2024-11-19
Quorn Spinach and Red Pepper Slices,£2.60,(£26.00/kg),fresh_food,fresh_food_vegetarian,2024-11-19
ASDA Cheese & Onion Quiche 400g,£2.50,(62.5p/100g),fresh_food,fresh_food_vegetarian,2024-11-19
Ginsters Cheese & Onion Pasty,£1.95,(£1.08/100g),fresh_food,fresh_food_vegetarian,2024-11-19
ASDA Cheese & Onion Quiche 170g,£1.39,(81.8p/100g),fresh_food,fresh_food_vegetarian,2024-11-19
Quorn 24 Cocktail Sausages 240g,£2.49,(£10.38/kg),fresh_food,fresh_food_vegetarian,2024-11-19
ASDA Large Deep Pan Very Veggie Supreme (Typically 1141g),£5.00,(£4.87/kg),fresh_food,fresh_food_vegetarian,2024-11-19
Quorn Vegetarian Turkey and Stuffing Slices 170g,£2.49,(£14.65/kg),fresh_food,fresh_food_vegetarian,2024-11-19
New Covent Garden Leek & Potato Soup,£1.25,(22.3p/100g),fresh_food,fresh_food_vegetarian,2024-11-19
Cravendale Filtered Fresh Skimmed Milk Fresher for Longer,£2.50,(£1.25/lt),fresh_food,milk_butter_eggs,2024-11-19
Arla LactoFREE Fresh Semi Skimmed Milk,£2.75,(£1.38/lt),fresh_food,milk_butter_eggs,2024-11-19
Arla BOB Semi-Skimmed That Tastes Like Whole Milk,£2.50,(£1.25/lt),fresh_food,milk_butter_eggs,2024-11-19
ASDA British Milk Whole 4 Pints,£1.45,(63.8p/lt),fresh_food,milk_butter_eggs,2024-11-19
ASDA British Milk Semi Skimmed 4 Pints,£1.45,(63.8p/lt),fresh_food,milk_butter_eggs,2024-11-19
ASDA British Milk Whole 6 Pints,£2.15,(63.0p/lt),fresh_food,milk_butter_eggs,2024-11-19
ASDA British Milk Semi Skimmed 6 Pints,£2.15,(63.0p/lt),fresh_food,milk_butter_eggs,2024-11-19
ASDA British Milk Semi Skimmed 2 Pints,£1.20,(£1.06/lt),fresh_food,milk_butter_eggs,2024-11-19
ASDA British Milk Skimmed 4 Pints,£1.45,(63.9p/lt),fresh_food,milk_butter_eggs,2024-11-19
ASDA British Milk Whole 2 Pints,£1.20,(£1.06/lt),fresh_food,milk_butter_eggs,2024-11-19
ASDA British Milk Semi Skimmed 1 Pint,£0.85,(£1.50/lt),fresh_food,milk_butter_eggs,2024-11-19
Cravendale Filtered Fresh Semi Skimmed Milk Fresher for Longer,£1.55,(£1.55/lt),fresh_food,milk_butter_eggs,2024-11-19
Cravendale Filtered Fresh Whole Milk Fresher for Longer,£1.55,(£1.55/lt),fresh_food,milk_butter_eggs,2024-11-19
ASDA British Milk Filtered Semi Skimmed 2 Litres,£1.90,(95.0p/lt),fresh_food,milk_butter_eggs,2024-11-19
ASDA British Milk Filtered Whole 2 Litres,£1.90,(95.0p/lt),fresh_food,milk_butter_eggs,2024-11-19
ASDA Organic Semi Skimmed Milk,£2.00,(88.1p/lt),fresh_food,milk_butter_eggs,2024-11-19
ASDA Organic Whole Milk,£2.00,(88.1p/lt),fresh_food,milk_butter_eggs,2024-11-19
ASDA Organic Semi Skimmed Milk,£1.55,(£1.36/lt),fresh_food,milk_butter_eggs,2024-11-19
ASDA Organic Whole Milk,£1.55,(£1.36/lt),fresh_food,milk_butter_eggs,2024-11-19
Cravendale Filtered Fresh Whole Milk Fresher for Longer,£2.50,(£1.25/lt),fresh_food,milk_butter_eggs,2024-11-19
Arla B.O.B Skimmed 1l,£1.35,(£1.35/lt),fresh_food,milk_butter_eggs,2024-11-19
ASDA British Milk Skimmed 2 Pints,£1.20,(£1.06/lt),fresh_food,milk_butter_eggs,2024-11-19
Graham's Gold Jersey Milk,£1.50,(£1.50/lt),fresh_food,milk_butter_eggs,2024-11-19
Arla Bob Skimmed Milk That Tastes like Semi Skimmed,£2.50,(£1.25/lt),fresh_food,milk_butter_eggs,2024-11-19
Arla Big Milk Fresh Whole Milk Vitamin Enriched for Kids 1+,£2.65,(£1.32/lt),fresh_food,milk_butter_eggs,2024-11-19
ASDA British Milk Whole 1 Pint,£0.85,(£1.50/lt),fresh_food,milk_butter_eggs,2024-11-19
Arla LactoFREE Fresh Semi Skimmed Milk,£1.85,(£1.85/lt),fresh_food,milk_butter_eggs,2024-11-19
Asda Arla Farmers Milk Whole 4 Pints,£1.70,(74.9p/lt),fresh_food,milk_butter_eggs,2024-11-19
Arla LactoFREE Fresh Skimmed Milk Drink,£1.85,(£1.85/lt),fresh_food,milk_butter_eggs,2024-11-19
Family Milk Bundle,£4.00,null,fresh_food,milk_butter_eggs,2024-11-19
Yeo Valley Organic Fresh Semi Skimmed Milk,£2.75,(£1.38/lt),fresh_food,milk_butter_eggs,2024-11-19
Delamere Semi Skimmed Goats Milk Chilled,£1.80,(£1.80/lt),fresh_food,milk_butter_eggs,2024-11-19
Weetabix & Cravendale Semi Skimmed Milk Breakfast Bundle,£7.99,null,fresh_food,milk_butter_eggs,2024-11-19
Arla Barista Milk Drink 1 Litre,£1.25,(£1.25/lt),fresh_food,milk_butter_eggs,2024-11-19
Arla LactoFREE Fresh Whole Milk,£1.85,(£1.85/lt),fresh_food,milk_butter_eggs,2024-11-19
Yeo Valley Organic Free Range Fresh Whole Milk,£1.75,(£1.75/lt),fresh_food,milk_butter_eggs,2024-11-19
Asda Arla Farmers Milk Semi Skimmed 4 Pints,£1.70,(74.9p/lt),fresh_food,milk_butter_eggs,2024-11-19
Yeo Valley Organic Free Range Fresh Whole Milk,£2.75,(£1.38/lt),fresh_food,milk_butter_eggs,2024-11-19
Arla LactoFREE Organic Semi Skimmed Milk Drink,£2.00,(£2.00/lt),fresh_food,milk_butter_eggs,2024-11-19
ASDA British Milk Skimmed 1 Pint,£0.85,(£1.50/lt),fresh_food,milk_butter_eggs,2024-11-19
Delamere Whole Goats Milk Chilled,£1.80,(£1.80/lt),fresh_food,milk_butter_eggs,2024-11-19
ASDA Lactose Free Semi Skimmed Milk,£0.99,(99.0p/lt),fresh_food,milk_butter_eggs,2024-11-19
Cravendale Filtered Fresh Semi Skimmed Milk Fresher for Longer,£2.50,(£1.25/lt),fresh_food,milk_butter_eggs,2024-11-19
Yeo Valley Organic Fresh Semi Skimmed Milk,£1.75,(£1.75/lt),fresh_food,milk_butter_eggs,2024-11-19
Cravendale Filtered Fresh Skimmed Milk Fresher for Longer,£2.50,(£1.25/lt),fresh_food,milk_butter_eggs,2024-11-19
Arla LactoFREE Fresh Semi Skimmed Milk,£2.75,(£1.38/lt),fresh_food,milk_butter_eggs,2024-11-19
Arla BOB Semi-Skimmed That Tastes Like Whole Milk,£2.50,(£1.25/lt),fresh_food,milk_butter_eggs,2024-11-19
Arla LactoFREE Fresh Semi Skimmed Milk,£1.85,(£1.85/lt),fresh_food,milk_butter_eggs,2024-11-19
Arla LactoFREE Fresh Whole Milk,£1.85,(£1.85/lt),fresh_food,milk_butter_eggs,2024-11-19
Arla LactoFREE Fresh Skimmed Milk Drink,£1.85,(£1.85/lt),fresh_food,milk_butter_eggs,2024-11-19
Clover Spread,£3.00,(£3.00/kg),fresh_food,milk_butter_eggs,2024-11-19
Country Life Spreadable Lighter 500g,£2.95,(£5.90/kg),fresh_food,milk_butter_eggs,2024-11-19
Anchor Unsalted Butter,£2.00,(£10.00/kg),fresh_food,milk_butter_eggs,2024-11-19
Lurpak Slightly Salted Spreadable 600g,£5.85,(£9.75/kg),fresh_food,milk_butter_eggs,2024-11-19
Anchor Salted Butter,£2.00,(£10.00/kg),fresh_food,milk_butter_eggs,2024-11-19
Flora Buttery 450g,£1.50,(£3.33/kg),fresh_food,milk_butter_eggs,2024-11-19
Flora Lighter 450g,£1.50,(£3.33/kg),fresh_food,milk_butter_eggs,2024-11-19
Bertolli Spread,£2.85,(£6.33/kg),fresh_food,milk_butter_eggs,2024-11-19
Flora Original 1kg,£4.60,(£4.60/kg),fresh_food,milk_butter_eggs,2024-11-19
Flora Buttery 1kg,£4.60,(£4.60/kg),fresh_food,milk_butter_eggs,2024-11-19
Flora Natural Ingredients Lighter 1kg,£4.60,(£4.60/kg),fresh_food,milk_butter_eggs,2024-11-19
Flora Plant Butter Spreadable 400g,£3.00,(£7.50/kg),fresh_food,milk_butter_eggs,2024-11-19
Lurpak Slightly Salted Spreadable 400g,£3.25,(£8.12/kg),fresh_food,milk_butter_eggs,2024-11-19
Lurpak Slightly Salted Lighter 400g,£3.25,(£8.12/kg),fresh_food,milk_butter_eggs,2024-11-19
Anchor Squeezy 500ml,£2.00,(40.0p/100ml),fresh_food,milk_butter_eggs,2024-11-19
Exceptional by ASDA Sea Salted Spreadable with West Country British Butter 250g,£2.50,(£10.00/kg),fresh_food,milk_butter_eggs,2024-11-19
Lurpak Plant Based 400g,£4.00,(£10.00/kg),fresh_food,milk_butter_eggs,2024-11-19
Lurpak Slightly Salted Spreadable Blend of Butter and Rapeseed Oil,£7.25,(£9.67/kg),fresh_food,milk_butter_eggs,2024-11-19
Lurpak Lighter Spreadable Blend of Butter and Rapeseed Oil,£7.25,(£9.67/kg),fresh_food,milk_butter_eggs,2024-11-19
Clover Spread,£2.40,(£4.80/kg),fresh_food,milk_butter_eggs,2024-11-19
Clover Light Spread,£2.40,(£4.80/kg),fresh_food,milk_butter_eggs,2024-11-19
Anchor Spreadable Blend of Butter and Rapeseed Oil 400g,£3.60,(£9.00/kg),fresh_food,milk_butter_eggs,2024-11-19
Anchor Lighter Spreadable Blend of Butter and Rapeseed Oil 400g,£3.60,(£9.00/kg),fresh_food,milk_butter_eggs,2024-11-19
Lurpak Slightly Salted Butter,£2.15,(£10.75/kg),fresh_food,milk_butter_eggs,2024-11-19
Lurpak Unsalted Butter,£2.15,(£10.75/kg),fresh_food,milk_butter_eggs,2024-11-19
Flora Original Spread with Natural Ingredients 450g,£1.50,(£3.33/kg),fresh_food,milk_butter_eggs,2024-11-19
Bertolli Olive Oil Spread,£4.00,(£4.00/kg),fresh_food,milk_butter_eggs,2024-11-19
Country Life British Spreadable,£2.95,(£5.90/kg),fresh_food,milk_butter_eggs,2024-11-19
Anchor Spreadable Blend of Butter and Rapeseed Oil 750g,£5.25,(£7.00/kg),fresh_food,milk_butter_eggs,2024-11-19
Clover Light Spread,£3.00,(£3.00/kg),fresh_food,milk_butter_eggs,2024-11-19
I Can't Believe It's Not Butter Original 500g,£1.25,(£2.50/kg),fresh_food,milk_butter_eggs,2024-11-19
I Can't Believe It's Not Butter Light 500g,£1.25,(£2.50/kg),fresh_food,milk_butter_eggs,2024-11-19
All Things Butter Organic British Salted Butter 250g,£2.70,(£10.80/kg),fresh_food,milk_butter_eggs,2024-11-19
ASDA Reduced Fat Spreadable Slightly Salted 500g,£2.09,(£4.18/kg),fresh_food,milk_butter_eggs,2024-11-19
Lurpak Slightly Salted Spreadable Blend of Butter and Rapeseed Oil,£2.75,(£11.00/kg),fresh_food,milk_butter_eggs,2024-11-19
Yeo Valley Organic Spreadable 400g,£3.60,(£9.00/kg),fresh_food,milk_butter_eggs,2024-11-19
Lurpak Unsalted Spreadable 400g,£3.25,(£8.12/kg),fresh_food,milk_butter_eggs,2024-11-19
Country Life British Spreadable,£5.25,(£7.00/kg),fresh_food,milk_butter_eggs,2024-11-19
ASDA Brilliantly Buttery 1kg,£1.90,(£1.90/kg),fresh_food,milk_butter_eggs,2024-11-19
ASDA Brilliantly Buttery 500g,£1.10,(£2.20/kg),fresh_food,milk_butter_eggs,2024-11-19
Lurpak Slightly Salted Butter Box,£2.15,(£11.94/kg),fresh_food,milk_butter_eggs,2024-11-19
Lurpak Lighter Slightly Salted Butter,£2.15,(£10.75/kg),fresh_food,milk_butter_eggs,2024-11-19
Country Life British Salted Butter,£2.50,(£10.00/kg),fresh_food,milk_butter_eggs,2024-11-19
JUST ESSENTIALS by ASDA Soft Spread 500g,£0.85,(£1.70/kg),fresh_food,milk_butter_eggs,2024-11-19
Clover Spread,£3.00,(£3.00/kg),fresh_food,milk_butter_eggs,2024-11-19
Country Life Spreadable Lighter 500g,£2.95,(£5.90/kg),fresh_food,milk_butter_eggs,2024-11-19
Anchor Unsalted Butter,£2.00,(£10.00/kg),fresh_food,milk_butter_eggs,2024-11-19
Anchor Spreadable Blend of Butter and Rapeseed Oil 400g,£3.60,(£9.00/kg),fresh_food,milk_butter_eggs,2024-11-19
Anchor Spreadable Blend of Butter and Rapeseed Oil 750g,£5.25,(£7.00/kg),fresh_food,milk_butter_eggs,2024-11-19
Anchor Squeezy 500ml,£2.00,(40.0p/100ml),fresh_food,milk_butter_eggs,2024-11-19
Lurpak Plant Based 400g,£4.00,(£10.00/kg),fresh_food,milk_butter_eggs,2024-11-19
Lurpak Unsalted Spreadable 400g,£3.25,(£8.12/kg),fresh_food,milk_butter_eggs,2024-11-19
Benecol Buttery Taste 500g,£4.40,(£8.80/kg),fresh_food,milk_butter_eggs,2024-11-19
Clover Spread,£3.00,(£3.00/kg),fresh_food,milk_butter_eggs,2024-11-19
Country Life Spreadable Lighter 500g,£2.95,(£5.90/kg),fresh_food,milk_butter_eggs,2024-11-19
Anchor Unsalted Butter,£2.00,(£10.00/kg),fresh_food,milk_butter_eggs,2024-11-19
Willow Spread,£1.30,(£5.20/kg),fresh_food,milk_butter_eggs,2024-11-19
Willow Spreadable 500g,£2.00,(£4.00/kg),fresh_food,milk_butter_eggs,2024-11-19
Benecol Buttery Taste 500g,£4.40,(£8.80/kg),fresh_food,milk_butter_eggs,2024-11-19
ASDA British Salted Butter 250g,£2.00,(£8.00/kg),fresh_food,milk_butter_eggs,2024-11-19
ASDA Olive Spread 500g,£1.40,(£2.80/kg),fresh_food,milk_butter_eggs,2024-11-19
ASDA British Unsalted Butter 500g,£3.80,(£7.60/kg),fresh_food,milk_butter_eggs,2024-11-19
ASDA British Unsalted Butter 250g,£2.00,(£8.00/kg),fresh_food,milk_butter_eggs,2024-11-19
JUST ESSENTIALS by ASDA Lard 250g,£0.50,(£2.00/kg),fresh_food,milk_butter_eggs,2024-11-19
Vitalite Dairy Free Spread,£1.50,(£3.00/kg),fresh_food,milk_butter_eggs,2024-11-19
Kerrygold Salted Butter,£2.60,(£10.40/kg),fresh_food,milk_butter_eggs,2024-11-19
BAKE by ASDA Best For Baking Cakes & Sponges Spread 1kg,£2.20,(£2.20/kg),fresh_food,milk_butter_eggs,2024-11-19
ASDA British Salted Butter 500g,£3.80,(£7.60/kg),fresh_food,milk_butter_eggs,2024-11-19
Stork Baking Spread alternative to Butter,£3.50,(£3.50/kg),fresh_food,milk_butter_eggs,2024-11-19
Meadow Churn Garlic Butter,£2.00,(£16.67/kg),fresh_food,milk_butter_eggs,2024-11-19
ProActiv Buttery Taste Spread,£3.50,(£7.78/kg),fresh_food,milk_butter_eggs,2024-11-19
ProActiv Light Spread,£3.50,(£7.78/kg),fresh_food,milk_butter_eggs,2024-11-19
Lurpak Garlic Butter,£2.25,(£18.00/kg),fresh_food,milk_butter_eggs,2024-11-19
BAKE by ASDA Best For Baking Cakes & Sponges Spread 500g,£1.45,(£2.90/kg),fresh_food,milk_butter_eggs,2024-11-19
ASDA Extra Special West Country Butter,£2.45,(£9.80/kg),fresh_food,milk_butter_eggs,2024-11-19
Stork Baking Spread alternative to Butter,£1.95,(£3.90/kg),fresh_food,milk_butter_eggs,2024-11-19
BAKE by ASDA Best For Baking Biscuits & Pastry Block 250g,£1.00,(£4.00/kg),fresh_food,milk_butter_eggs,2024-11-19
Flora Original 250g,£1.50,(£6.00/kg),fresh_food,milk_butter_eggs,2024-11-19
Two Chicks Liquid Egg White,£3.50,(70.0p/100g),fresh_food,milk_butter_eggs,2024-11-19
Flora Plant Butter Salted 200g,£1.65,(£8.25/kg),fresh_food,milk_butter_eggs,2024-11-19
Arla LactoFREE Slightly Salted Spreadable Blend of Butter and Rapeseed Oil,£2.25,(£9.00/kg),fresh_food,milk_butter_eggs,2024-11-19
All Things Butter British Garlic & Herb Butter 125g,£2.40,(£19.20/kg),fresh_food,milk_butter_eggs,2024-11-19
ASDA Buttermilk 300ml,£1.00,(£3.33/lt),fresh_food,milk_butter_eggs,2024-11-19
Bertolli Light Spread,£2.85,(£6.33/kg),fresh_food,milk_butter_eggs,2024-11-19
ProActiv Light Spread,£2.70,(£10.80/kg),fresh_food,milk_butter_eggs,2024-11-19
Stork Vegan Baking Block,£1.50,(£6.00/kg),fresh_food,milk_butter_eggs,2024-11-19
ASDA Organic Slightly Salted Butter,£3.00,(£12.00/kg),fresh_food,milk_butter_eggs,2024-11-19
Pure Dairy Free Sunflower 500g,£1.50,(£3.00/kg),fresh_food,milk_butter_eggs,2024-11-19
Flora Buttery Spread with Natural Ingredients 250g,£1.50,(£6.00/kg),fresh_food,milk_butter_eggs,2024-11-19
ProActiv Buttery Taste Spread,£2.70,(£10.80/kg),fresh_food,milk_butter_eggs,2024-11-19
Joseph Heler Cheshire Butter,£2.50,(£10.00/kg),fresh_food,milk_butter_eggs,2024-11-19
Flora Lighter 250g,£1.50,(£6.00/kg),fresh_food,milk_butter_eggs,2024-11-19
Flora Plant Butter Unsalted 200g,£1.65,(£8.25/kg),fresh_food,milk_butter_eggs,2024-11-19
President French Slightly Salted Butter,£2.70,(£10.80/kg),fresh_food,milk_butter_eggs,2024-11-19
Trex Dairy Free Baking Block,£1.50,(£6.00/kg),fresh_food,milk_butter_eggs,2024-11-19
Britannia Finest Beef Dripping,£1.25,(£5.00/kg),fresh_food,milk_butter_eggs,2024-11-19
ASDA Spreadable Slightly Salted Butter 500g,£2.09,(£4.18/kg),fresh_food,milk_butter_eggs,2024-11-19
Clover Spread,£3.00,(£3.00/kg),fresh_food,milk_butter_eggs,2024-11-19
Country Life Spreadable Lighter 500g,£2.95,(£5.90/kg),fresh_food,milk_butter_eggs,2024-11-19
Anchor Unsalted Butter,£2.00,(£10.00/kg),fresh_food,milk_butter_eggs,2024-11-19
Anchor Spreadable Blend of Butter and Rapeseed Oil 400g,£3.60,(£9.00/kg),fresh_food,milk_butter_eggs,2024-11-19
Anchor Spreadable Blend of Butter and Rapeseed Oil 750g,£5.25,(£7.00/kg),fresh_food,milk_butter_eggs,2024-11-19
Lurpak Plant Based 400g,£4.00,(£10.00/kg),fresh_food,milk_butter_eggs,2024-11-19
Anchor Squeezy 500ml,£2.00,(40.0p/100ml),fresh_food,milk_butter_eggs,2024-11-19
Lurpak Unsalted Spreadable 400g,£3.25,(£8.12/kg),fresh_food,milk_butter_eggs,2024-11-19
Benecol Buttery Taste 500g,£4.40,(£8.80/kg),fresh_food,milk_butter_eggs,2024-11-19
ASDA 6 Medium Free Range Eggs,£1.60,(26.7p/each),fresh_food,milk_butter_eggs,2024-11-19
ASDA 6 Large Free Range Eggs,£1.95,(32.5p/each),fresh_food,milk_butter_eggs,2024-11-19
ASDA 10 Big Eggs,£2.40,(24.0p/each),fresh_food,milk_butter_eggs,2024-11-19
ASDA Eggs Mixed Weight Free Range,£2.75,(18.3p/each),fresh_food,milk_butter_eggs,2024-11-19
JUST ESSENTIALS by ASDA 15 Eggs,£1.99,(13.3p/each),fresh_food,milk_butter_eggs,2024-11-19
ASDA 12 Medium Free Range Eggs,£2.65,(22.1p/each),fresh_food,milk_butter_eggs,2024-11-19
Big & Fresh 6 Medium Eggs,£1.50,(25.0p/each),fresh_food,milk_butter_eggs,2024-11-19
Big & Fresh 10 Mixed Weight Eggs,£2.75,(27.5p/each),fresh_food,milk_butter_eggs,2024-11-19
ASDA 12 Large Free Range Eggs,£3.15,(26.2p/each),fresh_food,milk_butter_eggs,2024-11-19
Exceptional by ASDA 6 Free Range Golden Yolk Eggs 328g,£2.20,(36.7p/each),fresh_food,milk_butter_eggs,2024-11-19
Big Yolkers 10 630g,£2.90,(29.0p/each),fresh_food,milk_butter_eggs,2024-11-19
The Happy Egg Co Free Range 10 Large Eggs,£3.50,(35.0p/each),fresh_food,milk_butter_eggs,2024-11-19
"The Happy Egg Co Free Range, 10 Medium Eggs",£3.00,(30.0p/each),fresh_food,milk_butter_eggs,2024-11-19
The Happy Egg Co Free Range 15 Medium,£4.00,(26.7p/each),fresh_food,milk_butter_eggs,2024-11-19
ASDA Organic Free Range 6 Mixed Eggs,£2.50,(41.7p/each),fresh_food,milk_butter_eggs,2024-11-19
"Freshlay Golden Yolks, Free Range, 10 Mixed Weight Eggs",£3.65,(36.5p/each),fresh_food,milk_butter_eggs,2024-11-19
The Happy Egg Co Free Range 6 Large Eggs,£2.80,(46.7p/each),fresh_food,milk_butter_eggs,2024-11-19
Staveley 12 Large Free Range Eggs,£3.40,(28.3p/each),fresh_food,milk_butter_eggs,2024-11-19
Staveley 12 Medium Free Range Eggs,£3.10,(25.8p/each),fresh_food,milk_butter_eggs,2024-11-19
Purely Organic 10 Mixed Weight Eggs,£4.60,(46.0p/each),fresh_food,milk_butter_eggs,2024-11-19
Staveley Very Large Free Range Eggs,£2.25,(37.5p/each),fresh_food,milk_butter_eggs,2024-11-19
Staveley Large Free Range Eggs,£2.10,(35.0p/each),fresh_food,milk_butter_eggs,2024-11-19
Tefal Essential Non-Stick Frying Pan,£15.00,(£15.00/each),fresh_food,milk_butter_eggs,2024-11-19
George Home Pan Set,£10.00,(£10.00/each),fresh_food,milk_butter_eggs,2024-11-19
Scoville Neverstick Saute Pan,£23.00,(£23.00/each),fresh_food,milk_butter_eggs,2024-11-19
George Home Non-stick Aluminium Saute Pan,£10.00,(£10.00/each),fresh_food,milk_butter_eggs,2024-11-19
George Home Grey Simplicity 28cm Wok,£13.00,(£13.00/each),fresh_food,milk_butter_eggs,2024-11-19
Scoville Steellux 20cm Saucepan,£18.00,(£18.00/each),fresh_food,milk_butter_eggs,2024-11-19
George Home Black Barbican Saute Pan 28cm,£20.00,(£20.00/each),fresh_food,milk_butter_eggs,2024-11-19
JML Copper Stone Pan 28 cm,£29.97,(£29.97/each),fresh_food,milk_butter_eggs,2024-11-19
George Home Non-stick Spun Steel Wok Silver - 27cm,£6.00,(£6.00/each),fresh_food,milk_butter_eggs,2024-11-19
George Home Saute Pan,£18.00,(£18.00/each),fresh_food,milk_butter_eggs,2024-11-19
George Home Grey Simplicity 24cm Frying Pan,£10.00,(£10.00/each),fresh_food,milk_butter_eggs,2024-11-19
George Home Frying Pan,£10.00,(£10.00/each),fresh_food,milk_butter_eggs,2024-11-19
Gino D'Acampo Black Pro Frying Pan - 32cm,£20.00,(£20.00/each),fresh_food,milk_butter_eggs,2024-11-19
Tefal Essential Non-stick Wok,£12.00,(£12.00/each),fresh_food,milk_butter_eggs,2024-11-19
Tefal Titanium Excellence G1511944 28cm Wok,£26.00,(£26.00/each),fresh_food,milk_butter_eggs,2024-11-19
Gino D'Acampo 24cm Frying Pan,£12.00,(£12.00/each),fresh_food,milk_butter_eggs,2024-11-19
Scoville Steellux 16cm Saucepan,£16.00,(£16.00/each),fresh_food,milk_butter_eggs,2024-11-19
George Home Black Barbican Pans - Set of 5,£49.00,(£49.00/each),fresh_food,milk_butter_eggs,2024-11-19
George Home Disney Nightmare Before Christmas Pancake Pan,£10.00,(£10.00/each),fresh_food,milk_butter_eggs,2024-11-19
Tefal Essential 24cm Frying Pan,£8.50,(£8.50/each),fresh_food,milk_butter_eggs,2024-11-19
George Home Black Barbican Wok 28cm,£15.00,(£15.00/each),fresh_food,milk_butter_eggs,2024-11-19
Gino D'Acampo 28cm Saute Pan,£20.00,(£20.00/each),fresh_food,milk_butter_eggs,2024-11-19
George Home Spun Steel Wok - 35cm,£10.00,(£10.00/each),fresh_food,milk_butter_eggs,2024-11-19
Scoville Pro Frying Pan,£20.00,(£20.00/each),fresh_food,milk_butter_eggs,2024-11-19
George Home Cream Enamelled Cast Iron Square Grill Pan - 28cm,£14.00,(£14.00/each),fresh_food,milk_butter_eggs,2024-11-19
Scoville Pro Neverstick+ 26cm Saute Pan,£25.00,(£25.00/each),fresh_food,milk_butter_eggs,2024-11-19
George Home Grey Simplicity 5-Piece Pan Set,£60.00,(£60.00/each),fresh_food,milk_butter_eggs,2024-11-19
George Home Non-Stick Aluminium Frying Pan 28cm,£7.00,(£7.00/each),fresh_food,milk_butter_eggs,2024-11-19
George Home Non-Stick Frying Pan 32cm,£9.00,(£9.00/each),fresh_food,milk_butter_eggs,2024-11-19
George Home Wok,£18.00,(£18.00/each),fresh_food,milk_butter_eggs,2024-11-19
George Home Black Barbican Frying Pan 24cm,£12.00,(£12.00/each),fresh_food,milk_butter_eggs,2024-11-19
Tefal Essential Non-stick Frying Pans - Twin Pack,£22.00,(£22.00/each),fresh_food,milk_butter_eggs,2024-11-19
Scoville Wok,£22.00,(£22.00/each),fresh_food,milk_butter_eggs,2024-11-19
Scoville Pro Frying Pan With Helper Handle,£26.00,(£26.00/each),fresh_food,milk_butter_eggs,2024-11-19
Scoville Pro Frying Pan,£23.00,(£23.00/each),fresh_food,milk_butter_eggs,2024-11-19
George Home Non-stick Aluminium Frying Pan,£5.00,(£5.00/each),fresh_food,milk_butter_eggs,2024-11-19
Gino D'Acampo 5 Piece Pan Set,£65.00,(£65.00/each),fresh_food,milk_butter_eggs,2024-11-19
Tefal Titanium Excellence G1510444 24cm Frying Pan,£22.00,(£22.00/each),fresh_food,milk_butter_eggs,2024-11-19
George Home Non-Stick Aluminium Chip Pan,£9.00,(£9.00/each),fresh_food,milk_butter_eggs,2024-11-19
George Home Simplicity Frying Pans 2 Pack,£18.00,(£18.00/each),fresh_food,milk_butter_eggs,2024-11-19
George Home Matte Black 28cm Non-Stick Wok,£11.00,(£11.00/each),fresh_food,milk_butter_eggs,2024-11-19
George Home Cream Enamelled Cast Iron Square Grill Pan - 28cm,£14.00,(£14.00/each),fresh_food,milk_butter_eggs,2024-11-19
George Home Wok,£18.00,(£18.00/each),fresh_food,milk_butter_eggs,2024-11-19
Scoville Pro Frying Pan,£20.00,(£20.00/each),fresh_food,milk_butter_eggs,2024-11-19
George Home Spun Steel Wok - 35cm,£10.00,(£10.00/each),fresh_food,milk_butter_eggs,2024-11-19
Scoville Pro Neverstick+ 26cm Saute Pan,£25.00,(£25.00/each),fresh_food,milk_butter_eggs,2024-11-19
George Home Non-Stick Frying Pan 32cm,£9.00,(£9.00/each),fresh_food,milk_butter_eggs,2024-11-19
George Home Grey Simplicity 5-Piece Pan Set,£60.00,(£60.00/each),fresh_food,milk_butter_eggs,2024-11-19
Scoville Steellux 2 Piece Frying Pan Set,£26.00,(£26.00/each),fresh_food,milk_butter_eggs,2024-11-19
Scoville Pro Frying Pan,£23.00,(£23.00/each),fresh_food,milk_butter_eggs,2024-11-19
Tefal Essential Non-stick Frying Pans - Twin Pack,£22.00,(£22.00/each),fresh_food,milk_butter_eggs,2024-11-19
Scoville Wok,£22.00,(£22.00/each),fresh_food,milk_butter_eggs,2024-11-19
Scoville Wok,£15.00,(£15.00/each),fresh_food,milk_butter_eggs,2024-11-19
George Home Non-stick Aluminium Frying Pan,£5.00,(£5.00/each),fresh_food,milk_butter_eggs,2024-11-19
Scoville Pro Frying Pan With Helper Handle,£26.00,(£26.00/each),fresh_food,milk_butter_eggs,2024-11-19
Tefal Easycare Jumbo Cooker,£16.00,(£16.00/each),fresh_food,milk_butter_eggs,2024-11-19
George Home Black Barbican Frying Pan 24cm,£12.00,(£12.00/each),fresh_food,milk_butter_eggs,2024-11-19
Scoville Frying Pan,£18.00,(£18.00/each),fresh_food,milk_butter_eggs,2024-11-19
Tefal Essential 32cm Frying Pan,£14.00,(£14.00/each),fresh_food,milk_butter_eggs,2024-11-19
George Home Non-Stick Aluminium Frying Pan 28cm,£7.00,(£7.00/each),fresh_food,milk_butter_eggs,2024-11-19
George Home Aluminium Karahi,£10.00,(£10.00/each),fresh_food,milk_butter_eggs,2024-11-19
JML Copper Stone Pan 20 cm,£19.97,(£19.97/each),fresh_food,milk_butter_eggs,2024-11-19
Gino D'Acampo 28cm Frying Pan,£14.00,(£14.00/each),fresh_food,milk_butter_eggs,2024-11-19
George Home Black Softgrip Frying Pan,£8.00,(£8.00/each),fresh_food,milk_butter_eggs,2024-11-19
Scoville Mini Egg Pan,£8.00,(£8.00/each),fresh_food,milk_butter_eggs,2024-11-19
Scoville Neverstick 30cm Chapati Pan,£16.00,(£16.00/each),fresh_food,milk_butter_eggs,2024-11-19
George Home Non-Stick Aluminium Frying Pan 2 Pack,£8.50,(£8.50/each),fresh_food,milk_butter_eggs,2024-11-19
JML Copper Stone Pan 24 cm,£24.97,(£24.97/each),fresh_food,milk_butter_eggs,2024-11-19
Gino D'Acampo 32cm Frying Pan,£16.00,(£16.00/each),fresh_food,milk_butter_eggs,2024-11-19
Gino D'Acampo Black Pro Frying Pan - 28cm,£18.00,(£18.00/each),fresh_food,milk_butter_eggs,2024-11-19
Scoville Frying Pan,£22.00,(£22.00/each),fresh_food,milk_butter_eggs,2024-11-19
George Home Black Non-Stick Omelette Maker GOM101B-21,£14.00,(£14.00/each),fresh_food,milk_butter_eggs,2024-11-19
Tefal Grill Pan,£18.00,(£18.00/each),fresh_food,milk_butter_eggs,2024-11-19
Tefal Titanium Excellence G1510644 28cm Frying Pan,£25.00,(£25.00/each),fresh_food,milk_butter_eggs,2024-11-19
Scoville Neverstick Square Grill Pan,£20.00,(£20.00/each),fresh_food,milk_butter_eggs,2024-11-19
Tefal Titanium Force 5pc Pan Set,£65.00,(£65.00/each),fresh_food,milk_butter_eggs,2024-11-19
Alpro Barista Oat 750ml,£1.75,(£2.33/lt),fresh_food,dairy_free,2024-11-19
Arla Jörd Barista Nordic Oats 1L,£2.00,(£2.00/lt),fresh_food,dairy_free,2024-11-19
Alpro Smooth Subtle Creamy Oat 500ml,£1.00,(£2.00/lt),fresh_food,dairy_free,2024-11-19
Alpro No Sugars Nutty Almond 500ml,£1.00,(£2.00/lt),fresh_food,dairy_free,2024-11-19
Arla Jörd Nordic Oat Drink Plain 1L,£1.90,(£1.90/lt),fresh_food,dairy_free,2024-11-19
Arla Jörd Oat Drink Nordic Oats Vanilla 1 litre,£1.90,(£1.90/lt),fresh_food,dairy_free,2024-11-19
Alpro Plant Protein 750ml,£1.50,(20.0p/100ml),fresh_food,dairy_free,2024-11-19
Alpro Plant Protein Chocolate Flavour 750ml,£1.50,(20.0p/100ml),fresh_food,dairy_free,2024-11-19
Oddlygood Barista Vanilla Flavour Oat Drink 1L,£2.49,(£2.49/lt),fresh_food,dairy_free,2024-11-19
Oddlygood Barista Salted Caramel Flavour Oat Drink 1L,£2.49,(£2.49/lt),fresh_food,dairy_free,2024-11-19
Oatly Oat Drink No Sugars Chilled 1L,£2.20,(£2.20/lt),fresh_food,dairy_free,2024-11-19
Oatly The Original Whole Oat Drink,£1.50,(£1.50/lt),fresh_food,dairy_free,2024-11-19
Oatly The Original Oat Drink Organic,£1.70,(£1.70/lt),fresh_food,dairy_free,2024-11-19
Oatly Oat Drink Chocolate Deluxe,£1.70,(£1.70/lt),fresh_food,dairy_free,2024-11-19
Oatly Barista Edition The Original Oat Drink,£1.70,(£1.70/lt),fresh_food,dairy_free,2024-11-19
Oatly The Original Semi Oat Drink,£1.50,(£1.50/lt),fresh_food,dairy_free,2024-11-19
ASDA Lactose Free Semi Skimmed Milk,£0.99,(99.0p/lt),fresh_food,dairy_free,2024-11-19
Alpro Almond No Sugars Long Life Drink,£1.50,(15.0p/100ml),fresh_food,dairy_free,2024-11-19
Arla LactoFREE Fresh Semi Skimmed Milk,£1.85,(£1.85/lt),fresh_food,dairy_free,2024-11-19
Plant Based by ASDA Oat Drink 1Litre,£1.45,(£1.45/lt),fresh_food,dairy_free,2024-11-19
Arla LactoFREE Fresh Semi Skimmed Milk,£2.75,(£1.38/lt),fresh_food,dairy_free,2024-11-19
Califia Farms Oat Barista Blend Chilled Style,£1.50,(£1.50/lt),fresh_food,dairy_free,2024-11-19
Alpro Soya No Sugars Chilled Drink,£2.00,(£2.00/lt),fresh_food,dairy_free,2024-11-19
Plenish Organic Almond Dairy Alternative Chilled Drink 1L,£2.25,(£2.25/lt),fresh_food,dairy_free,2024-11-19
Alpro Soya Vanilla Long Life Drink,£2.00,(20.0p/100ml),fresh_food,dairy_free,2024-11-19
Oddlygood Barista Oat Drink 1L,£1.69,(£1.69/lt),fresh_food,dairy_free,2024-11-19
Mighty Milkology Ultimate Barista Oat Milk Alternative Long Life,£2.00,(£2.00/lt),fresh_food,dairy_free,2024-11-19
Califia Farms Unsweetened Vanilla Almond Drink,£2.10,(28.0p/100ml),fresh_food,dairy_free,2024-11-19
Arla LactoFREE Whole Milk Drink 2 Litre,£2.75,(£1.38/lt),fresh_food,dairy_free,2024-11-19
Califia Farms XX Espresso Cold Brew Coffee with Almond,£2.95,(39.3p/100ml),fresh_food,dairy_free,2024-11-19
Alpro Coconut Long Life Drink,£2.00,(20.0p/100ml),fresh_food,dairy_free,2024-11-19
Alpro Barista Almond 1L,£1.50,(£1.50/lt),fresh_food,dairy_free,2024-11-19
Alpro Organic No Sugars Soya Long Life Drink,£2.00,(20.0p/100ml),fresh_food,dairy_free,2024-11-19
ASDA Plant Based Oat Barista Drink 1 Litre,£1.45,(£1.45/lt),fresh_food,dairy_free,2024-11-19
Alpro Soya Growing Up Long Life Drink,£2.00,(20.0p/100ml),fresh_food,dairy_free,2024-11-19
Blue Diamond Long Life Almond Breeze Drink Unsweetened,£1.90,(£1.90/lt),fresh_food,dairy_free,2024-11-19
Alpro Soya Long Life Drink,£2.00,(20.0p/100ml),fresh_food,dairy_free,2024-11-19
Starbucks Oat Based Vanilla Macchiato Plant Based Iced Coffee,£2.20,(£10.00/lt),fresh_food,dairy_free,2024-11-19
Arla LactoFREE Fresh Skimmed Milk Drink,£1.85,(£1.85/lt),fresh_food,dairy_free,2024-11-19
Plant Based by ASDA Almond Unsweetened Drink 1 Litre,£1.25,(£1.25/lt),fresh_food,dairy_free,2024-11-19
Alpro Alpro Oat No Sugars Long Life Drink Stock Up Bundle,£6.00,null,fresh_food,dairy_free,2024-11-19
Califia Farms Mocha Cold Brew Coffee with Almond,£2.95,(39.3p/100ml),fresh_food,dairy_free,2024-11-19
Starbucks Almond Based Plant Based Iced Coffee,£1.25,(56.8p/100ml),fresh_food,dairy_free,2024-11-19
Alpro Almond No Sugars Chilled Drink,£1.50,(15.0p/100ml),fresh_food,dairy_free,2024-11-19
Arla Protein Strawberry & Raspberry Milk Shake,£1.80,(£3.73/lt),fresh_food,dairy_free,2024-11-19
Alpro Soya No Sugars Long Life Drink,£2.00,(20.0p/100ml),fresh_food,dairy_free,2024-11-19
Plant Based by ASDA Almond Unsweetened 1 Litre,£1.20,(£1.20/lt),fresh_food,dairy_free,2024-11-19
Oatly Oat Drink Whole,£2.10,(£2.10/lt),fresh_food,dairy_free,2024-11-19
Koko Dairy Free Original Drink Chilled,£1.85,(£1.85/lt),fresh_food,dairy_free,2024-11-19
Arla LactoFREE Fresh Whole Milk,£1.85,(£1.85/lt),fresh_food,dairy_free,2024-11-19
MOMA Barista Oat Drink Unsweetened,£2.00,(£2.00/lt),fresh_food,dairy_free,2024-11-19
Plant Based by ASDA Unsweetened Soya 1 Litre,£1.35,(£1.35/lt),fresh_food,dairy_free,2024-11-19
Plant Based by ASDA Almond Sweetened Drink 1Litre,£1.20,(£1.20/lt),fresh_food,dairy_free,2024-11-19
Oatly Oat Drink Barista Edition Long Life,£2.20,(£2.20/lt),fresh_food,dairy_free,2024-11-19
Arla Protein Vanilla Milk Shake,£1.80,(£3.73/lt),fresh_food,dairy_free,2024-11-19
Arla Protein Chocolate Milk Shake,£1.80,(£3.73/lt),fresh_food,dairy_free,2024-11-19
Alpro Soya Plant-Based Chilled Drink,£2.00,(£2.00/lt),fresh_food,dairy_free,2024-11-19
Alpro Alpro Soya No Sugars Long Life Drink Stock Up Bundle,£6.00,null,fresh_food,dairy_free,2024-11-19
Alpro Chocolate Soya Plant-Based Chilled Drink,£2.00,(£2.00/lt),fresh_food,dairy_free,2024-11-19
Alpro Almond Plant-Based Chilled Drink,£1.50,(£1.50/lt),fresh_food,dairy_free,2024-11-19
Oatly Creamy Oat Chilled Style,£1.25,(50.0p/100ml),fresh_food,dairy_free,2024-11-19
Alpro Oat No Sugars Chilled Drink,£1.50,(15.0p/100ml),fresh_food,dairy_free,2024-11-19
Alpro Soya High Protein Chocolate Long Life Drink,£2.30,(23.0p/100ml),fresh_food,dairy_free,2024-11-19
MOMA Barista Oat Drink Unsweetened,£2.00,(£2.00/lt),fresh_food,dairy_free,2024-11-19
Alpro No Sugars Coco 1L,£2.00,(20.0p/100ml),fresh_food,dairy_free,2024-11-19
Arla LactoFREE Long Life Semi Skimmed Milk Drink,£2.00,(£2.00/lt),fresh_food,dairy_free,2024-11-19
UFC Velvet Coconut Milk Unsweetened 1L,£2.80,(£2.80/lt),fresh_food,dairy_free,2024-11-19
Oatly Oat Drink Barista Edition Long Life,£2.20,(£2.20/lt),fresh_food,dairy_free,2024-11-19
Arla LactoFREE Organic Semi Skimmed Milk Drink,£2.00,(£2.00/lt),fresh_food,dairy_free,2024-11-19
Alpro Oat No Sugars Long Life Drink,£2.00,(£2.00/lt),fresh_food,dairy_free,2024-11-19
Alpro Barista Oat Long Life Drink,£1.50,(£1.50/lt),fresh_food,dairy_free,2024-11-19
Califia Farms Oat Barista Blend,£1.50,(£1.50/lt),fresh_food,dairy_free,2024-11-19
Koko Dairy Free Unsweetened Drink Chilled,£1.85,(£1.85/lt),fresh_food,dairy_free,2024-11-19
Mighty High Protein Pea Milk Alternative Long Life Unsweetened,£1.90,(£1.90/lt),fresh_food,dairy_free,2024-11-19
Alpro Almond Long Life Drink,£2.00,(£2.00/lt),fresh_food,dairy_free,2024-11-19
Alpro Soya Light Long Life Drink,£2.00,(20.0p/100ml),fresh_food,dairy_free,2024-11-19
Oatly Oat Drink Skinny,£2.10,(£2.10/lt),fresh_food,dairy_free,2024-11-19
Vitasoy Soy Drink 250ml,£0.75,(30.0p/100ml),fresh_food,dairy_free,2024-11-19
Alpro Oat Long Life Drink,£2.00,(20.0p/100ml),fresh_food,dairy_free,2024-11-19
Alpro Almond No Sugars Long Life Drink Stock Up Bundle,£4.50,null,fresh_food,dairy_free,2024-11-19
Oatly The Original No Sugars Oat Drink,£2.00,(£2.00/lt),fresh_food,dairy_free,2024-11-19
Alpro Soya Light Plant-Based Chilled Drink,£2.00,(£2.00/lt),fresh_food,dairy_free,2024-11-19
Alpro Creamy Oat 1L,£1.50,(£1.50/lt),fresh_food,dairy_free,2024-11-19
Alpro Soya High Protein Long Life Drink,£2.30,(23.0p/100ml),fresh_food,dairy_free,2024-11-19
Califia Farms Cold Brew Coffee with Oat Caramel 750ml,£2.95,(39.3p/100ml),fresh_food,dairy_free,2024-11-19
Oatly Chocolate Oat Drink Long Life,£1.80,(£1.80/lt),fresh_food,dairy_free,2024-11-19
Alpro Hazelnut Long Life Drink,£2.00,(20.0p/100ml),fresh_food,dairy_free,2024-11-19
Califia Farms Original Oat Drink,£1.50,(£1.50/lt),fresh_food,dairy_free,2024-11-19
Alpro Growing Up Oat Drink 1-3+ Years,£2.00,(20.0p/100ml),fresh_food,dairy_free,2024-11-19
Plant Based by ASDA Oat Drink 1 Litre,£1.45,(£1.45/lt),fresh_food,dairy_free,2024-11-19
Alpro Soya Chocolate Long Life Drink,£2.00,(20.0p/100ml),fresh_food,dairy_free,2024-11-19
Arla LactoFREE Long Life Whole Milk Drink,£2.00,(£2.00/lt),fresh_food,dairy_free,2024-11-19
Arla Jörd Nordic Oat Drink Plain 1L,£1.80,(£1.80/lt),fresh_food,dairy_free,2024-11-19
Alpro Soya Drink Growing Up 1-3yr+ Uht,£2.00,(£2.67/lt),fresh_food,dairy_free,2024-11-19
Arla Jörd Nordic Oat Drink Stock Up Bundle,£5.40,null,fresh_food,dairy_free,2024-11-19
Alpro Coconut Drink Original Chilled,£2.00,(20.0p/100ml),fresh_food,dairy_free,2024-11-19
Plant Based by ASDA Coconut Drink 1 Litre,£1.25,(£1.25/lt),fresh_food,dairy_free,2024-11-19
Plant Based by ASDA Chocolate Flavoured Oat Drink 200ml,£1.90,(£1.58/lt),fresh_food,dairy_free,2024-11-19
Arla LactoFREE Mature Cheddar Cheese,£2.50,(£12.50/kg),fresh_food,cheese,2024-11-19
Cathedral City Half Fat Mature Cheddar Shredded 180g,£1.75,(£9.72/kg),fresh_food,cheese,2024-11-19
Arla Lactofree Mature Cheddar Grated Cheese 200g,£2.50,(£12.50/kg),fresh_food,cheese,2024-11-19
ASDA British Mature Cheddar Cheese 400g,£3.00,(£7.50/kg),fresh_food,cheese,2024-11-19
ASDA British Extra Mature Cheddar Cheese,£3.00,(£7.50/kg),fresh_food,cheese,2024-11-19
ASDA British Medium Cheddar 400g,£3.00,(£7.50/kg),fresh_food,cheese,2024-11-19
ASDA British Mild Cheddar Cheese 400g,£3.00,(£7.50/kg),fresh_food,cheese,2024-11-19
Cathedral City Our Naturally Smoked Cheddar 300g,£3.60,(£12.00/kg),fresh_food,cheese,2024-11-19
Cathedral City High Protein Half Fat Mature Cheddar 300g,£3.50,(£11.67/kg),fresh_food,cheese,2024-11-19
Cathedral City 5 Half Fat Mature Cheddar Mighty Slices 150g,£1.75,(£11.67/kg),fresh_food,cheese,2024-11-19
Exceptional by ASDA Vintage Red Fox 200g,£2.85,(£14.25/kg),fresh_food,cheese,2024-11-19
Exceptional by ASDA Mature Double Gloucester 200g,£2.85,(£14.25/kg),fresh_food,cheese,2024-11-19
Cathedral City Our Mature Cheddar 550g,£5.75,(£10.45/kg),fresh_food,cheese,2024-11-19
Cathedral City Our Extra Mature Cheddar 550g,£5.75,(£10.45/kg),fresh_food,cheese,2024-11-19
Cathedral City Our Lighter Mature Cheddar 550g,£5.75,(£10.45/kg),fresh_food,cheese,2024-11-19
Pilgrims Choice Extra Mature Cheddar Cheese,£4.20,(£12.00/kg),fresh_food,cheese,2024-11-19
ASDA Mature Cheddar Cheese,£2.55,(£10.20/kg),fresh_food,cheese,2024-11-19
ASDA British Extra Mature Cheddar 250g,£2.55,(£10.20/kg),fresh_food,cheese,2024-11-19
ASDA British Mild Cheddar 250g,£2.55,(£10.20/kg),fresh_food,cheese,2024-11-19
ASDA Red Leicester British Cheese,£2.55,(£10.20/kg),fresh_food,cheese,2024-11-19
ASDA White Cheshire 250g,£2.55,(£10.20/kg),fresh_food,cheese,2024-11-19
ASDA Wensleydale Mild & Crumbly 250g,£2.55,(£10.20/kg),fresh_food,cheese,2024-11-19
ASDA Lancashire 250g,£2.55,(£10.20/kg),fresh_food,cheese,2024-11-19
JUST ESSENTIALS by ASDA Mature White Cheddar Cheese,£2.49,(£6.22/kg),fresh_food,cheese,2024-11-19
JUST ESSENTIALS by ASDA Mild White Cheddar Cheese,£2.49,(£6.22/kg),fresh_food,cheese,2024-11-19
ASDA Mini Mature British Cheddar Cheese 40g,£0.85,(£21.25/kg),fresh_food,cheese,2024-11-19
ASDA British Light Extra Mature Cheddar 400g,£3.00,(£7.50/kg),fresh_food,cheese,2024-11-19
ASDA British Mature Grated Cheddar 250g,£2.55,(£10.20/kg),fresh_food,cheese,2024-11-19
ASDA Grated Mozzarella Cheese 250g,£2.55,(£10.20/kg),fresh_food,cheese,2024-11-19
ASDA British Mild Grated Cheddar Cheese 250g,£2.55,(£10.20/kg),fresh_food,cheese,2024-11-19
ASDA British Light Mild Grated Cheese,£2.55,(£10.20/kg),fresh_food,cheese,2024-11-19
ASDA British 10 Mild Cheddar Cheese Slices,£2.55,(£10.20/kg),fresh_food,cheese,2024-11-19
ASDA British Half Fat Mature Cheddar 400g,£3.00,(£7.50/kg),fresh_food,cheese,2024-11-19
Cathedral City Mature Cheddar Cheese,£3.75,(£10.71/kg),fresh_food,cheese,2024-11-19
ASDA British Light Mature Cheddar 400g,£3.00,(£7.50/kg),fresh_food,cheese,2024-11-19
ASDA British Double Gloucester 400g,£3.00,(£7.50/kg),fresh_food,cheese,2024-11-19
ASDA British Red Leicester 400g,£3.00,(£7.50/kg),fresh_food,cheese,2024-11-19
ASDA British Grated Red Leicester Cheese 250g,£2.55,(£10.20/kg),fresh_food,cheese,2024-11-19
Cathedral City Mild Cheddar Cheese,£3.75,(£10.71/kg),fresh_food,cheese,2024-11-19
Cathedral City Mature Lighter Cheese,£3.75,(£10.71/kg),fresh_food,cheese,2024-11-19
Pilgrims Choice Mature Cheddar Cheese,£5.20,(£9.45/kg),fresh_food,cheese,2024-11-19
Cathedral City Lighter Extra Mature Cheddar Cheese,£3.75,(£10.71/kg),fresh_food,cheese,2024-11-19
Pilgrims Choice Extra Mature Cheddar,£5.20,(£9.45/kg),fresh_food,cheese,2024-11-19
Cathedral City Vintage ‘Our Strongest’ Cheddar Cheese,£3.75,(£10.71/kg),fresh_food,cheese,2024-11-19
Castello Tickler Extra Mature Cheddar Cheese 300g,£4.50,(£15.00/kg),fresh_food,cheese,2024-11-19
ASDA British Cheddar with Jalapeños & Peppers 200g,£1.99,(£9.95/kg),fresh_food,cheese,2024-11-19
ASDA Grated Fiery Cheese Blend 200g,£2.50,(£12.50/kg),fresh_food,cheese,2024-11-19
ASDA British Half Fat Mature Grated Cheese 200g,£2.55,(£12.75/kg),fresh_food,cheese,2024-11-19
Cathedral City Mini Mature Cheddar Cheeses,£1.50,(£12.50/kg),fresh_food,cheese,2024-11-19
Dewlay Lancashire Crumbly,£2.00,(£10.00/kg),fresh_food,cheese,2024-11-19
Cathedral City Extra Mature Cheddar Cheese,£3.75,(£10.71/kg),fresh_food,cheese,2024-11-19
JUST ESSENTIALS by ASDA Red Leicester Cheese,£2.49,(£6.22/kg),fresh_food,cheese,2024-11-19
JUST ESSENTIALS by ASDA Mature White Cheddar 825g,£4.47,(£5.42/kg),fresh_food,cheese,2024-11-19
JUST ESSENTIALS by ASDA Grated Cheddar 500g,£2.99,(£5.98/kg),fresh_food,cheese,2024-11-19
ASDA British Extra Mature Cheddar 750g,£4.80,(£6.40/kg),fresh_food,cheese,2024-11-19
Arla LactoFREE Mature Cheddar Cheese,£2.50,(£12.50/kg),fresh_food,cheese,2024-11-19
Arla Lactofree Mature Cheddar Grated Cheese 200g,£2.50,(£12.50/kg),fresh_food,cheese,2024-11-19
Cathedral City Half Fat Mature Cheddar Shredded 180g,£1.75,(£9.72/kg),fresh_food,cheese,2024-11-19
Cathedral City Our Lighter Mature Cheddar 550g,£5.75,(£10.45/kg),fresh_food,cheese,2024-11-19
Cathedral City 5 Half Fat Mature Cheddar Mighty Slices 150g,£1.75,(£11.67/kg),fresh_food,cheese,2024-11-19
Cathedral City High Protein Half Fat Mature Cheddar 300g,£3.50,(£11.67/kg),fresh_food,cheese,2024-11-19
Cathedral City Our Naturally Smoked Cheddar 300g,£3.60,(£12.00/kg),fresh_food,cheese,2024-11-19
Arla Lactofree Mature Cheddar Grated Cheese 200g,£2.50,(£12.50/kg),fresh_food,cheese,2024-11-19
Arla LactoFREE Mature Cheddar Cheese,£2.50,(£12.50/kg),fresh_food,cheese,2024-11-19
Cathedral City Half Fat Mature Cheddar Shredded 180g,£1.75,(£9.72/kg),fresh_food,cheese,2024-11-19
ASDA British Extra Mature Cheddar 750g,£4.80,(£6.40/kg),fresh_food,cheese,2024-11-19
ASDA 8 German Beechwood Smoked Cheese Slices 180g,£2.50,(£13.89/kg),fresh_food,cheese,2024-11-19
ASDA British Mature Cheddar 750g,£4.80,(£6.40/kg),fresh_food,cheese,2024-11-19
ASDA British Mild Cheddar 750g,£4.80,(£6.40/kg),fresh_food,cheese,2024-11-19
ASDA British Double Gloucester With Onion & Chives Cheese 200g,£2.50,(£12.50/kg),fresh_food,cheese,2024-11-19
ASDA British 10 Red Leicester Cheese Slices 250g,£2.55,(£10.20/kg),fresh_food,cheese,2024-11-19
Cathedral City 6 Slices Mature Cheese,£2.55,(£17.00/kg),fresh_food,cheese,2024-11-19
Violife Cheddarton Cheddar Cheese Alternative,£2.00,(£1.00/100g),fresh_food,cheese,2024-11-19
Joseph Heler Cheshire Cheese,£2.00,(£10.00/kg),fresh_food,cheese,2024-11-19
Dewlay Lancashire Tasty,£2.00,(£10.00/kg),fresh_food,cheese,2024-11-19
Exceptional by ASDA Creamy Lancashire 200g,£2.85,(£14.25/kg),fresh_food,cheese,2024-11-19
Cheese Selection Box,£4.20,(£16.80/kg),fresh_food,cheese,2024-11-19
Wensleydale Creamery Wensleydale with Cranberries,£2.20,(£12.22/kg),fresh_food,cheese,2024-11-19
ASDA Cheddar & Caramelised Onion 90g,£1.25,(£13.89/kg),fresh_food,cheese,2024-11-19
ASDA Mini Red Leicester Cheese 40g,£0.85,(£21.25/kg),fresh_food,cheese,2024-11-19
Exceptional by ASDA Creamy Wensleydale Cheese,£2.85,(£14.25/kg),fresh_food,cheese,2024-11-19
ASDA Free From Grated Mozzarella Alternative 200g,£2.20,(£11.00/kg),fresh_food,cheese,2024-11-19
Pilgrims Choice Lighter Extra Mature 350g,£4.20,(£12.00/kg),fresh_food,cheese,2024-11-19
Cathedral City Mini Extra Mature Cheeses,£1.60,(£13.33/kg),fresh_food,cheese,2024-11-19
Applewood Vegan Slices,£2.80,(£14.00/kg),fresh_food,cheese,2024-11-19
Wensleydale Creamery Creamery Original Yorkshire Wensleydale 200g,£2.35,(£11.75/kg),fresh_food,cheese,2024-11-19
Exceptional by ASDA Wyke Farms Somerset Extra Mature Cheddar 300g,£3.50,(£11.67/kg),fresh_food,cheese,2024-11-19
ASDA Wensleydale & Cranberry 90g,£1.50,(£16.67/kg),fresh_food,cheese,2024-11-19
Cathedral City High Protein Block Half Fat Mature Cheddar 20g,£1.60,(£13.33/kg),fresh_food,cheese,2024-11-19
Violife Epic Mature Cheddar Flavour Block Vegan Alternative to Cheese,£2.75,(£13.75/kg),fresh_food,cheese,2024-11-19
Sheese Red Leicester Style Slices,£2.00,(£11.11/kg),fresh_food,cheese,2024-11-19
Dewlay Lancashire Cheese,£2.00,(£10.00/kg),fresh_food,cheese,2024-11-19
ASDA British Cheese Selection 475g,£6.50,(£13.68/kg),fresh_food,cheese,2024-11-19
ASDA Sliced Extra Mature British Cheddar Cheese 250g,£2.55,(£10.20/kg),fresh_food,cheese,2024-11-19
Cathedral City Cathedral City Our Plant Based Dairy Free Grated Cheese Alternative 150g,£2.50,(£16.67/kg),fresh_food,cheese,2024-11-19
Cathedral City Grated Mature Cheddar Cheese,£2.55,(£14.17/kg),fresh_food,cheese,2024-11-19
Cathedral City Grated Extra Mature Cheddar,£2.55,(£14.17/kg),fresh_food,cheese,2024-11-19
Wensleydale Creamery Hot & Spicy Cheddar,£2.20,(£12.22/kg),fresh_food,cheese,2024-11-19
Cathedral City Grated Mature Lighter Cheese,£2.55,(£14.17/kg),fresh_food,cheese,2024-11-19
ASDA British 10 Mature Cheddar Cheese Slices,£2.55,(£10.20/kg),fresh_food,cheese,2024-11-19
Cathedral City Mature Cheddar 6 x 20g,£1.50,(£12.50/kg),fresh_food,cheese,2024-11-19
Wensleydale Creamery Creamery Original Yorkshire Wensleydale & Apricots 180g,£2.20,(£12.22/kg),fresh_food,cheese,2024-11-19
Exceptional by ASDA Wyke Farms Somerset Vintage Cheddar 300g,£3.80,(£12.67/kg),fresh_food,cheese,2024-11-19
Cathedral City Our Plant Based Dairy Free Cheese Alternative 280g,£3.60,(£12.86/kg),fresh_food,cheese,2024-11-19
Pilgrims Choice Mature Cheddar Cheese,£4.20,(£12.00/kg),fresh_food,cheese,2024-11-19
Dewlay Garstang Cheese Selection,£3.15,(98.4p/100g),fresh_food,cheese,2024-11-19
Davidstow Crackler Cornish Extra Mature Cheese,£3.25,(£10.16/kg),fresh_food,cheese,2024-11-19
ASDA Free From Grated Cheddar Alternative,£2.20,(£11.00/kg),fresh_food,cheese,2024-11-19
Cathedral City 6 Slices Mature Lighter Cheese,£2.55,(£17.00/kg),fresh_food,cheese,2024-11-19
Cathedral City Our Plant Based 6 Dairy Free Cheese Alternative Slices 150g,£2.50,(£16.67/kg),fresh_food,cheese,2024-11-19
ASDA Grated Extra Mature British Cheddar Cheese 250g,£2.55,(£10.20/kg),fresh_food,cheese,2024-11-19
ASDA Double Gloucester with Onion & Chive 90g,£1.50,(£16.67/kg),fresh_food,cheese,2024-11-19
Arla Lactofree Mature Cheddar Grated Cheese 200g,£2.50,(£12.50/kg),fresh_food,cheese,2024-11-19
Arla LactoFREE Mature Cheddar Cheese,£2.50,(£12.50/kg),fresh_food,cheese,2024-11-19
Cathedral City Half Fat Mature Cheddar Shredded 180g,£1.75,(£9.72/kg),fresh_food,cheese,2024-11-19
Cathedral City High Protein Half Fat Mature Cheddar 300g,£3.50,(£11.67/kg),fresh_food,cheese,2024-11-19
Cathedral City 5 Half Fat Mature Cheddar Mighty Slices 150g,£1.75,(£11.67/kg),fresh_food,cheese,2024-11-19
Cathedral City Our Naturally Smoked Cheddar 300g,£3.60,(£12.00/kg),fresh_food,cheese,2024-11-19
Cathedral City Our Lighter Mature Cheddar 550g,£5.75,(£10.45/kg),fresh_food,cheese,2024-11-19
Arla Lactofree Mature Cheddar Grated Cheese 200g,£2.50,(£12.50/kg),fresh_food,cheese,2024-11-19
Arla LactoFREE Mature Cheddar Cheese,£2.50,(£12.50/kg),fresh_food,cheese,2024-11-19
Cathedral City Half Fat Mature Cheddar Shredded 180g,£1.75,(£9.72/kg),fresh_food,cheese,2024-11-19
Cathedral City Our Plant Based Dairy Free Cheese Alternative 280g,£3.60,(£12.86/kg),fresh_food,cheese,2024-11-19
Pilgrims Choice Mature Cheddar Cheese,£4.20,(£12.00/kg),fresh_food,cheese,2024-11-19
ASDA British 8 Half Fat Mature Cheddar Slices 160g,£2.55,(£15.94/kg),fresh_food,cheese,2024-11-19
ASDA 10 Mozzarella Cheese Slices,£2.55,(£11.59/kg),fresh_food,cheese,2024-11-19
Arla Lactofree Mature Cheddar Grated Cheese 200g,£2.50,(£12.50/kg),fresh_food,cheese,2024-11-19
Arla LactoFREE Mature Cheddar Cheese,£2.50,(£12.50/kg),fresh_food,cheese,2024-11-19
Cathedral City Half Fat Mature Cheddar Shredded 180g,£1.75,(£9.72/kg),fresh_food,cheese,2024-11-19
Cathedral City High Protein Half Fat Mature Cheddar 300g,£3.50,(£11.67/kg),fresh_food,cheese,2024-11-19
Cathedral City 5 Half Fat Mature Cheddar Mighty Slices 150g,£1.75,(£11.67/kg),fresh_food,cheese,2024-11-19
Cathedral City Our Naturally Smoked Cheddar 300g,£3.60,(£12.00/kg),fresh_food,cheese,2024-11-19
Cathedral City Our Lighter Mature Cheddar 550g,£5.75,(£10.45/kg),fresh_food,cheese,2024-11-19
Port Salut Mild Soft French Cheese 185g,£2.95,(£15.95/kg),fresh_food,cheese,2024-11-19
Cathedral City Our Naturally Smoked Cheddar 300g,£3.60,(£12.00/kg),fresh_food,cheese,2024-11-19
ASDA British Cheese Selection 475g,£6.50,(£13.68/kg),fresh_food,cheese,2024-11-19
ASDA Cheddar & Caramelised Onion 90g,£1.25,(£13.89/kg),fresh_food,cheese,2024-11-19
ASDA Double Gloucester with Onion & Chive 90g,£1.50,(£16.67/kg),fresh_food,cheese,2024-11-19
ASDA Wensleydale & Cranberry 90g,£1.50,(£16.67/kg),fresh_food,cheese,2024-11-19
ASDA Mild & Creamy Brie 200g,£1.69,(£8.45/kg),fresh_food,cheese,2024-11-19
ASDA Garlic & Herb Roulé 125g,£2.00,(£16.00/kg),fresh_food,cheese,2024-11-19
ASDA British Wensleydale With Cranberry Cheese 200g,£2.50,(£12.50/kg),fresh_food,cheese,2024-11-19
ASDA British Cheddar with Jalapeños & Peppers 200g,£1.99,(£9.95/kg),fresh_food,cheese,2024-11-19
ASDA Austrian Smoke Flavoured Cheese 200g,£2.40,(£12.00/kg),fresh_food,cheese,2024-11-19
President French Brie Cheese,£2.00,(£10.00/kg),fresh_food,cheese,2024-11-19
ASDA Gouda Cheese,£1.90,(£9.50/kg),fresh_food,cheese,2024-11-19
ASDA Edam 220g,£2.05,(£9.32/kg),fresh_food,cheese,2024-11-19
ASDA Blue Stilton 200g,£2.25,(£11.25/kg),fresh_food,cheese,2024-11-19
ASDA German Beechwood Smoked Cheese 175g,£2.50,(£14.29/kg),fresh_food,cheese,2024-11-19
President French Camembert Cheese,£2.65,(£10.60/kg),fresh_food,cheese,2024-11-19
Applewood Smoke Flavoured Cheddar Cheese,£2.85,(£14.25/kg),fresh_food,cheese,2024-11-19
Castello Taste of Hawaii Pineapple & Almond Cream Cheese Ring,£2.30,(£18.40/kg),fresh_food,cheese,2024-11-19
Castello Creamy Blue Cheese,£2.50,(£16.67/kg),fresh_food,cheese,2024-11-19
Boursin Garlic & Herbs Soft French Cream Cheese 150g,£2.95,(£19.67/kg),fresh_food,cheese,2024-11-19
Castello Extra Creamy Brie Cheese,£2.50,(£12.50/kg),fresh_food,cheese,2024-11-19
Mexicana Original Hot Cheese,£2.80,(£14.00/kg),fresh_food,cheese,2024-11-19
ASDA French Camembert 250g,£2.80,(£11.20/kg),fresh_food,cheese,2024-11-19
Saint Agur Blue 125g,£2.10,(£16.80/kg),fresh_food,cheese,2024-11-19
ASDA Blue Stilton Cheese,£1.25,(£25.00/kg),fresh_food,cheese,2024-11-19
Exceptional by ASDA Wyke Farms Vintage Cheddar Bake 150g,£3.15,(£21.00/kg),fresh_food,cheese,2024-11-19
Exceptional by ASDA Vintage Red Fox 200g,£2.85,(£14.25/kg),fresh_food,cheese,2024-11-19
JUST ESSENTIALS by ASDA Hard Cheese,£1.74,(£10.24/kg),fresh_food,cheese,2024-11-19
ASDA Somerset Brie 160g,£2.25,(£14.06/kg),fresh_food,cheese,2024-11-19
ASDA Shropshire Blue Cheese 150g,£2.10,(£14.00/kg),fresh_food,cheese,2024-11-19
Exceptional by ASDA Mozzarella Di Bufala Campana DOP 225g,£2.20,(£17.60/kg),fresh_food,cheese,2024-11-19
ASDA Dutch Goat's Milk Gouda Cheese,£2.40,(£18.46/kg),fresh_food,cheese,2024-11-19
Exceptional by ASDA Campana DOP Bocconcini 225g,£2.20,(£17.60/kg),fresh_food,cheese,2024-11-19
Lowicz Cascaval,£2.60,(£8.55/kg),fresh_food,cheese,2024-11-19
Violife Smoky Cheddar Flavour Slices,£2.30,(£11.50/kg),fresh_food,cheese,2024-11-19
ASDA 10 Sliced Emmental Cheese 250g,£2.55,(£10.20/kg),fresh_food,cheese,2024-11-19
Exceptional by ASDA Creamy Lancashire 200g,£2.85,(£14.25/kg),fresh_food,cheese,2024-11-19
ASDA Extra Special Whipped Soft Cream Cheese 150g,£1.50,(£10.00/kg),fresh_food,cheese,2024-11-19
Cheese Selection Box,£4.20,(£16.80/kg),fresh_food,cheese,2024-11-19
ASDA Caramelised Onion Cheddar 40g,£0.85,(£21.25/kg),fresh_food,cheese,2024-11-19
Exceptional by ASDA Parmigiano Reggiano Dop 170g,£3.60,(£21.18/kg),fresh_food,cheese,2024-11-19
ASDA Italian Grated Pecorino 50g,£1.35,(£27.00/kg),fresh_food,cheese,2024-11-19
Wensleydale Creamery Wensleydale with Cranberries,£2.20,(£12.22/kg),fresh_food,cheese,2024-11-19
ASDA German Cambozola 175g,£3.10,(£17.71/kg),fresh_food,cheese,2024-11-19
Grana Padano Grated Grana Padano Cheese 100g,£1.85,(£18.50/kg),fresh_food,cheese,2024-11-19
ASDA Grated Parmigiano Reggiano Parmesan Cheese,£2.35,(£23.50/kg),fresh_food,cheese,2024-11-19
Exceptional by ASDA Le Gruyère AOP 170g,£3.80,(£22.35/kg),fresh_food,cheese,2024-11-19
Chavroux La Bûche Pure Goat's Cheese,£2.70,(£1.80/100g),fresh_food,cheese,2024-11-19
Exceptional by ASDA Livarot PDO 250g,£3.00,"(£12,000.00/kg)",fresh_food,cheese,2024-11-19
Exceptional by ASDA Vintage Red Fox & Sweet Chilli Bake 150g,£3.15,(£21.00/kg),fresh_food,cheese,2024-11-19
ASDA Garlic & Herb Grated Cheese Blend 200g,£2.55,(£12.75/kg),fresh_food,cheese,2024-11-19
Exceptional by ASDA Gorgonzola Piccante PDO 150g,£2.70,(£18.00/kg),fresh_food,cheese,2024-11-19
Exceptional by ASDA Vernières Roquefort AOP 100g,£2.60,(£26.00/kg),fresh_food,cheese,2024-11-19
Exceptional by ASDA Manchego DOP 150g,£4.00,(£26.67/kg),fresh_food,cheese,2024-11-19
Cathedral City Our Naturally Smoked Cheddar 300g,£3.60,(£12.00/kg),fresh_food,cheese,2024-11-19
Port Salut Mild Soft French Cheese 185g,£2.95,(£15.95/kg),fresh_food,cheese,2024-11-19
Exceptional by ASDA Le Gruyère AOP 170g,£3.80,(£22.35/kg),fresh_food,cheese,2024-11-19
Boursin Black Pepper Soft French Cream Cheese 150g,£2.95,(£19.67/kg),fresh_food,cheese,2024-11-19
Exceptional by ASDA Comté AOP 170g,£3.45,(£20.29/kg),fresh_food,cheese,2024-11-19
Exceptional by ASDA Mature Double Gloucester 200g,£2.85,(£14.25/kg),fresh_food,cheese,2024-11-19
Le Rustique Jean Verrier Fromager Camembert,£3.00,(£12.00/kg),fresh_food,cheese,2024-11-19
ASDA Tuxford & Tebbutt Melton Marble Blue Cheese 220g,£2.70,(£12.27/kg),fresh_food,cheese,2024-11-19
Wensleydale Creamery Hot & Spicy Cheddar,£2.20,(£12.22/kg),fresh_food,cheese,2024-11-19
Le Rustique Raclette Slices 140g,£2.85,(£20.36/kg),fresh_food,cheese,2024-11-19
ASDA Ripened Goat's Cheese 100g,£2.20,(£22.00/kg),fresh_food,cheese,2024-11-19
ASDA Iberico Sweet & Nutty Cheese,£3.00,(£20.00/kg),fresh_food,cheese,2024-11-19
Wensleydale Creamery Creamery Original Yorkshire Wensleydale & Apricots 180g,£2.20,(£12.22/kg),fresh_food,cheese,2024-11-19
ASDA Spreadable Goats' Cheese 150g,£2.00,(£13.33/kg),fresh_food,cheese,2024-11-19
Exceptional by ASDA Blue Stilton 220g,£3.20,(£14.55/kg),fresh_food,cheese,2024-11-19
Exceptional by ASDA Brie De Meaux' AOP 165g,£3.50,(£21.21/kg),fresh_food,cheese,2024-11-19
Exceptional by ASDA Old Amsterdam Mature Gouda 150g,£3.25,(£21.67/kg),fresh_food,cheese,2024-11-19
Galbani Dolcelatte Italian Blue Cheese 150g,£3.00,(£20.00/kg),fresh_food,cheese,2024-11-19
ASDA British Cheddar Cheese With Pickled Onions & Chives 200g,£2.50,(£12.50/kg),fresh_food,cheese,2024-11-19
Exceptional by ASDA Barrel Aged Feta 200g,£3.20,(£16.00/kg),fresh_food,cheese,2024-11-19
Castello Mild Blue 150g,£2.80,(£18.67/kg),fresh_food,cheese,2024-11-19
Exceptional by ASDA Goat's Cheese 170g,£3.50,(£20.59/kg),fresh_food,cheese,2024-11-19
Dewlay Garstang Cheese Selection,£3.15,(98.4p/100g),fresh_food,cheese,2024-11-19
Castello Danish Blue Cheese,£2.80,(£18.67/kg),fresh_food,cheese,2024-11-19
The Laughing Cow Light Blue Cheese Spread Triangles x8,£1.90,(£14.84/kg),fresh_food,cheese,2024-11-19
ASDA Grana Padano Mild and Nutty with Sweet Fruity Flavour 160g,£2.50,(£15.62/kg),fresh_food,cheese,2024-11-19
ASDA Caramelised Onion Cheddar Slices 160g,£2.55,(£15.94/kg),fresh_food,cheese,2024-11-19
Exceptional by ASDA Asda Exceptional Tasting British Cheese Selection 155g,£3.50,(£22.58/kg),fresh_food,cheese,2024-11-19
Haute Fromagerie Cheese Selection Pack 155g,£5.00,(£32.26/kg),fresh_food,cheese,2024-11-19
Cathedral City Half Fat Mature Cheddar Shredded 180g,£1.75,(£9.72/kg),fresh_food,cheese,2024-11-19
Arla Lactofree Mature Cheddar Grated Cheese 200g,£2.50,(£12.50/kg),fresh_food,cheese,2024-11-19
Cathedral City 5 Half Fat Mature Cheddar Mighty Slices 150g,£1.75,(£11.67/kg),fresh_food,cheese,2024-11-19
ASDA British 10 Mature Cheddar Cheese Slices,£2.55,(£10.20/kg),fresh_food,cheese,2024-11-19
ASDA British 10 Mild Cheddar Cheese Slices,£2.55,(£10.20/kg),fresh_food,cheese,2024-11-19
ASDA 10 Mozzarella Cheese Slices,£2.55,(£11.59/kg),fresh_food,cheese,2024-11-19
ASDA British 10 Red Leicester Cheese Slices 250g,£2.55,(£10.20/kg),fresh_food,cheese,2024-11-19
ASDA British 8 Half Fat Mature Cheddar Slices 160g,£2.55,(£15.94/kg),fresh_food,cheese,2024-11-19
ASDA 6 Chipotle Chilli Cheddar Cheese Slices,£2.55,(£14.17/kg),fresh_food,cheese,2024-11-19
ASDA 6 Cracked Black Pepper Cheddar Cheese Slices,£2.55,(£14.17/kg),fresh_food,cheese,2024-11-19
Applewood Cheese Slices,£2.95,(£18.44/kg),fresh_food,cheese,2024-11-19
ASDA Cheesy Singles 20 x 20g (400g),£1.80,(£4.50/kg),fresh_food,cheese,2024-11-19
ASDA Cheesy Slices 10 x 20g (200g),£1.20,(£6.00/kg),fresh_food,cheese,2024-11-19
ASDA British Mature Grated Cheddar 250g,£2.55,(£10.20/kg),fresh_food,cheese,2024-11-19
ASDA Grated Mozzarella Cheese 250g,£2.55,(£10.20/kg),fresh_food,cheese,2024-11-19
ASDA British Mild Grated Cheddar Cheese 250g,£2.55,(£10.20/kg),fresh_food,cheese,2024-11-19
ASDA British Half Fat Mature Grated Cheese 200g,£2.55,(£12.75/kg),fresh_food,cheese,2024-11-19
ASDA British Light Mild Grated Cheese,£2.55,(£10.20/kg),fresh_food,cheese,2024-11-19
ASDA Grated Four Cheese Blend 200g,£2.55,(£12.75/kg),fresh_food,cheese,2024-11-19
ASDA Light Cheesy Slices 10 x 20g (200g),£1.20,(£6.00/kg),fresh_food,cheese,2024-11-19
Pilgrims Choice Sliced Extra Mature Cheddar,£1.75,(£11.67/kg),fresh_food,cheese,2024-11-19
Port Salut French Creamy Cheese Slices 6 x 20g,£2.60,(£21.67/kg),fresh_food,cheese,2024-11-19
Mexicana Original Hot Cheese Slices,£2.80,(£17.50/kg),fresh_food,cheese,2024-11-19
JUST ESSENTIALS by ASDA Grated Cheddar 500g,£2.99,(£5.98/kg),fresh_food,cheese,2024-11-19
JUST ESSENTIALS by ASDA 10 Single Cheese Slices 200g,£0.65,(£3.25/kg),fresh_food,cheese,2024-11-19
ASDA British Grated Red Leicester Cheese 250g,£2.55,(£10.20/kg),fresh_food,cheese,2024-11-19
ASDA Dutch 10 Gouda Slices,£2.55,(£10.20/kg),fresh_food,cheese,2024-11-19
ASDA Dutch 10 Edam Cheese Slices 250g,£2.55,(£10.20/kg),fresh_food,cheese,2024-11-19
ASDA Grated Extra Mature British Cheddar Cheese 250g,£2.55,(£10.20/kg),fresh_food,cheese,2024-11-19
Dairylea Cheese Slices 8 x 20.5g,£1.25,(£7.62/kg),fresh_food,cheese,2024-11-19
Leerdammer Original 8 Slices,£1.75,(£10.94/kg),fresh_food,cheese,2024-11-19
ASDA 8 German Beechwood Smoked Cheese Slices 180g,£2.50,(£13.89/kg),fresh_food,cheese,2024-11-19
ASDA Grated Fiery Cheese Blend 200g,£2.50,(£12.50/kg),fresh_food,cheese,2024-11-19
ASDA Garlic & Herb Grated Cheese Blend 200g,£2.55,(£12.75/kg),fresh_food,cheese,2024-11-19
Cathedral City Grated Mature Cheddar Cheese,£2.55,(£14.17/kg),fresh_food,cheese,2024-11-19
ASDA 10 Sliced Emmental Cheese 250g,£2.55,(£10.20/kg),fresh_food,cheese,2024-11-19
Pilgrims Choice Grated Extra Mature Cheddar 180g,£1.75,(£9.72/kg),fresh_food,cheese,2024-11-19
ASDA Caramelised Onion Cheddar Slices 160g,£2.55,(£15.94/kg),fresh_food,cheese,2024-11-19
Leerdammer Light 8 Slices,£1.75,(£10.94/kg),fresh_food,cheese,2024-11-19
Dairylea Light Cheese Slices 8 x 20.5g,£1.25,(£7.62/kg),fresh_food,cheese,2024-11-19
ASDA Sliced Extra Mature British Cheddar Cheese 250g,£2.55,(£10.20/kg),fresh_food,cheese,2024-11-19
Grana Padano Grated Grana Padano Cheese 100g,£1.85,(£18.50/kg),fresh_food,cheese,2024-11-19
Cathedral City Grated Extra Mature Cheddar,£2.55,(£14.17/kg),fresh_food,cheese,2024-11-19
Cathedral City 6 Slices Mature Cheese,£2.55,(£17.00/kg),fresh_food,cheese,2024-11-19
Cathedral City Grated Mature Lighter Cheese,£2.55,(£14.17/kg),fresh_food,cheese,2024-11-19
President Emmental Grated 200g,£2.35,(£11.75/kg),fresh_food,cheese,2024-11-19
Eatlean Grated Cheese,£2.50,(£13.89/kg),fresh_food,cheese,2024-11-19
Mlekovita Ementaler Cheese Slices,£4.00,(£8.00/kg),fresh_food,cheese,2024-11-19
ASDA Italian Grated Pecorino 50g,£1.35,(£27.00/kg),fresh_food,cheese,2024-11-19
ASDA Free From Grated Mozzarella Alternative 200g,£2.20,(£11.00/kg),fresh_food,cheese,2024-11-19
Sheese Red Leicester Style Slices,£2.00,(£11.11/kg),fresh_food,cheese,2024-11-19
Cathedral City Cathedral City Our Plant Based Dairy Free Grated Cheese Alternative 150g,£2.50,(£16.67/kg),fresh_food,cheese,2024-11-19
ASDA Free From Sliced Mature Cheddar Alternative,£2.35,(£13.06/kg),fresh_food,cheese,2024-11-19
Applewood Vegan Slices,£2.80,(£14.00/kg),fresh_food,cheese,2024-11-19
Violife Original Grated 175g,£2.50,(£14.29/kg),fresh_food,cheese,2024-11-19
Violife 10 Original Slices 175g,£2.50,(£14.29/kg),fresh_food,cheese,2024-11-19
Le Rustique Raclette Slices 140g,£2.85,(£20.36/kg),fresh_food,cheese,2024-11-19
Dewlay Garstang Cheesy Toaster,£1.40,(£1.12/100g),fresh_food,cheese,2024-11-19
Leerdammer Original Grated 160g,£1.50,(£9.38/kg),fresh_food,cheese,2024-11-19
ASDA Free From Grated Cheddar Alternative,£2.20,(£11.00/kg),fresh_food,cheese,2024-11-19
Arla Lactofree Mature Cheddar Grated Cheese 200g,£2.50,(£12.50/kg),fresh_food,cheese,2024-11-19
Cathedral City Half Fat Mature Cheddar Shredded 180g,£1.75,(£9.72/kg),fresh_food,cheese,2024-11-19
Cathedral City 5 Half Fat Mature Cheddar Mighty Slices 150g,£1.75,(£11.67/kg),fresh_food,cheese,2024-11-19
Le Rustique Raclette Slices 140g,£2.85,(£20.36/kg),fresh_food,cheese,2024-11-19
Dewlay Garstang Cheesy Toaster,£1.40,(£1.12/100g),fresh_food,cheese,2024-11-19
ASDA Free From Grated Cheddar Alternative,£2.20,(£11.00/kg),fresh_food,cheese,2024-11-19
Sheese The Italiano Mozzarella & Cheddar Flavour,£2.00,(£10.00/kg),fresh_food,cheese,2024-11-19
ASDA Grated Continental Cheese Mix 250g,£2.55,(£10.20/kg),fresh_food,cheese,2024-11-19
Philadelphia Intense Garlic & Herbs 140g,£1.75,(£12.50/kg),fresh_food,cheese,2024-11-19
Port Salut Mild Soft French Cheese 185g,£2.95,(£15.95/kg),fresh_food,cheese,2024-11-19
ASDA Creamy Original Soft Cheese 200g,£1.30,(£6.50/kg),fresh_food,cheese,2024-11-19
Philadelphia Original 280g,£3.25,(£11.61/kg),fresh_food,cheese,2024-11-19
Philadelphia Garlic & Herbs Family Pack 280g,£3.25,(£11.61/kg),fresh_food,cheese,2024-11-19
The Laughing Cow Light Cheese Spread 16 Triangles,£2.25,(£8.43/kg),fresh_food,cheese,2024-11-19
The Laughing Cow Original Cheese Spread 16 Triangles,£2.25,(£8.43/kg),fresh_food,cheese,2024-11-19
Philadelphia Original 165g,£2.20,(£13.33/kg),fresh_food,cheese,2024-11-19
Philadelphia Light 280g,£3.25,(£11.61/kg),fresh_food,cheese,2024-11-19
Dairylea Cheese Triangles x16,£2.95,(£11.80/kg),fresh_food,cheese,2024-11-19
Dairylea Cheese Spread,£2.95,(£10.93/kg),fresh_food,cheese,2024-11-19
Primula Cheese 'n' Ham,£1.85,(£13.21/kg),fresh_food,cheese,2024-11-19
Primula Original Cheese,£1.85,(£13.21/kg),fresh_food,cheese,2024-11-19
Primula Cheese 'n' Chives,£1.85,(£13.21/kg),fresh_food,cheese,2024-11-19
Primula Light Cheese,£1.85,(£13.21/kg),fresh_food,cheese,2024-11-19
Dairylea Cheese Spread 145g,£1.65,(£11.38/kg),fresh_food,cheese,2024-11-19
ASDA Light Garlic & Herb Soft Cheese 200g,£1.30,(£6.50/kg),fresh_food,cheese,2024-11-19
ASDA Light Original Soft Cheese 200g,£1.30,(£6.50/kg),fresh_food,cheese,2024-11-19
Longley Farm Natural Cottage Cheese,£1.50,(60.0p/100g),fresh_food,cheese,2024-11-19
Philadelphia Chives 165g,£1.25,(£7.58/kg),fresh_food,cheese,2024-11-19
Seriously Original Spreadable 250g,£2.59,(£1.04/100g),fresh_food,cheese,2024-11-19
ASDA Fat Free Cottage Cheese 300g,£1.30,(43.3p/100g),fresh_food,cheese,2024-11-19
JUST ESSENTIALS by ASDA Cottage Cheese,£0.79,(£2.63/kg),fresh_food,cheese,2024-11-19
Philadelphia Sweet Chilli Soft Cheese 165g,£1.25,(£7.58/kg),fresh_food,cheese,2024-11-19
Philadelphia Garlic & Herbs 165g,£2.20,(£13.33/kg),fresh_food,cheese,2024-11-19
Philadelphia Light 165g,£2.20,(£13.33/kg),fresh_food,cheese,2024-11-19
Philadelphia Milka 150g,£1.25,(£8.33/kg),fresh_food,cheese,2024-11-19
Boursin Garlic & Herbs Soft French Cream Cheese 150g,£2.95,(£19.67/kg),fresh_food,cheese,2024-11-19
ASDA Fat Free Cottage Cheese with Pineapple 300g,£1.30,(43.3p/100g),fresh_food,cheese,2024-11-19
Longley Farm Virtually Fat Free Cottage Cheese,£1.50,(60.0p/100g),fresh_food,cheese,2024-11-19
ASDA Cottage Cheese 300g,£1.30,(43.3p/100g),fresh_food,cheese,2024-11-19
ASDA Garlic & Herb Roulé 125g,£2.00,(£16.00/kg),fresh_food,cheese,2024-11-19
Longley Farm Cottage Cheese with Pineapple,£1.50,(60.0p/100g),fresh_food,cheese,2024-11-19
ASDA Fat Free Cottage Cheese With Onion & Chive 300g,£1.30,(43.3p/100g),fresh_food,cheese,2024-11-19
Philadelphia Light Soft Cheese Mini Tubs,£1.50,(£10.71/kg),fresh_food,cheese,2024-11-19
Philadelphia Lightest 165g,£2.20,(£13.33/kg),fresh_food,cheese,2024-11-19
The Laughing Cow Original Cheese Spread 8 Triangles,£1.90,(£14.29/kg),fresh_food,cheese,2024-11-19
Piatnica Cottage Cheese 200g,£1.05,(£5.25/kg),fresh_food,cheese,2024-11-19
Philadelphia Lactose Free Soft Cheese,£2.75,(£18.33/kg),fresh_food,cheese,2024-11-19
Primula Signature Blend Mature Cheese 140g,£1.35,(£9.64/kg),fresh_food,cheese,2024-11-19
Exceptional by ASDA Langres AOP 180g,£3.35,(£18.61/kg),fresh_food,cheese,2024-11-19
Violife Creamy Original Soft Cheese Alternative,£2.75,(£13.75/kg),fresh_food,cheese,2024-11-19
ASDA Extra Special Whipped Soft Cream Cheese 150g,£1.50,(£10.00/kg),fresh_food,cheese,2024-11-19
ASDA Goats' Cheese 125g,£2.50,(£20.00/kg),fresh_food,cheese,2024-11-19
ASDA Free From Garlic & Herb Soft Cheese Alternative,£2.25,(£13.24/kg),fresh_food,cheese,2024-11-19
Philadelphia Intense Garlic & Herbs 140g,£1.75,(£12.50/kg),fresh_food,cheese,2024-11-19
Port Salut Mild Soft French Cheese 185g,£2.95,(£15.95/kg),fresh_food,cheese,2024-11-19
Primula Hot Cheese 'n' Sriracha,£1.85,(£13.21/kg),fresh_food,cheese,2024-11-19
Puck Spread 240g,£1.95,(£8.12/kg),fresh_food,cheese,2024-11-19
ASDA Fat Free Quark,£1.15,(£4.60/kg),fresh_food,cheese,2024-11-19
Cheese Selection Box,£4.20,(£16.80/kg),fresh_food,cheese,2024-11-19
The Laughing Cow Plant Based Vegan Spread Triangles x8 128g,£2.50,(£1.95/100g),fresh_food,cheese,2024-11-19
Philadelphia Lightest Herbs 165g,£1.25,(£7.58/kg),fresh_food,cheese,2024-11-19
Longley Farm Virtually Fat Free Cottage Cheese With Chives,£1.50,(60.0p/100g),fresh_food,cheese,2024-11-19
Old Amsterdam Crème 125g,£1.85,(£1.48/100g),fresh_food,cheese,2024-11-19
Castello Chilli & Ginger Cream Cheese Ring 125g,£2.30,(£18.40/kg),fresh_food,cheese,2024-11-19
Boursin Garlic & Herbs Vegan Cheese Alternative Spread 130g,£2.00,(£15.38/kg),fresh_food,cheese,2024-11-19
Longley Farm Cottage Cheese With Chives,£1.50,(60.0p/100g),fresh_food,cheese,2024-11-19
ASDA Free From Soft Cheese Alternative,£2.25,(£13.24/kg),fresh_food,cheese,2024-11-19
Boursin Black Pepper Soft French Cream Cheese 150g,£2.95,(£19.67/kg),fresh_food,cheese,2024-11-19
Castello Taste of Hawaii Pineapple & Almond Cream Cheese Ring,£2.30,(£18.40/kg),fresh_food,cheese,2024-11-19
The Laughing Cow Lightest Cheese Spread 8 Triangles,£1.90,(£14.29/kg),fresh_food,cheese,2024-11-19
The Laughing Cow Light Blue Cheese Spread Triangles x8,£1.90,(£14.84/kg),fresh_food,cheese,2024-11-19
Arla LactoFREE Soft Cheese,£1.75,(£8.75/kg),fresh_food,cheese,2024-11-19
Seriously Spreadable Original Cheese Spread,£1.95,(£15.60/kg),fresh_food,cheese,2024-11-19
Seriously Spreadable Light Cheese Spread,£1.95,(£15.60/kg),fresh_food,cheese,2024-11-19
Seriously Spreadable Vintage Cheese Spread,£1.95,(£15.60/kg),fresh_food,cheese,2024-11-19
"Activia Mango, Strawberry, Kiwi & Apricot Multipack Yoghurt",£3.25,(35.3p/100g),fresh_food,yogurts,2024-11-19
"Activia Rhubarb, Prune, Fig, Blackberry & Strawberry Multipack Yoghurt",£3.25,(35.3p/100g),fresh_food,yogurts,2024-11-19
Activia Strawberry Yoghurt,£2.50,(54.4p/100g),fresh_food,yogurts,2024-11-19
Muller Corner Originals 4 x 124g (496g),£2.00,(40.3p/100g),fresh_food,yogurts,2024-11-19
Muller Corner Originals Cherry Bakewell Inspired Deliciously Creamy Yogurt 4 x 124g (496g),£2.00,(40.3p/100g),fresh_food,yogurts,2024-11-19
Arla Skyr Whipped Strawberries & Cream 128g,£1.25,(97.7p/100g),fresh_food,yogurts,2024-11-19
Arla Skyr Whipped Caramelised Orange 128g,£1.25,(97.7p/100g),fresh_food,yogurts,2024-11-19
Lindahls Caffè Latte Kvarg 150g,£1.25,(83.3p/100g),fresh_food,yogurts,2024-11-19
Danone Getpro Strawberry Flavour Yoghurt 160g,£0.90,(50.0p/100g),fresh_food,yogurts,2024-11-19
Muller Corner Mixed Red Fruits Yogurts,£4.00,(49.0p/100g),fresh_food,yogurts,2024-11-19
Muller Corner Strawberry and Peach & Apricot Yogurts,£4.00,(49.0p/100g),fresh_food,yogurts,2024-11-19
Muller Corner Chocolate Digestive and Strawberry Shortcake Yogurts,£4.00,(53.8p/100g),fresh_food,yogurts,2024-11-19
Muller Corner Vanilla Chocolate Balls and Banana Chocolate Flakes Yogurts,£4.00,(53.8p/100g),fresh_food,yogurts,2024-11-19
Activia Peach No Added Sugar Fat Free Yoghurt,£2.50,(54.4p/100g),fresh_food,yogurts,2024-11-19
Activia Rhubarb Yoghurt,£2.50,(54.4p/100g),fresh_food,yogurts,2024-11-19
Activia Strawberry No Added Sugar Fat Free Yoghurt,£2.50,(54.4p/100g),fresh_food,yogurts,2024-11-19
"Frubes Strawberry, Red Berry and Peach Flavour Yogurt Tubes 9 x 37g (333g)",£1.50,(45.1p/100g),fresh_food,yogurts,2024-11-19
Munch Bunch Double Up Strawberry & Vanilla Yogurts,£1.80,(52.9p/100g),fresh_food,yogurts,2024-11-19
Munch Bunch Double Up Strawberry & Raspberry Yogurts,£1.80,(52.9p/100g),fresh_food,yogurts,2024-11-19
Munch Bunch Double Up Strawberry & Banana Yogurts,£1.80,(52.9p/100g),fresh_food,yogurts,2024-11-19
Frubes Strawberry Flavour Yogurt Tubes 9 x 37g (333g),£1.50,(45.1p/100g),fresh_food,yogurts,2024-11-19
Fage Total 0% Fat Greek Recipe Strained Yogurt,£3.35,(74.4p/100g),fresh_food,yogurts,2024-11-19
Fage Total 5% Fat Natural Greek Recipe Strained Yogurt,£3.35,(74.4p/100g),fresh_food,yogurts,2024-11-19
Frubes Banana and Strawberry Flavour Yogurt Tubes 9 x 37g (333g),£1.50,(45.1p/100g),fresh_food,yogurts,2024-11-19
"Activia Strawberry, Raspberry, Cherry & Blueberry No Added Sugar Fat Free Multipack yoghurt",£3.25,(35.3p/100g),fresh_food,yogurts,2024-11-19
Muller Rice Strawberry & Original Low Fat Pudding,£2.50,(24.5p/100g),fresh_food,yogurts,2024-11-19
Muller Rice Apple & Raspberry Low Fat Pudding,£2.50,(24.5p/100g),fresh_food,yogurts,2024-11-19
Exceptional by ASDA Authentic Greek Yogurt 500g,£2.25,(45.0p/100g),fresh_food,yogurts,2024-11-19
Exceptional by ASDA Authentic Fat Free Greek Yogurt 500g,£2.25,(45.0p/100g),fresh_food,yogurts,2024-11-19
Munch Bunch Squashums Yogurt Strawberry 5 x 60g (300g),£2.00,(66.7p/100g),fresh_food,yogurts,2024-11-19
Yop Strawberry Yoghurt Drink 4 x 180g,£2.30,(31.9p/100g),fresh_food,yogurts,2024-11-19
Petits Filous Strawberry Flavour 4 x 100g (400g),£1.50,(37.5p/100g),fresh_food,yogurts,2024-11-19
Muller Light Fat Free Yogurts with Chocolate Sprinkles,£2.50,(29.8p/100g),fresh_food,yogurts,2024-11-19
Muller Fat Free Light Red Fruits Yogurts,£2.50,(29.8p/100g),fresh_food,yogurts,2024-11-19
"Muller Rice Chocolate, Hazelnut and Caramel Low Fat Pudding",£2.50,(24.5p/100g),fresh_food,yogurts,2024-11-19
Muller Bliss Creamy Mascarpone Cherry Yogurt,£1.50,(34.1p/100g),fresh_food,yogurts,2024-11-19
Muller Bliss Creamy Mascarpone Peach & Apricot Yogurt,£1.50,(34.1p/100g),fresh_food,yogurts,2024-11-19
Fage Total 0% Fat Greek Recipe Strained Yogurt,£1.00,(66.7p/100g),fresh_food,yogurts,2024-11-19
Exceptional by ASDA Sicilian Lemon Yogurt 450g,£2.00,(44.4p/100g),fresh_food,yogurts,2024-11-19
Muller Corner Vanilla Chocolate Balls and Banana Chocolate Flakes Yogurts,£4.00,(53.8p/100g),fresh_food,yogurts,2024-11-19
Muller Corner Chocolate Digestive and Strawberry Shortcake Yogurts,£4.00,(53.8p/100g),fresh_food,yogurts,2024-11-19
"Activia Mango, Strawberry, Kiwi & Apricot Multipack Yoghurt",£3.25,(35.3p/100g),fresh_food,yogurts,2024-11-19
Muller Corner Strawberry and Peach & Apricot Yogurts,£4.00,(49.0p/100g),fresh_food,yogurts,2024-11-19
Muller Bliss Creamy Mascarpone Cherry Yogurt,£1.50,(34.1p/100g),fresh_food,yogurts,2024-11-19
Activia Strawberry Yoghurt,£2.50,(54.4p/100g),fresh_food,yogurts,2024-11-19
Yeo Valley Organic Strawberry Yogurt,£1.95,(43.3p/100g),fresh_food,yogurts,2024-11-19
"Activia Rhubarb, Prune, Fig, Blackberry & Strawberry Multipack Yoghurt",£3.25,(35.3p/100g),fresh_food,yogurts,2024-11-19
Muller Bliss Creamy Mascarpone Peach & Apricot Yogurt,£1.50,(34.1p/100g),fresh_food,yogurts,2024-11-19
Oykos Limited Edition Luxury Greek-Style Zesty Lemon & Lime Yoghurt,£2.00,(45.5p/100g),fresh_food,yogurts,2024-11-19
Oykos Strawberry Luxury Greek Style Yoghurt,£2.00,(45.5p/100g),fresh_food,yogurts,2024-11-19
Oykos Raspberry Luxury Greek Style Yoghurt,£2.00,(45.5p/100g),fresh_food,yogurts,2024-11-19
"Activia Strawberry, Raspberry, Cherry & Blueberry No Added Sugar Fat Free Multipack yoghurt",£3.25,(35.3p/100g),fresh_food,yogurts,2024-11-19
"Activia Mango, Strawberry, Kiwi & Apricot Multipack Yoghurt",£3.25,(35.3p/100g),fresh_food,yogurts,2024-11-19
Activia Strawberry Yoghurt,£2.50,(54.4p/100g),fresh_food,yogurts,2024-11-19
Exceptional by ASDA Sicilian Lemon Yogurt 450g,£2.00,(44.4p/100g),fresh_food,yogurts,2024-11-19
Wildlife Choobs Strawberry Flavour Yogurt Tubes 6x37g,£1.15,(51.8p/100g),fresh_food,yogurts,2024-11-19
"Wildlife Choobs Strawberry, Raspberry and Apricot Flavour Yogurt Tubes 6x37g",£1.15,(51.8p/100g),fresh_food,yogurts,2024-11-19
Exceptional by ASDA Strawberries & Cream Yogurt 450g,£2.00,(44.4p/100g),fresh_food,yogurts,2024-11-19
Exceptional by ASDA Clotted Cream Fudge Yogurt 450g,£2.00,(44.4p/100g),fresh_food,yogurts,2024-11-19
Exceptional by ASDA Lemon Curd Yogurt 150g,£0.69,(46.0p/100g),fresh_food,yogurts,2024-11-19
Exceptional by ASDA Black Cherry Yogurt 150g,£0.69,(46.0p/100g),fresh_food,yogurts,2024-11-19
Exceptional by ASDA Strawberry Yogurt 150g,£0.69,(46.0p/100g),fresh_food,yogurts,2024-11-19
Exceptional by ASDA Fudge Yogurt 150g,£0.69,(46.0p/100g),fresh_food,yogurts,2024-11-19
Munch Bunch Yogurt Strawberry & Banana 4 x 100g (400g),£1.80,(45.0p/100g),fresh_food,yogurts,2024-11-19
Nestle Smarties Vanilla Flavour Yogurt 6x107g,£3.50,(54.5p/100g),fresh_food,yogurts,2024-11-19
Fage Strawberry Thick & Smooth Strained Yoghurt,£1.75,(46.1p/100g),fresh_food,yogurts,2024-11-19
Fage Coconut Thick & Smooth Strained Yoghurt,£1.75,(46.1p/100g),fresh_food,yogurts,2024-11-19
ASDA Creamy Greek Style Yogurts 4x100g,£1.15,(28.7p/100g),fresh_food,yogurts,2024-11-19
ASDA Fat Free Greek Style Yogurt 500g,£1.10,(22.0p/100g),fresh_food,yogurts,2024-11-19
ASDA Creamy Honey Greek Style Yogurt 450g,£1.45,(32.2p/100g),fresh_food,yogurts,2024-11-19
Muller Corner Vanilla Yogurt with Chocolate Balls,£0.90,(72.6p/100g),fresh_food,yogurts,2024-11-19
Muller Corner Toffee Yogurt with Chocolate Hoops,£0.90,(72.6p/100g),fresh_food,yogurts,2024-11-19
Muller Corner Strawberry Yogurt,£0.90,(72.6p/100g),fresh_food,yogurts,2024-11-19
Muller Corner Strawberry Yogurt with White Chocolate Shortcake Balls,£0.90,(72.6p/100g),fresh_food,yogurts,2024-11-19
Muller Corner Banana Yogurt with Chocolate Flakes,£0.90,(72.6p/100g),fresh_food,yogurts,2024-11-19
Muller Corner Red Cherry 136g,£0.90,(66.2p/100g),fresh_food,yogurts,2024-11-19
Muller Corner Peach & Apricot Yogurt,£0.90,(66.2p/100g),fresh_food,yogurts,2024-11-19
"Activia Rhubarb, Prune, Fig, Blackberry & Strawberry Multipack Yoghurt",£3.25,(35.3p/100g),fresh_food,yogurts,2024-11-19
Munch Bunch Squashums Yogurt Blackcurrant 5 x 60g (300g),£1.50,(50.0p/100g),fresh_food,yogurts,2024-11-19
Arla Protein Strawberry Yogurt,£1.10,(55.0p/100g),fresh_food,yogurts,2024-11-19
Munch Bunch Squashums Strawberry Yogurt Drinks,£2.30,(42.6p/100g),fresh_food,yogurts,2024-11-19
"ASDA Apricot, Raspberry & Strawberry Fromage Frais12m+",£0.84,(28.0p/100g),fresh_food,yogurts,2024-11-19
ASDA Strawberry Fromage Frais Yogurt Pouches,£1.40,(43.8p/100g),fresh_food,yogurts,2024-11-19
Lindahls Kvarg White Chocolate,£1.10,(73.3p/100g),fresh_food,yogurts,2024-11-19
Lindahls Kvarg Raspberry,£1.10,(73.3p/100g),fresh_food,yogurts,2024-11-19
Muller Light Citrus Fat Free Yogurts,£2.50,(29.8p/100g),fresh_food,yogurts,2024-11-19
Light & Free Peach Passion Fruit 0% Added Sugar Fat Free Yoghurt,£1.50,(32.6p/100g),fresh_food,yogurts,2024-11-19
ASDA Low Fat Smooth Fruity & Sweet Vanilla Toffee & Banana Yogurts 6x125g,£0.95,(12.7p/100g),fresh_food,yogurts,2024-11-19
JUST ESSENTIALS by ASDA 6 Low Fat Fruit Yogurts Strawberry & Peach,£0.85,(11.3p/100g),fresh_food,yogurts,2024-11-19
"Activia Strawberry, Raspberry, Cherry & Blueberry No Added Sugar Fat Free Multipack yoghurt",£3.25,(35.3p/100g),fresh_food,yogurts,2024-11-19
Yeo Valley Organic Strawberry Yogurt,£1.95,(43.3p/100g),fresh_food,yogurts,2024-11-19
Muller Corner Chocolate Digestive and Strawberry Shortcake Yogurts,£4.00,(53.8p/100g),fresh_food,yogurts,2024-11-19
Activia Strawberry Yoghurt,£2.50,(54.4p/100g),fresh_food,yogurts,2024-11-19
"Activia Mango, Strawberry, Kiwi & Apricot Multipack Yoghurt",£3.25,(35.3p/100g),fresh_food,yogurts,2024-11-19
Muller Corner Vanilla Chocolate Balls and Banana Chocolate Flakes Yogurts,£4.00,(53.8p/100g),fresh_food,yogurts,2024-11-19
Muller Bliss Creamy Mascarpone Cherry Yogurt,£1.50,(34.1p/100g),fresh_food,yogurts,2024-11-19
Arla Skyr Whipped Strawberries & Cream 128g,£1.25,(97.7p/100g),fresh_food,yogurts,2024-11-19
Yeo Valley Organic Greek Recipe 5% Strained Natural Yogurt 450g,£2.75,(61.1p/100g),fresh_food,yogurts,2024-11-19
Muller Corner Strawberry and Peach & Apricot Yogurts,£4.00,(49.0p/100g),fresh_food,yogurts,2024-11-19
Muller Bliss Creamy Mascarpone Peach & Apricot Yogurt,£1.50,(34.1p/100g),fresh_food,yogurts,2024-11-19
Müller Bliss Strawberry Greek Style Whipped Yogurt,£2.75,(65.5p/100g),fresh_food,yogurts,2024-11-19
"Activia Strawberry, Raspberry, Cherry & Blueberry No Added Sugar Fat Free Multipack yoghurt",£3.25,(35.3p/100g),fresh_food,yogurts,2024-11-19
"Activia Mango, Strawberry, Kiwi & Apricot Multipack Yoghurt",£3.25,(35.3p/100g),fresh_food,yogurts,2024-11-19
Activia Strawberry Yoghurt,£2.50,(54.4p/100g),fresh_food,yogurts,2024-11-19
JUST ESSENTIALS by ASDA 6 Low Fat Fruit Yogurts Strawberry & Peach,£0.85,(11.3p/100g),fresh_food,yogurts,2024-11-19
Nesquik Chocolate Desserts,£1.40,(42.4p/100g),fresh_food,yogurts,2024-11-19
Milkybar Desserts,£1.40,(42.4p/100g),fresh_food,yogurts,2024-11-19
Muller Bliss Mascarpone Style Yogurt Sicilian Lemon 4 x 110g (440g),£1.50,(34.1p/100g),fresh_food,yogurts,2024-11-19
ASDA Fat Free Greek Style Toffee Yogurts 4x125g,£0.99,(19.8p/100g),fresh_food,yogurts,2024-11-19
Light & Free Cherry Greek Style 0% Added Sugar Fat Free Yoghurt,£1.50,(32.6p/100g),fresh_food,yogurts,2024-11-19
"Onken Mango, Papaya & Passion Fruit Yogurt",£1.25,(27.8p/100g),fresh_food,yogurts,2024-11-19
Onken Cherry Yogurt,£1.25,(27.8p/100g),fresh_food,yogurts,2024-11-19
Nesquik Chocolate Milk Slices,£1.40,(£1.35/100g),fresh_food,yogurts,2024-11-19
Wildlife Strawberry & Peach Fromage Frais 18 x 45g,£2.00,(24.7p/100g),fresh_food,yogurts,2024-11-19
Oykos Salted Caramel Luxury Greek Style Yoghurt,£2.00,(45.5p/100g),fresh_food,yogurts,2024-11-19
Light & Free Sticky Toffee Flavour Greek Style 0% Added Sugar Fat Free Yoghurt,£1.50,(32.6p/100g),fresh_food,yogurts,2024-11-19
Muller Corner Bliss Cheesecake Inspired Whipped Greek Style Salted Caramel Yogurt,£2.75,(68.8p/100g),fresh_food,yogurts,2024-11-19
Muller Light Milk Chocolate & Caramel Flavour Layers Choc Pot 4 x 80g (320g),£1.50,(62.5p/100g),fresh_food,yogurts,2024-11-19
Onken 0% Fat Vanilla,£1.25,(27.8p/100g),fresh_food,yogurts,2024-11-19
Muller Bliss Mascarpone Style Yogurt White Chocolate with Raspberry & Amaretto 4 x 110g (440g),£1.50,(34.1p/100g),fresh_food,yogurts,2024-11-19
Milkybar Milk Slice,£1.40,(£1.35/100g),fresh_food,yogurts,2024-11-19
Light & Free Rasberry Greek Style 0% Added Sugar Fat Free Yoghurt,£1.50,(32.6p/100g),fresh_food,yogurts,2024-11-19
ASDA Fat Free Greek Style Strawberry Yogurts 4x125g,£0.99,(19.8p/100g),fresh_food,yogurts,2024-11-19
JUST ESSENTIALS by ASDA Low Fat Strawberry Yogurt 450g,£0.95,(21.1p/100g),fresh_food,yogurts,2024-11-19
Muller Light Choc Pot Milk Chocolate 4 x 80g (320g),£1.50,(53.6p/100g),fresh_food,yogurts,2024-11-19
Muller Light Greek Style Smooth Coconut & Vanilla 4x115g (460g),£2.35,(51.1p/100g),fresh_food,yogurts,2024-11-19
Ski Smooth Strawberry & Raspberry Yogurts,£1.45,(30.2p/100g),fresh_food,yogurts,2024-11-19
Light & Free Strawberry Greek Style 0% Added Sugar Fat Free Yoghurt,£1.50,(32.6p/100g),fresh_food,yogurts,2024-11-19
ASDA Creamy Greek Style Yogurt 500g,£1.10,(22.0p/100g),fresh_food,yogurts,2024-11-19
ASDA Gooseberry Fool 114g,£0.80,(70.2p/100g),fresh_food,yogurts,2024-11-19
Oykos Strawberry Luxury Greek Style Yoghurt,£2.00,(45.5p/100g),fresh_food,yogurts,2024-11-19
Light & Free White Chocolate Flavour Greek Style 0% Added Sugar Fat Free Yoghurt,£1.50,(32.6p/100g),fresh_food,yogurts,2024-11-19
ASDA Just Essentials Fat Free Greek Style Yogurt 500g,£0.85,(17.0p/100g),fresh_food,yogurts,2024-11-19
ASDA Lemon Fool 114g,£0.80,(70.2p/100g),fresh_food,yogurts,2024-11-19
Müller Bliss Lemon Greek Style Whipped Yogurt,£2.75,(65.5p/100g),fresh_food,yogurts,2024-11-19
Paw Patrol Strawberry Fromage Frais 6 x 45g (270g),£1.00,(37.0p/100g),fresh_food,yogurts,2024-11-19
Strings & Things Yollies Yogurt Lollies Strawberry Flavour 4 x 25g (100g),£1.75,(£1.75/100g),fresh_food,yogurts,2024-11-19
Müller Bliss Strawberry Greek Style Whipped Yogurt,£2.75,(65.5p/100g),fresh_food,yogurts,2024-11-19
Muller Light Greek Style Lemon Yogurt,£2.35,(51.1p/100g),fresh_food,yogurts,2024-11-19
"Petits Filous Strawberry, Raspberry and Apricot Fromage Frais 18 x 47g (846g)",£3.00,(35.5p/100g),fresh_food,yogurts,2024-11-19
Oykos Limited Edition Luxury Greek-Style Zesty Lemon & Lime Yoghurt,£2.00,(45.5p/100g),fresh_food,yogurts,2024-11-19
Peppa Pig Strawberry Jelly,£0.80,(£1.07/100g),fresh_food,yogurts,2024-11-19
Muller Light Banana & Custard Flavour Yogurt 160g,£0.90,(56.2p/100g),fresh_food,yogurts,2024-11-19
Lancashire Farm Greek Style Natural Yogurt,£1.85,(41.1p/100g),fresh_food,yogurts,2024-11-19
Longley Farm Raspberry Yogurt,£0.60,(40.0p/100g),fresh_food,yogurts,2024-11-19
Exceptional by ASDA Madagascan Vanilla Yogurt 150g,£0.69,(46.0p/100g),fresh_food,yogurts,2024-11-19
"Activia Strawberry, Raspberry, Cherry & Blueberry No Added Sugar Fat Free Multipack yoghurt",£3.25,(35.3p/100g),fresh_food,yogurts,2024-11-19
Yeo Valley Organic Strawberry Yogurt,£1.95,(43.3p/100g),fresh_food,yogurts,2024-11-19
Muller Corner Chocolate Digestive and Strawberry Shortcake Yogurts,£4.00,(53.8p/100g),fresh_food,yogurts,2024-11-19
Activia Strawberry Yoghurt,£2.50,(54.4p/100g),fresh_food,yogurts,2024-11-19
"Activia Mango, Strawberry, Kiwi & Apricot Multipack Yoghurt",£3.25,(35.3p/100g),fresh_food,yogurts,2024-11-19
Muller Corner Vanilla Chocolate Balls and Banana Chocolate Flakes Yogurts,£4.00,(53.8p/100g),fresh_food,yogurts,2024-11-19
Muller Bliss Creamy Mascarpone Cherry Yogurt,£1.50,(34.1p/100g),fresh_food,yogurts,2024-11-19
Arla Skyr Whipped Strawberries & Cream 128g,£1.25,(97.7p/100g),fresh_food,yogurts,2024-11-19
Yeo Valley Organic Greek Recipe 5% Strained Natural Yogurt 450g,£2.75,(61.1p/100g),fresh_food,yogurts,2024-11-19
Muller Corner Strawberry and Peach & Apricot Yogurts,£4.00,(49.0p/100g),fresh_food,yogurts,2024-11-19
Muller Bliss Creamy Mascarpone Peach & Apricot Yogurt,£1.50,(34.1p/100g),fresh_food,yogurts,2024-11-19
Müller Bliss Strawberry Greek Style Whipped Yogurt,£2.75,(65.5p/100g),fresh_food,yogurts,2024-11-19
"Activia Mango, Strawberry, Kiwi & Apricot Multipack Yoghurt",£3.25,(35.3p/100g),fresh_food,yogurts,2024-11-19
Activia Strawberry Yoghurt,£2.50,(54.4p/100g),fresh_food,yogurts,2024-11-19
Yeo Valley Organic Strawberry Yogurt,£1.95,(43.3p/100g),fresh_food,yogurts,2024-11-19
Exceptional by ASDA Madagascan Vanilla Yogurt 150g,£0.69,(46.0p/100g),fresh_food,yogurts,2024-11-19
Plant Based by ASDA Strawberry Soya Yogurt 4 x 100g (400g),£1.30,(32.5p/100g),fresh_food,yogurts,2024-11-19
Lancashire Farm Greek Style Natural Yogurt,£1.85,(41.1p/100g),fresh_food,yogurts,2024-11-19
Yeo Valley Little Yeos Organic Strawberry & Raspberry Yogurt,£1.50,(55.6p/100g),fresh_food,yogurts,2024-11-19
ASDA Extra Special Hazelnut Yogurt,£0.69,(46.0p/100g),fresh_food,yogurts,2024-11-19
Desi Wholemilk Natural Yogurt,£0.90,(21.2p/100g),fresh_food,yogurts,2024-11-19
Oatly Strawberry Oatgurt,£2.40,(60.0p/100ml),fresh_food,yogurts,2024-11-19
Lancashire Farm Greek Style Yogurt Vanilla 125g,£0.89,(71.2p/100g),fresh_food,yogurts,2024-11-19
Alpro Plant Protein 200g,£1.50,(75.0p/100g),fresh_food,yogurts,2024-11-19
Onken Raspberry Yogurt,£1.25,(27.8p/100g),fresh_food,yogurts,2024-11-19
Ann Forshaw's Strawberry & Rhubarb Luxury Yogurt 140g,£1.00,(71.4p/100g),fresh_food,yogurts,2024-11-19
Alpro Strawberry Plant Based Gut Health 4x125g,£2.50,(50.0p/100g),fresh_food,yogurts,2024-11-19
Yeo Valley Organic Natural Creamy Bio Live Yogurt 150g,£0.50,(33.3p/100g),fresh_food,yogurts,2024-11-19
Lancashire Farm Greek Style Fat Free Yogurt,£2.50,(25.0p/100g),fresh_food,yogurts,2024-11-19
Arla Skyr Natural Icelandic Style Yogurt,£1.85,(41.1p/100g),fresh_food,yogurts,2024-11-19
Biotiful Gut Health Kefir Yogurt Original,£1.25,(35.7p/100g),fresh_food,yogurts,2024-11-19
The Collective Great Dairy Suckies Mango & Peach,£0.95,(95.0p/100g),fresh_food,yogurts,2024-11-19
Lindahls Protein Chocolate Pudding,£1.00,(71.4p/100g),fresh_food,yogurts,2024-11-19
Alpro Greek Style Plain Yoghurt Alternative,£1.50,(37.5p/100g),fresh_food,yogurts,2024-11-19
Arla Protein Raspberry Yogurt,£1.10,(55.0p/100g),fresh_food,yogurts,2024-11-19
Alpro Greek Style Strawberry Raspberry Yoghurt Alternative,£1.20,(80.0p/100g),fresh_food,yogurts,2024-11-19
Petits Filous Strawberry and Raspberry Fromage Frais 6 x 47g,£1.50,(53.2p/100g),fresh_food,yogurts,2024-11-19
Peppa Pig Strawberry Fromage Frais 6 x 45g (270g),£1.00,(37.0p/100g),fresh_food,yogurts,2024-11-19
Arla Skyr Natural Icelandic Style Yogurt,£2.20,(22.0p/100g),fresh_food,yogurts,2024-11-19
ASDA Fat Free Honey Greek Style Yogurt 450g,£1.45,(32.2p/100g),fresh_food,yogurts,2024-11-19
I Can't Believe It's Not Butter! Original 1kg,£2.25,(£2.25/kg),fresh_food,yogurts,2024-11-19
Lindahls Pro + Kvarg Strawberry 150g,£1.10,(73.3p/100g),fresh_food,yogurts,2024-11-19
Activia Yoghurt & Actimel Yoghurt Drink Bundle,£6.25,null,fresh_food,yogurts,2024-11-19
Onken 0% Mango & Apple,£1.25,(27.8p/100g),fresh_food,yogurts,2024-11-19
Activia Fibre Apple Cereals Yogurt 4x115g,£2.00,(43.5p/100g),fresh_food,yogurts,2024-11-19
Longley Farm Blueberry Yogurt,£0.60,(40.0p/100g),fresh_food,yogurts,2024-11-19
The Coconut Collab Natural Coconut 750g,£4.75,(63.3p/100g),fresh_food,yogurts,2024-11-19
Activia Natural Kefir 2 x 150g,£2.00,(66.7p/100g),fresh_food,yogurts,2024-11-19
Yeo Valley Organic Natural Creamy Bio Live Yogurt,£3.60,(37.9p/100g),fresh_food,yogurts,2024-11-19
Muller Light Rhubarb,£0.90,(56.2p/100g),fresh_food,yogurts,2024-11-19
Alpro Plain Soya Yoghurt Alternative,£1.50,(30.0p/100g),fresh_food,yogurts,2024-11-19
Alpro Greek Style Mango Yoghurt Alternative,£1.20,(80.0p/100g),fresh_food,yogurts,2024-11-19
Arla Protein Mango Yogurt Pouch,£1.30,(65.0p/100g),fresh_food,yogurts,2024-11-19
Longley Farm Peach Yogurt,£0.60,(40.0p/100g),fresh_food,yogurts,2024-11-19
Yeo Valley Organic Strawberry Yogurt,£1.95,(43.3p/100g),fresh_food,yogurts,2024-11-19
Muller Corner Chocolate Digestive and Strawberry Shortcake Yogurts,£4.00,(53.8p/100g),fresh_food,yogurts,2024-11-19
Activia Strawberry Yoghurt,£2.50,(54.4p/100g),fresh_food,yogurts,2024-11-19
"Activia Mango, Strawberry, Kiwi & Apricot Multipack Yoghurt",£3.25,(35.3p/100g),fresh_food,yogurts,2024-11-19
Muller Corner Vanilla Chocolate Balls and Banana Chocolate Flakes Yogurts,£4.00,(53.8p/100g),fresh_food,yogurts,2024-11-19
Muller Bliss Creamy Mascarpone Cherry Yogurt,£1.50,(34.1p/100g),fresh_food,yogurts,2024-11-19
Arla Skyr Whipped Strawberries & Cream 128g,£1.25,(97.7p/100g),fresh_food,yogurts,2024-11-19
Yeo Valley Organic Greek Recipe 5% Strained Natural Yogurt 450g,£2.75,(61.1p/100g),fresh_food,yogurts,2024-11-19
Muller Corner Strawberry and Peach & Apricot Yogurts,£4.00,(49.0p/100g),fresh_food,yogurts,2024-11-19
Muller Bliss Creamy Mascarpone Peach & Apricot Yogurt,£1.50,(34.1p/100g),fresh_food,yogurts,2024-11-19
Müller Bliss Strawberry Greek Style Whipped Yogurt,£2.75,(65.5p/100g),fresh_food,yogurts,2024-11-19
Muller Corner Mixed Red Fruits Yogurts,£4.00,(49.0p/100g),fresh_food,yogurts,2024-11-19
"Activia Strawberry, Raspberry, Cherry & Blueberry No Added Sugar Fat Free Multipack yoghurt",£3.25,(35.3p/100g),fresh_food,yogurts,2024-11-19
"Activia Mango, Strawberry, Kiwi & Apricot Multipack Yoghurt",£3.25,(35.3p/100g),fresh_food,yogurts,2024-11-19
"Activia Rhubarb, Prune, Fig, Blackberry & Strawberry Multipack Yoghurt",£3.25,(35.3p/100g),fresh_food,yogurts,2024-11-19
Arla Skyr Sour Cherry Icelandic Style Yogurt,£1.85,(41.1p/100g),fresh_food,yogurts,2024-11-19
GetPro 15g Protein Yoghurt Blueberry Flavour 160g,£0.90,(56.2p/100g),fresh_food,yogurts,2024-11-19
Yeo Valley Organic Fruity Favourites,£2.40,(54.5p/100g),fresh_food,yogurts,2024-11-19
Onken 0% Mango & Apple,£1.25,(27.8p/100g),fresh_food,yogurts,2024-11-19
Longley Farm Blueberry Yogurt,£0.60,(40.0p/100g),fresh_food,yogurts,2024-11-19
The Coconut Collab Natural Coconut 750g,£4.75,(63.3p/100g),fresh_food,yogurts,2024-11-19
Lindahls Pro+ Kvarg Lemon Cheesecake,£1.25,(83.3p/100g),fresh_food,yogurts,2024-11-19
Actimel Kids Strawberry Banana Yoghurt Drink,£2.00,(50.0p/100g),fresh_food,yogurts,2024-11-19
The Collective Great Dairy Suckies Raspberry,£0.95,(£1.06/100g),fresh_food,yogurts,2024-11-19
Arla Protein Protein Passionfruit & Papaya Yogurt,£1.10,(55.0p/100g),fresh_food,yogurts,2024-11-19
Arla Protein Blueberry Yogurt,£1.10,(55.0p/100g),fresh_food,yogurts,2024-11-19
Ísey Skyr Air Strawberry Lime 125g,£1.45,(£1.16/100g),fresh_food,yogurts,2024-11-19
The Collective Great Dairy Suckies Strawberry,£0.95,(£1.06/100g),fresh_food,yogurts,2024-11-19
Yeo Valley Organic Natural Creamy Bio Live Yogurt,£1.50,(33.3p/100g),fresh_food,yogurts,2024-11-19
Onken Set Natural Yoghurt,£1.50,(33.3p/100g),fresh_food,yogurts,2024-11-19
Activia Cherry No Added Sugar Fat Free Yoghurt,£2.50,(54.4p/100g),fresh_food,yogurts,2024-11-19
Isey Skyr Lemon Cheesecake 170g,£1.49,(87.6p/100g),fresh_food,yogurts,2024-11-19
Alpro Plant Protein Red Berries 200g,£1.50,(75.0p/100g),fresh_food,yogurts,2024-11-19
Lancashire Farm Wholemilk Natural Yogurt,£1.05,(22.3p/100g),fresh_food,yogurts,2024-11-19
"ASDA Passion Fruit, Mango & Papaya Kefir Yogurt 350g",£1.20,(34.3p/100g),fresh_food,yogurts,2024-11-19
Biotiful Gut Health Kefir Protein Original,£1.75,(70.0p/100g),fresh_food,yogurts,2024-11-19
Fage Total 0% Fat Free Greek Recipe Strained Yogurt with Honey,£1.10,(73.3p/100g),fresh_food,yogurts,2024-11-19
ASDA Creamy Greek Style Yogurt 1kg,£1.95,(19.5p/100g),fresh_food,yogurts,2024-11-19
Ísey Skyr Banana 90g,£1.15,(£1.28/100g),fresh_food,yogurts,2024-11-19
Lancashire Farm Natural Yogurt,£1.25,(25.0p/100g),fresh_food,yogurts,2024-11-19
Yeo Valley Organic Raspberry Creamy Bio Live Yogurt,£1.95,(43.3p/100g),fresh_food,yogurts,2024-11-19
Oykos Raspberry Luxury Greek Style Yoghurt,£2.00,(45.5p/100g),fresh_food,yogurts,2024-11-19
Kinder Pingui Milk and Chocolate Chilled Snack Cake Bar Multipack 4x,£1.85,(£1.54/100g),fresh_food,yogurts,2024-11-19
Muller Corner Plant Based Strawberry & Pomegranate,£1.25,(91.9p/100g),fresh_food,yogurts,2024-11-19
Lancashire Farm Greek Style Yogurt Strawberry 125g,£0.89,(71.2p/100g),fresh_food,yogurts,2024-11-19
Yeo Valley Organic Strawberry Yogurt,£1.95,(43.3p/100g),fresh_food,yogurts,2024-11-19
Lindahls Pro+ Kvarg Raspberry & Vanilla,£1.25,(50.0p/100ml),fresh_food,yogurts,2024-11-19
ASDA Fat Free Greek Style Yogurt 1kg,£1.95,(19.5p/100g),fresh_food,yogurts,2024-11-19
ASDA Strawberry Kefir Yogurt 350g,£1.20,(34.3p/100g),fresh_food,yogurts,2024-11-19
ASDA Lactose Free Creamy Greek Yogurt 450g,£1.80,(40.0p/100g),fresh_food,yogurts,2024-11-19
Fage Total 0% Fat Natural Fat Free Greek Recipe Strained Yogurt,£5.55,(58.4p/100g),fresh_food,yogurts,2024-11-19
Ísey Skyr Air Cherry Chocolate 125g,£1.45,(£1.16/100g),fresh_food,yogurts,2024-11-19
Muller Rice Protein Chocolate Flavour 180g,£1.10,(61.1p/100g),fresh_food,yogurts,2024-11-19
Longley Farm Rhubarb Yogurt,£0.60,(40.0p/100g),fresh_food,yogurts,2024-11-19
"Activia Strawberry, Raspberry, Cherry & Blueberry No Added Sugar Fat Free Multipack yoghurt",£3.25,(35.3p/100g),fresh_food,yogurts,2024-11-19
Yeo Valley Organic Strawberry Yogurt,£1.95,(43.3p/100g),fresh_food,yogurts,2024-11-19
Muller Corner Chocolate Digestive and Strawberry Shortcake Yogurts,£4.00,(53.8p/100g),fresh_food,yogurts,2024-11-19
Activia Strawberry Yoghurt,£2.50,(54.4p/100g),fresh_food,yogurts,2024-11-19
"Activia Mango, Strawberry, Kiwi & Apricot Multipack Yoghurt",£3.25,(35.3p/100g),fresh_food,yogurts,2024-11-19
Muller Corner Vanilla Chocolate Balls and Banana Chocolate Flakes Yogurts,£4.00,(53.8p/100g),fresh_food,yogurts,2024-11-19
"Activia Rhubarb, Prune, Fig, Blackberry & Strawberry Multipack Yoghurt",£3.25,(35.3p/100g),fresh_food,yogurts,2024-11-19
Muller Bliss Creamy Mascarpone Cherry Yogurt,£1.50,(34.1p/100g),fresh_food,yogurts,2024-11-19
Arla Skyr Whipped Strawberries & Cream 128g,£1.25,(97.7p/100g),fresh_food,yogurts,2024-11-19
Yeo Valley Organic Greek Recipe 5% Strained Natural Yogurt 450g,£2.75,(61.1p/100g),fresh_food,yogurts,2024-11-19
Muller Corner Strawberry and Peach & Apricot Yogurts,£4.00,(49.0p/100g),fresh_food,yogurts,2024-11-19
Muller Bliss Creamy Mascarpone Peach & Apricot Yogurt,£1.50,(34.1p/100g),fresh_food,yogurts,2024-11-19
"Activia Mango, Strawberry, Kiwi & Apricot Multipack Yoghurt",£3.25,(35.3p/100g),fresh_food,yogurts,2024-11-19
"Activia Rhubarb, Prune, Fig, Blackberry & Strawberry Multipack Yoghurt",£3.25,(35.3p/100g),fresh_food,yogurts,2024-11-19
Activia Strawberry Yoghurt,£2.50,(54.4p/100g),fresh_food,yogurts,2024-11-19
Pakeeza Natural Yogurt,£1.10,(25.9p/100g),fresh_food,yogurts,2024-11-19
Fage Total 0% Fat Natural Fat Free Greek Recipe Strained Yogurt,£5.55,(58.4p/100g),fresh_food,yogurts,2024-11-19
Activia Limited Edition Tropical Coconut Yoghurt,£2.50,(54.4p/100g),fresh_food,yogurts,2024-11-19
Ísey Skyr Air Cherry Chocolate 125g,£1.45,(£1.16/100g),fresh_food,yogurts,2024-11-19
Muller Rice Protein Chocolate Flavour 180g,£1.10,(61.1p/100g),fresh_food,yogurts,2024-11-19
ASDA Lactose Free Creamy Greek Yogurt 450g,£1.80,(40.0p/100g),fresh_food,yogurts,2024-11-19
Arla Protein Protein Passionfruit & Papaya Yogurt,£1.10,(55.0p/100g),fresh_food,yogurts,2024-11-19
Arla Protein Blueberry Yogurt,£1.10,(55.0p/100g),fresh_food,yogurts,2024-11-19
The Collective Great Dairy Suckies Raspberry,£0.95,(£1.06/100g),fresh_food,yogurts,2024-11-19
Longley Farm Rhubarb Yogurt,£0.60,(40.0p/100g),fresh_food,yogurts,2024-11-19
Ísey Skyr Air Strawberry Lime 125g,£1.45,(£1.16/100g),fresh_food,yogurts,2024-11-19
Plant Based by ASDA Plain Soya Yogurt Alternative 500g,£1.09,(21.8p/100g),fresh_food,yogurts,2024-11-19
Biotiful Gut Health Kefir Protein Vanilla,£1.75,(70.0p/100g),fresh_food,yogurts,2024-11-19
Muller x Myprotein Natural Yogurt 500g,£2.00,(40.0p/100g),fresh_food,yogurts,2024-11-19
Yeo Valley Organic Greek Style Honey Yogurt,£1.95,(43.3p/100g),fresh_food,yogurts,2024-11-19
Petits Filous Big Pots Strawberry and Raspberry Fromage Frais 4 x 85g (340g),£1.75,(51.5p/100g),fresh_food,yogurts,2024-11-19
Alpro Plain No Sugars Yoghurt Alternative,£1.50,(30.0p/100g),fresh_food,yogurts,2024-11-19
The Collective Great Dairy Suckies Fridge Pack Strawberry,£4.40,(81.5p/100g),fresh_food,yogurts,2024-11-19
Muller Corner Plant Based Strawberry & Pomegranate,£1.25,(91.9p/100g),fresh_food,yogurts,2024-11-19
Lancashire Farm Greek Style Yogurt Strawberry 125g,£0.89,(71.2p/100g),fresh_food,yogurts,2024-11-19
Arla Protein Salted Caramel Flavour Pudding 200g,£1.25,(62.5p/100g),fresh_food,yogurts,2024-11-19
The Collective Great Dairy Brekkie Banana 110g,£1.20,(£1.09/100g),fresh_food,yogurts,2024-11-19
The Coconut Collaborative Strawberry & Banana Coconut Yoghurt Kids Pouch 90g,£1.00,(£1.11/100g),fresh_food,yogurts,2024-11-19
Lindahls Pro+ Kvarg Raspberry & Vanilla,£1.25,(50.0p/100ml),fresh_food,yogurts,2024-11-19
ASDA Fat Free Greek Style Yogurt 1kg,£1.95,(19.5p/100g),fresh_food,yogurts,2024-11-19
ASDA Strawberry Kefir Yogurt 350g,£1.20,(34.3p/100g),fresh_food,yogurts,2024-11-19
Yeo Valley Organic Peach & Apricot Creamy Bio Live Yogurt,£1.95,(43.3p/100g),fresh_food,yogurts,2024-11-19
Muller Light Vanilla with Dark Chocolate Sprinkles Yogurt 160g,£0.90,(56.2p/100g),fresh_food,yogurts,2024-11-19
Arla Protein Hazelnut Latte Pudding 200g,£1.25,(62.5p/100g),fresh_food,yogurts,2024-11-19
ASDA Fat Free Natural Fromage Frais 500g,£1.40,(28.0p/100g),fresh_food,yogurts,2024-11-19
Muller Light Smooth Toffee Yogurt 160g,£0.90,(56.2p/100g),fresh_food,yogurts,2024-11-19
Ísey Skyr Baked Apples,£2.00,(44.4p/100g),fresh_food,yogurts,2024-11-19
Arla Protein Vanilla Yogurt Pouch,£1.30,(65.0p/100g),fresh_food,yogurts,2024-11-19
Longley Farm Strawberry Yogurt,£0.60,(40.0p/100g),fresh_food,yogurts,2024-11-19
Yeo Valley Organic Greek Style Natural,£1.95,(43.3p/100g),fresh_food,yogurts,2024-11-19
Lunchbox Fillers Bundle,£6.70,null,fresh_food,yogurts,2024-11-19
Yeo Valley Organic Strawberry Yogurt,£1.95,(43.3p/100g),fresh_food,yogurts,2024-11-19
Muller Corner Chocolate Digestive and Strawberry Shortcake Yogurts,£4.00,(53.8p/100g),fresh_food,yogurts,2024-11-19
Activia Strawberry Yoghurt,£2.50,(54.4p/100g),fresh_food,yogurts,2024-11-19
"Activia Mango, Strawberry, Kiwi & Apricot Multipack Yoghurt",£3.25,(35.3p/100g),fresh_food,yogurts,2024-11-19
Muller Corner Vanilla Chocolate Balls and Banana Chocolate Flakes Yogurts,£4.00,(53.8p/100g),fresh_food,yogurts,2024-11-19
"Activia Rhubarb, Prune, Fig, Blackberry & Strawberry Multipack Yoghurt",£3.25,(35.3p/100g),fresh_food,yogurts,2024-11-19
Muller Bliss Creamy Mascarpone Cherry Yogurt,£1.50,(34.1p/100g),fresh_food,yogurts,2024-11-19
Arla Skyr Whipped Strawberries & Cream 128g,£1.25,(97.7p/100g),fresh_food,yogurts,2024-11-19
Yeo Valley Organic Greek Recipe 5% Strained Natural Yogurt 450g,£2.75,(61.1p/100g),fresh_food,yogurts,2024-11-19
Muller Corner Strawberry and Peach & Apricot Yogurts,£4.00,(49.0p/100g),fresh_food,yogurts,2024-11-19
Muller Bliss Creamy Mascarpone Peach & Apricot Yogurt,£1.50,(34.1p/100g),fresh_food,yogurts,2024-11-19
Müller Bliss Strawberry Greek Style Whipped Yogurt,£2.75,(65.5p/100g),fresh_food,yogurts,2024-11-19
"Activia Mango, Strawberry, Kiwi & Apricot Multipack Yoghurt",£3.25,(35.3p/100g),fresh_food,yogurts,2024-11-19
Activia Strawberry Yoghurt,£2.50,(54.4p/100g),fresh_food,yogurts,2024-11-19
Yeo Valley Organic Strawberry Yogurt,£1.95,(43.3p/100g),fresh_food,yogurts,2024-11-19
Yeo Valley Organic Fruity Favourites,£2.40,(54.5p/100g),fresh_food,yogurts,2024-11-19
ASDA Lactose Free Creamy Greek Yogurt 450g,£1.80,(40.0p/100g),fresh_food,yogurts,2024-11-19
Fage Total 0% Fat Natural Fat Free Greek Recipe Strained Yogurt,£5.55,(58.4p/100g),fresh_food,yogurts,2024-11-19
Ísey Skyr Air Cherry Chocolate 125g,£1.45,(£1.16/100g),fresh_food,yogurts,2024-11-19
The Collective Great Dairy Suckies Strawberry,£0.95,(£1.06/100g),fresh_food,yogurts,2024-11-19
Muller Rice Protein Chocolate Flavour 180g,£1.10,(61.1p/100g),fresh_food,yogurts,2024-11-19
Arla Protein Protein Passionfruit & Papaya Yogurt,£1.10,(55.0p/100g),fresh_food,yogurts,2024-11-19
Arla Protein Blueberry Yogurt,£1.10,(55.0p/100g),fresh_food,yogurts,2024-11-19
Ísey Skyr Air Strawberry Lime 125g,£1.45,(£1.16/100g),fresh_food,yogurts,2024-11-19
The Collective Great Dairy Suckies Raspberry,£0.95,(£1.06/100g),fresh_food,yogurts,2024-11-19
Longley Farm Rhubarb Yogurt,£0.60,(40.0p/100g),fresh_food,yogurts,2024-11-19
Fage Total 0% Fat Free Greek Recipe Strained Yogurt with Honey,£1.10,(73.3p/100g),fresh_food,yogurts,2024-11-19
Kinder Pingui Milk and Chocolate Chilled Snack Cake Bar Multipack 4x,£1.85,(£1.54/100g),fresh_food,yogurts,2024-11-19
Lancashire Farm Natural Yogurt,£1.25,(25.0p/100g),fresh_food,yogurts,2024-11-19
ASDA Creamy Greek Style Yogurt 1kg,£1.95,(19.5p/100g),fresh_food,yogurts,2024-11-19
Activia Strawberry & Raspberry Kefir 2 x 150g,£2.00,(66.7p/100g),fresh_food,yogurts,2024-11-19
Arla Skyr Creamy Icelandic Style Yogurt,£1.85,(41.1p/100g),fresh_food,yogurts,2024-11-19
ASDA Creamy Coconut Greek Style Yogurt 450g,£1.25,(27.8p/100g),fresh_food,yogurts,2024-11-19
Arla Protein Chocolate Flavour Pudding 200g,£1.25,(62.5p/100g),fresh_food,yogurts,2024-11-19
Oykos Raspberry Luxury Greek Style Yoghurt,£2.00,(45.5p/100g),fresh_food,yogurts,2024-11-19
Pakeeza Natural Yogurt,£1.10,(25.9p/100g),fresh_food,yogurts,2024-11-19
Ísey Skyr Banana 90g,£1.15,(£1.28/100g),fresh_food,yogurts,2024-11-19
Yeo Valley Organic Raspberry Creamy Bio Live Yogurt,£1.95,(43.3p/100g),fresh_food,yogurts,2024-11-19
Plant Based by ASDA Plain Soya Yogurt Alternative 500g,£1.09,(21.8p/100g),fresh_food,yogurts,2024-11-19
ASDA Natural Yogurt 500g,£1.10,(22.0p/100g),fresh_food,yogurts,2024-11-19
The Collective Great Dairy Suckies Fridge Pack Strawberry,£4.40,(81.5p/100g),fresh_food,yogurts,2024-11-19
Alpro Plain No Sugars Yoghurt Alternative,£1.50,(30.0p/100g),fresh_food,yogurts,2024-11-19
Muller x Myprotein Natural Yogurt 500g,£2.00,(40.0p/100g),fresh_food,yogurts,2024-11-19
Biotiful Gut Health Kefir Protein Vanilla,£1.75,(70.0p/100g),fresh_food,yogurts,2024-11-19
Yeo Valley Organic Greek Style Honey Yogurt,£1.95,(43.3p/100g),fresh_food,yogurts,2024-11-19
Petits Filous Big Pots Strawberry and Raspberry Fromage Frais 4 x 85g (340g),£1.75,(51.5p/100g),fresh_food,yogurts,2024-11-19
Arla Protein Pudding a Day Bundle,£6.25,null,fresh_food,yogurts,2024-11-19
Yeo Valley Organic Peach & Apricot Creamy Bio Live Yogurt,£1.95,(43.3p/100g),fresh_food,yogurts,2024-11-19
Muller Corner Plant Based Strawberry & Pomegranate,£1.25,(91.9p/100g),fresh_food,yogurts,2024-11-19
Arla Protein Salted Caramel Flavour Pudding 200g,£1.25,(62.5p/100g),fresh_food,yogurts,2024-11-19
The Collective Great Dairy Brekkie Banana 110g,£1.20,(£1.09/100g),fresh_food,yogurts,2024-11-19
The Coconut Collaborative Strawberry & Banana Coconut Yoghurt Kids Pouch 90g,£1.00,(£1.11/100g),fresh_food,yogurts,2024-11-19
Lindahls Pro+ Kvarg Raspberry & Vanilla,£1.25,(50.0p/100ml),fresh_food,yogurts,2024-11-19
Yeo Valley Organic Strawberry Yogurt,£1.95,(43.3p/100g),fresh_food,yogurts,2024-11-19
Muller Corner Chocolate Digestive and Strawberry Shortcake Yogurts,£4.00,(53.8p/100g),fresh_food,yogurts,2024-11-19
Activia Strawberry Yoghurt,£2.50,(54.4p/100g),fresh_food,yogurts,2024-11-19
"Activia Mango, Strawberry, Kiwi & Apricot Multipack Yoghurt",£3.25,(35.3p/100g),fresh_food,yogurts,2024-11-19
Muller Corner Vanilla Chocolate Balls and Banana Chocolate Flakes Yogurts,£4.00,(53.8p/100g),fresh_food,yogurts,2024-11-19
Muller Bliss Creamy Mascarpone Cherry Yogurt,£1.50,(34.1p/100g),fresh_food,yogurts,2024-11-19
Arla Skyr Whipped Strawberries & Cream 128g,£1.25,(97.7p/100g),fresh_food,yogurts,2024-11-19
Yeo Valley Organic Greek Recipe 5% Strained Natural Yogurt 450g,£2.75,(61.1p/100g),fresh_food,yogurts,2024-11-19
Muller Corner Strawberry and Peach & Apricot Yogurts,£4.00,(49.0p/100g),fresh_food,yogurts,2024-11-19
Muller Bliss Creamy Mascarpone Peach & Apricot Yogurt,£1.50,(34.1p/100g),fresh_food,yogurts,2024-11-19
Müller Bliss Strawberry Greek Style Whipped Yogurt,£2.75,(65.5p/100g),fresh_food,yogurts,2024-11-19
Muller Corner Mixed Red Fruits Yogurts,£4.00,(49.0p/100g),fresh_food,yogurts,2024-11-19
"Activia Strawberry, Raspberry, Cherry & Blueberry No Added Sugar Fat Free Multipack yoghurt",£3.25,(35.3p/100g),fresh_food,yogurts,2024-11-19
"Activia Mango, Strawberry, Kiwi & Apricot Multipack Yoghurt",£3.25,(35.3p/100g),fresh_food,yogurts,2024-11-19
Activia Strawberry Yoghurt,£2.50,(54.4p/100g),fresh_food,yogurts,2024-11-19
Muller Corner Plant Based Crunchy Chocolate Balls 125g,£1.25,(£1.00/100g),fresh_food,yogurts,2024-11-19
Activia Fibre Muesli Yogurt 4x115g,£2.00,(43.5p/100g),fresh_food,yogurts,2024-11-19
Yeo Valley Organic Greek Style Honey 4 x 100g (400g),£1.75,(43.8p/100g),fresh_food,yogurts,2024-11-19
Yeo Valley Organic Vanilla Light Bio Live Yogurt,£1.95,(43.3p/100g),fresh_food,yogurts,2024-11-19
The Collective Great Dairy Suckies Peach & Apricot,£0.95,(£1.06/100g),fresh_food,yogurts,2024-11-19
Henna Low Fat Natural Set Yogurts,£1.85,(18.5p/100g),fresh_food,yogurts,2024-11-19
Yeo Valley Organic Strawberry Creamy Bio Live Yogurt 4 x 110g,£2.40,(54.5p/100g),fresh_food,yogurts,2024-11-19
Muller x Myprotein Vanilla Flavour Yogurt 500g,£2.00,(40.0p/100g),fresh_food,yogurts,2024-11-19
Longley Farm Banana Yogurt,£0.60,(40.0p/100g),fresh_food,yogurts,2024-11-19
ASDA Fat Free Greek Style Yogurts 4x100g,£1.15,(28.7p/100g),fresh_food,yogurts,2024-11-19
Oykos Peach Luxury Greek Style Yoghurt,£2.00,(45.5p/100g),fresh_food,yogurts,2024-11-19
Activia Gut Health 8 x 115g (920g),£3.25,(35.3p/100g),fresh_food,yogurts,2024-11-19
Lindahls Kvarg Vanilla,£1.10,(73.3p/100g),fresh_food,yogurts,2024-11-19
Arla Protein on the go Strawberry yogurt,£1.25,(62.5p/100g),fresh_food,yogurts,2024-11-19
Alpro Vanilla Soya Yoghurt Alternative,£1.50,(30.0p/100g),fresh_food,yogurts,2024-11-19
The Collective Great Dairy Brekkie Blueberry 110g,£1.20,(£1.09/100g),fresh_food,yogurts,2024-11-19
ASDA Creamy Peach Greek Style Yogurt 450g,£1.50,(33.3p/100g),fresh_food,yogurts,2024-11-19
Petits Filous No Added Sugar Strawberry & Banana Fromage Frais 6 x 47g (282g),£1.50,(53.2p/100g),fresh_food,yogurts,2024-11-19
Wildlife Yogurt Pots & Tubes Bundle,£3.15,null,fresh_food,yogurts,2024-11-19
Danone Getpro 25g Forest Fruits Flavour Protein Pouch 200 g e,£1.65,(82.5p/100g),fresh_food,yogurts,2024-11-19
Isey Skyr Blueberry 90g,£1.15,(£1.28/100g),fresh_food,yogurts,2024-11-19
Muller Light Strawberry Yogurt 160g,£0.90,(56.2p/100g),fresh_food,yogurts,2024-11-19
Longley Farm Hazlenut Yogurt,£0.60,(40.0p/100g),fresh_food,yogurts,2024-11-19
GetPro 20g Protein Mousse Chocolate Flavour 200g,£2.50,(£1.25/100g),fresh_food,yogurts,2024-11-19
Onken Natural Set Yogurt,£2.50,(25.0p/100g),fresh_food,yogurts,2024-11-19
Piatnica Vanilla Fromage Frais 150g,£0.95,(£6.33/kg),fresh_food,yogurts,2024-11-19
Petits Filous Peach Flavour Drinking Yoghurt 4 x 100g (400g),£1.50,(37.5p/100g),fresh_food,yogurts,2024-11-19
Oatly Oatgurt Greek Style,£2.60,(65.0p/100ml),fresh_food,yogurts,2024-11-19
Muller x Myprotein Chocolate Flavour Pudding 200g,£1.50,(75.0p/100g),fresh_food,yogurts,2024-11-19
Ann Forshaw's Sicilian Lemon Luxury Yogurt 140g,£1.00,(71.4p/100g),fresh_food,yogurts,2024-11-19
ASDA Fat Free Natural Yogurt 500g,£1.10,(22.0p/100g),fresh_food,yogurts,2024-11-19
Activia Fibre Walnut & Oat Yogurt 4x115g,£2.00,(43.5p/100g),fresh_food,yogurts,2024-11-19
Lancashire Farm Natural Yogurt,£1.60,(16.0p/100g),fresh_food,yogurts,2024-11-19
The Collective Great Dairy Gourmet Raspberry 425g,£2.50,(58.8p/100g),fresh_food,yogurts,2024-11-19
Muller x Myprotein Vanilla Flavour Pudding 200g,£1.50,(75.0p/100g),fresh_food,yogurts,2024-11-19
Muller x Myprotein Salted Caramel Flavor Mousse 200g,£1.50,(75.0p/100g),fresh_food,yogurts,2024-11-19
Onken 0% Fat Strawberry,£1.25,(27.8p/100g),fresh_food,yogurts,2024-11-19
Muller Light Choc Pot Milk Chocolate & Orange Flavour 4 x 80g (320g),£1.50,(62.5p/100g),fresh_food,yogurts,2024-11-19
Arla Skyr Strawberry Icelandic Style Yogurt,£1.85,(41.1p/100g),fresh_food,yogurts,2024-11-19
"Activia Strawberry, Raspberry, Cherry & Blueberry No Added Sugar Fat Free Multipack yoghurt",£3.25,(35.3p/100g),fresh_food,yogurts,2024-11-19
Yeo Valley Organic Strawberry Yogurt,£1.95,(43.3p/100g),fresh_food,yogurts,2024-11-19
Muller Corner Chocolate Digestive and Strawberry Shortcake Yogurts,£4.00,(53.8p/100g),fresh_food,yogurts,2024-11-19
Activia Strawberry Yoghurt,£2.50,(54.4p/100g),fresh_food,yogurts,2024-11-19
"Activia Mango, Strawberry, Kiwi & Apricot Multipack Yoghurt",£3.25,(35.3p/100g),fresh_food,yogurts,2024-11-19
Muller Corner Vanilla Chocolate Balls and Banana Chocolate Flakes Yogurts,£4.00,(53.8p/100g),fresh_food,yogurts,2024-11-19
Muller Bliss Creamy Mascarpone Cherry Yogurt,£1.50,(34.1p/100g),fresh_food,yogurts,2024-11-19
Arla Skyr Whipped Strawberries & Cream 128g,£1.25,(97.7p/100g),fresh_food,yogurts,2024-11-19
Yeo Valley Organic Greek Recipe 5% Strained Natural Yogurt 450g,£2.75,(61.1p/100g),fresh_food,yogurts,2024-11-19
Muller Corner Strawberry and Peach & Apricot Yogurts,£4.00,(49.0p/100g),fresh_food,yogurts,2024-11-19
Muller Bliss Creamy Mascarpone Peach & Apricot Yogurt,£1.50,(34.1p/100g),fresh_food,yogurts,2024-11-19
Müller Bliss Strawberry Greek Style Whipped Yogurt,£2.75,(65.5p/100g),fresh_food,yogurts,2024-11-19
"Activia Strawberry, Raspberry, Cherry & Blueberry No Added Sugar Fat Free Multipack yoghurt",£3.25,(35.3p/100g),fresh_food,yogurts,2024-11-19
"Activia Mango, Strawberry, Kiwi & Apricot Multipack Yoghurt",£3.25,(35.3p/100g),fresh_food,yogurts,2024-11-19
"Activia Rhubarb, Prune, Fig, Blackberry & Strawberry Multipack Yoghurt",£3.25,(35.3p/100g),fresh_food,yogurts,2024-11-19
Longley Farm Hazlenut Yogurt,£0.60,(40.0p/100g),fresh_food,yogurts,2024-11-19
Isey Skyr Blueberry 90g,£1.15,(£1.28/100g),fresh_food,yogurts,2024-11-19
Petits Filous No Added Sugar Strawberry & Banana Fromage Frais 6 x 47g (282g),£1.50,(53.2p/100g),fresh_food,yogurts,2024-11-19
Arla Skyr Strawberry Icelandic Style Yogurt,£1.85,(41.1p/100g),fresh_food,yogurts,2024-11-19
Onken 0% Fat Strawberry,£1.25,(27.8p/100g),fresh_food,yogurts,2024-11-19
Muller Rice Apple,£0.90,(52.9p/100g),fresh_food,yogurts,2024-11-19
Muller Rice Vanilla Custard Low Fat Pudding,£0.90,(52.9p/100g),fresh_food,yogurts,2024-11-19
Muller Rice Original Low Fat Pudding,£0.90,(52.9p/100g),fresh_food,yogurts,2024-11-19
Muller Rice Strawberry Low Fat Pudding,£0.90,(52.9p/100g),fresh_food,yogurts,2024-11-19
Activia Raspberry & Chia Seed Muesli Low Fat Yogurt,£1.10,(66.7p/100g),fresh_food,yogurts,2024-11-19
Activia Vanilla & Granola Low Fat Yogurt,£1.10,(66.7p/100g),fresh_food,yogurts,2024-11-19
"Activia Strawberry, Raspberry, Cherry & Blueberry No Added Sugar Fat Free Multipack yoghurt",£3.25,(35.3p/100g),fresh_food,yogurts,2024-11-19
Yeo Valley Organic Strawberry Yogurt,£1.95,(43.3p/100g),fresh_food,yogurts,2024-11-19
Muller Corner Chocolate Digestive and Strawberry Shortcake Yogurts,£4.00,(53.8p/100g),fresh_food,yogurts,2024-11-19
Activia Strawberry Yoghurt,£2.50,(54.4p/100g),fresh_food,yogurts,2024-11-19
"Activia Mango, Strawberry, Kiwi & Apricot Multipack Yoghurt",£3.25,(35.3p/100g),fresh_food,yogurts,2024-11-19
Muller Corner Vanilla Chocolate Balls and Banana Chocolate Flakes Yogurts,£4.00,(53.8p/100g),fresh_food,yogurts,2024-11-19
"Activia Rhubarb, Prune, Fig, Blackberry & Strawberry Multipack Yoghurt",£3.25,(35.3p/100g),fresh_food,yogurts,2024-11-19
Muller Bliss Creamy Mascarpone Cherry Yogurt,£1.50,(34.1p/100g),fresh_food,yogurts,2024-11-19
Arla Skyr Whipped Strawberries & Cream 128g,£1.25,(97.7p/100g),fresh_food,yogurts,2024-11-19
Yeo Valley Organic Greek Recipe 5% Strained Natural Yogurt 450g,£2.75,(61.1p/100g),fresh_food,yogurts,2024-11-19
Muller Corner Strawberry and Peach & Apricot Yogurts,£4.00,(49.0p/100g),fresh_food,yogurts,2024-11-19
Muller Bliss Creamy Mascarpone Peach & Apricot Yogurt,£1.50,(34.1p/100g),fresh_food,yogurts,2024-11-19
ASDA Tender Chicken Breast Fillets,£2.65,(£8.83/kg),fresh_food,meat_poultry,2024-11-19
ASDA Tender Chicken Breast Fillets,£4.00,(£6.67/kg),fresh_food,meat_poultry,2024-11-19
ASDA Succulent Chicken Drumsticks,£3.00,(£2.73/kg),fresh_food,meat_poultry,2024-11-19
ASDA Succulent Large Chicken,£4.79,(£2.82/kg),fresh_food,meat_poultry,2024-11-19
ASDA Succulent Boneless Chicken Thigh Fillets,£4.25,(£6.54/kg),fresh_food,meat_poultry,2024-11-19
ASDA Extra Large Chicken (Typically 2.25kg),£7.09,(£3.15/kg),fresh_food,meat_poultry,2024-11-19
Shazans Extra Tasty Whole Chicken,£6.20,(£4.43/kg),fresh_food,meat_poultry,2024-11-19
Simply Chicken Tenders,£3.00,(£10.00/kg),fresh_food,meat_poultry,2024-11-19
Richmond 8 Roast Chicken Sausages 410g,£2.50,(£6.10/kg),fresh_food,meat_poultry,2024-11-19
ASDA Tender Chicken Stir-Fry Strips,£2.50,(£10.00/kg),fresh_food,meat_poultry,2024-11-19
ASDA 2 Garlic & Herb Chicken Kievs,£2.80,(£10.77/kg),fresh_food,meat_poultry,2024-11-19
JUST ESSENTIALS by ASDA Chicken Wings,£2.19,(£1.99/kg),fresh_food,meat_poultry,2024-11-19
ASDA Tender Breaded Chicken Mini Fillets 305g,£2.50,(£8.20/kg),fresh_food,meat_poultry,2024-11-19
George Home Non-Stick Roaster Grey,£1.75,(£1.75/each),fresh_food,meat_poultry,2024-11-19
ASDA Tender Chicken Breast Fillets,£6.49,(£6.49/kg),fresh_food,meat_poultry,2024-11-19
ASDA Tender Chicken Breast Fillets,£9.45,(£5.91/kg),fresh_food,meat_poultry,2024-11-19
ASDA Tender Diced Chicken Breast,£3.00,(£7.50/kg),fresh_food,meat_poultry,2024-11-19
ASDA Succulent Chicken Drumsticks 2.000kg,£4.25,(£2.12/kg),fresh_food,meat_poultry,2024-11-19
ASDA Lean Turkey Mince,£2.50,(£5.00/kg),fresh_food,meat_poultry,2024-11-19
ASDA Succulent Extra Tasty Large Chicken,£6.25,(£3.91/kg),fresh_food,meat_poultry,2024-11-19
JUST ESSENTIALS by ASDA Whole Chicken (Typically 1.5kg),£4.03,(£2.69/kg),fresh_food,meat_poultry,2024-11-19
ASDA Succulent Chicken Leg Quarters,£2.80,(£2.55/kg),fresh_food,meat_poultry,2024-11-19
ASDA Savoury Extra Tasty Boneless Chicken Breast Joint,£4.00,(£8.89/kg),fresh_food,meat_poultry,2024-11-19
"ASDA Succulent Chicken Thighs 2,000kg",£4.70,(£2.35/kg),fresh_food,meat_poultry,2024-11-19
ASDA Succulent Medium Chicken,£4.50,(£3.10/kg),fresh_food,meat_poultry,2024-11-19
ASDA Tender Diced Chicken Breast,£4.32,(£6.65/kg),fresh_food,meat_poultry,2024-11-19
ASDA Seasoned Southern Fried Chicken Goujons 270g,£2.40,(£8.89/kg),fresh_food,meat_poultry,2024-11-19
ASDA Tender Chicken Breast Steaks 500g,£4.00,(£8.00/kg),fresh_food,meat_poultry,2024-11-19
ASDA Tender Chicken Breast Mini Fillets,£3.35,(£8.38/kg),fresh_food,meat_poultry,2024-11-19
JUST ESSENTIALS by ASDA 2 Chicken Kievs,£2.25,(£8.65/kg),fresh_food,meat_poultry,2024-11-19
ASDA Succulent Chicken Thighs,£3.30,(£3.00/kg),fresh_food,meat_poultry,2024-11-19
ASDA Tender Chicken Breast Mini Fillets 1.000kg,£6.00,(£6.00/kg),fresh_food,meat_poultry,2024-11-19
Fridge Raiders Slow Roasted Chicken Snack Bites,£1.60,(£2.37/100g),fresh_food,meat_poultry,2024-11-19
Bernard Matthews Golden Breaded Turkey Escalopes,£2.00,(£7.69/kg),fresh_food,meat_poultry,2024-11-19
ASDA Tender Turkey Breast Steaks 0.480kg,£5.00,(£10.42/kg),fresh_food,meat_poultry,2024-11-19
ASDA Creamy 2 Cheese & Bacon Chicken Kievs,£2.80,(£10.77/kg),fresh_food,meat_poultry,2024-11-19
ASDA Succulent 12 Turkey Meatballs,£3.75,(£9.38/kg),fresh_food,meat_poultry,2024-11-19
ASDA Savoury Salt & Pepper Large Chicken,£5.70,(£3.56/kg),fresh_food,meat_poultry,2024-11-19
ASDA Crispy Tempura Battered Chicken Nuggets,£2.50,(£8.33/kg),fresh_food,meat_poultry,2024-11-19
ASDA 6 Breaded Chicken Steaks,£4.00,(£5.33/kg),fresh_food,meat_poultry,2024-11-19
ASDA Seasoned Southern Fried Chicken Thighs & Drumsticks,£4.00,(£5.00/kg),fresh_food,meat_poultry,2024-11-19
ASDA Tender Chicken Breast Mini Fillets,£4.75,(£7.31/kg),fresh_food,meat_poultry,2024-11-19
ASDA Sticky Teriyaki Chicken Mini Breast Fillets,£4.40,(£12.57/kg),fresh_food,meat_poultry,2024-11-19
ASDA Succulent Boneless Chicken Thigh Fillets,£6.50,(£6.50/kg),fresh_food,meat_poultry,2024-11-19
ASDA Tender Chicken Mince,£4.40,(£5.50/kg),fresh_food,meat_poultry,2024-11-19
ASDA Smoky Fajita Chicken Stir-Fry Kit,£4.40,(£6.77/kg),fresh_food,meat_poultry,2024-11-19
ASDA Tempura Chicken Mini Fillets ,£2.80,(£9.18/kg),fresh_food,meat_poultry,2024-11-19
Cherrywood Sweet Chilli Chicken Breasts 315g,£3.00,(£9.52/kg),fresh_food,meat_poultry,2024-11-19
ASDA Succulent Butter Basted Boneless Chicken Joint 466g,£4.40,(£9.44/kg),fresh_food,meat_poultry,2024-11-19
Cherrywood Cheese & Leek Chicken Breasts 384g,£4.40,(£11.46/kg),fresh_food,meat_poultry,2024-11-19
Cherry Wood Farm Breaded Chicken Pops 250g,£2.00,(£8.00/kg),fresh_food,meat_poultry,2024-11-19
Fridge Raiders Tasty Pizza Chicken Bites 3 x 22.5g,£1.60,(£2.37/100g),fresh_food,meat_poultry,2024-11-19
Cherrywood Cajun Chicken Escalopes 380g,£3.00,(£7.89/kg),fresh_food,meat_poultry,2024-11-19
Shazans Peri Peri Chicken Drumsticks,£4.30,(£4.78/kg),fresh_food,meat_poultry,2024-11-19
ASDA Extra Special Chicken Gravy Granules,£1.90,(95.0p/100g),fresh_food,meat_poultry,2024-11-19
"ASDA Classic Pork, Sage and Onion Stuffed Large Chicken",£6.25,(£3.91/kg),fresh_food,meat_poultry,2024-11-19
ASDA Hearty Caribbean Style Traybake,£4.40,(£6.98/kg),fresh_food,meat_poultry,2024-11-19
ASDA Southern Fried 100% Chicken Breast Mini Fillets,£2.80,(£9.18/kg),fresh_food,meat_poultry,2024-11-19
Mattessons 6 Turkey Rashers Lightly Smoked 150g,£2.00,(£13.33/kg),fresh_food,meat_poultry,2024-11-19
Fridge Raiders Southern Style Chicken Snack Bites,£1.60,(£2.37/100g),fresh_food,meat_poultry,2024-11-19
"ASDA Classic Pork, Sage and Onion Stuffed Large Chicken",£6.25,(£3.91/kg),fresh_food,meat_poultry,2024-11-19
ASDA Southern Fried 100% Chicken Breast Mini Fillets,£2.80,(£9.18/kg),fresh_food,meat_poultry,2024-11-19
ASDA Crispy Breaded Chicken Goujons 270 g e,£2.70,(£10.00/kg),fresh_food,meat_poultry,2024-11-19
Cherry Wood Farm Breaded Chicken Pops 250g,£2.00,(£8.00/kg),fresh_food,meat_poultry,2024-11-19
Exceptional by ASDA Corn-Fed Skinless & Boneless Norfolk Chicken Thighs (Typically 360g),£3.85,(£10.70/kg),fresh_food,meat_poultry,2024-11-19
ASDA Extra Lean Turkey Mince (Typically Less Than 3% Fat),£4.50,(£9.00/kg),fresh_food,meat_poultry,2024-11-19
ASDA Smoky Fajita Chicken Stir-Fry Kit,£4.40,(£6.77/kg),fresh_food,meat_poultry,2024-11-19
TGI Fridays Buffalo Chicken Wings 500g,£3.50,(£7.00/kg),fresh_food,meat_poultry,2024-11-19
Fridge Raiders Southern Style Chicken Snack Bites,£1.60,(£2.37/100g),fresh_food,meat_poultry,2024-11-19
ASDA Sticky Chinese Style Chicken Stir-Fry Kit,£4.40,(£6.77/kg),fresh_food,meat_poultry,2024-11-19
ASDA Delicious Breaded Chicken Goujons,£4.40,(£7.33/kg),fresh_food,meat_poultry,2024-11-19
Cherrywood Cajun Chicken Escalopes 380g,£3.00,(£7.89/kg),fresh_food,meat_poultry,2024-11-19
ASDA Smoky Loaded Mexican Chicken Mini Fillets,£4.40,(£13.06/kg),fresh_food,meat_poultry,2024-11-19
ASDA Flavourful Chicken Crown with Sage & Onion Gravy,£4.95,(£9.80/kg),fresh_food,meat_poultry,2024-11-19
ASDA Extra Special Chicken Gravy Granules,£1.90,(95.0p/100g),fresh_food,meat_poultry,2024-11-19
ASDA Room to Thrive Chicken Drumsticks,£3.85,(£3.50/kg),fresh_food,meat_poultry,2024-11-19
ASDA 6 Seasoned Southern Fried Chicken Steaks,£4.60,(£6.13/kg),fresh_food,meat_poultry,2024-11-19
ASDA Room to Thrive Boneless Chicken Thigh Fillets,£5.95,(£9.15/kg),fresh_food,meat_poultry,2024-11-19
Mattessons 6 Turkey Rashers Unsmoked 150g,£2.00,(£13.33/kg),fresh_food,meat_poultry,2024-11-19
Shazans Peri Peri Chicken Drumsticks,£4.30,(£4.78/kg),fresh_food,meat_poultry,2024-11-19
ASDA Aromatic Korean Inspired Chicken Stir-Fry Kit 650g,£4.40,(£6.77/kg),fresh_food,meat_poultry,2024-11-19
George Home Teal Non-Stick Retro Roaster - 41cm,£8.00,(£8.00/each),fresh_food,meat_poultry,2024-11-19
George Home Ceramic Roasting Dish 20cm,£3.00,(£3.00/each),fresh_food,meat_poultry,2024-11-19
Exceptional by ASDA Corn-Fed Norfolk Chicken Breast Fillets (Typically 350g),£5.79,(£16.55/kg),fresh_food,meat_poultry,2024-11-19
George Home Grey Ceramic 3-Piece Roaster Set,£12.00,(£12.00/each),fresh_food,meat_poultry,2024-11-19
ASDA Tender Turkey Breast Steaks,£9.00,(£10.00/kg),fresh_food,meat_poultry,2024-11-19
Exceptional by ASDA Corn-Fed Norfolk Chicken Supremes (Typically 525g),£8.40,(£16.00/kg),fresh_food,meat_poultry,2024-11-19
Shazans Halal Chicken Breast Fillets,£4.20,(£9.33/kg),fresh_food,meat_poultry,2024-11-19
Shazans Chicken Drumsticks & Thighs,£4.30,(£4.30/kg),fresh_food,meat_poultry,2024-11-19
Shazans Chicken Mini Fillets,£4.65,(£9.30/kg),fresh_food,meat_poultry,2024-11-19
George Home Nightmare Before Christmas Red Large Roaster,£7.50,(£7.50/each),fresh_food,meat_poultry,2024-11-19
George Home Excellence Non-Stick Black Roaster,£8.00,(£8.00/each),fresh_food,meat_poultry,2024-11-19
George Home Grey Ceramic Roaster 41cm,£8.00,(£8.00/each),fresh_food,meat_poultry,2024-11-19
Shazans Diced Chicken Breast 750g,£6.10,(£8.13/kg),fresh_food,meat_poultry,2024-11-19
Shazans Peri Peri Baby Chicken,£3.90,(£4.88/kg),fresh_food,meat_poultry,2024-11-19
George Home Silver Stainless Steel 2-Piece Roaster Set,£12.00,(£12.00/each),fresh_food,meat_poultry,2024-11-19
Shazans Diced Chicken Breast,£4.55,(£10.11/kg),fresh_food,meat_poultry,2024-11-19
George Home Glass Pie Dish,£3.50,(£3.50/each),fresh_food,meat_poultry,2024-11-19
George Home Ceramic Grey Roaster 20cm,£3.50,(£3.50/each),fresh_food,meat_poultry,2024-11-19
ASDA Organic Free Range Whole Chicken (Typically 1.65kg),£12.79,(£7.75/kg),fresh_food,meat_poultry,2024-11-19
Scoville Glasslux 2.2L Rectangular Dish With Lid,£6.50,(£6.50/each),fresh_food,meat_poultry,2024-11-19
George Home Roaster,£4.50,(£4.50/each),fresh_food,meat_poultry,2024-11-19
George Home Ceramic Roasting Dish 26cm,£4.00,(£4.00/each),fresh_food,meat_poultry,2024-11-19
George Home Glass Roaster With Clip Lid 3 Pack,£9.50,(£9.50/each),fresh_food,meat_poultry,2024-11-19
Shazans Tandoori Chicken Kebabs,£6.50,(£7.22/kg),fresh_food,meat_poultry,2024-11-19
Shazans Chicken Wings 2kg,£6.90,(£3.45/kg),fresh_food,meat_poultry,2024-11-19
Shazans Chicken Thighs,£4.45,(£4.45/kg),fresh_food,meat_poultry,2024-11-19
George Home White Enamel Roaster - Set of 2,£12.00,(£12.00/each),fresh_food,meat_poultry,2024-11-19
George Home Glass Roaster,£4.50,(£4.50/each),fresh_food,meat_poultry,2024-11-19
Shazans Halal Tandoori Chicken Drumsticks,£4.30,(£4.78/kg),fresh_food,meat_poultry,2024-11-19
George Home Glass Roasters,£4.50,(£4.50/each),fresh_food,meat_poultry,2024-11-19
Scoville Expert Neverstick+ 30cm Deep Baking Tray,£13.00,(£13.00/each),fresh_food,meat_poultry,2024-11-19
Scoville Ceramics 3 Piece Roaster Set,£25.00,(£25.00/each),fresh_food,meat_poultry,2024-11-19
ASDA Room to Thrive Diced Chicken Breast,£4.50,(£11.25/kg),fresh_food,meat_poultry,2024-11-19
Shazans Chicken Thigh Fillets,£4.70,(£7.83/kg),fresh_food,meat_poultry,2024-11-19
George Home Bakeware Set,£11.50,(£11.50/each),fresh_food,meat_poultry,2024-11-19
ASDA Hot & Spicy Chicken Wings 280g,£2.50,(89.3p/100g),fresh_food,meat_poultry,2024-11-19
Shazans Tandoori Chicken,£6.10,(£3.81/kg),fresh_food,meat_poultry,2024-11-19
Fridge Raiders Slow Roasted Chicken Bites 165g,£2.50,(£1.52/100g),fresh_food,meat_poultry,2024-11-19
Shazans Chicken Curry Cut,£6.25,(£5.21/kg),fresh_food,meat_poultry,2024-11-19
Shazans Chicken Drumsticks,£4.45,(£4.45/kg),fresh_food,meat_poultry,2024-11-19
Shazans Halal Peri Peri Chicken Wings,£4.00,(£4.44/kg),fresh_food,meat_poultry,2024-11-19
George Home Blue & White Pure Roaster - Set of 3,£12.00,(£4.00/each),fresh_food,meat_poultry,2024-11-19
Gino D'Acampo 33cm Roaster,£7.00,(£7.00/each),fresh_food,meat_poultry,2024-11-19
George Home Glass Roaster with clip lid 1L,£3.50,(£3.50/each),fresh_food,meat_poultry,2024-11-19
Scoville Roaster,£20.00,(£20.00/each),fresh_food,meat_poultry,2024-11-19
George Home Glass Roaster,£5.00,(£5.00/each),fresh_food,meat_poultry,2024-11-19
Shazans Chicken Thighs,£4.45,(£4.45/kg),fresh_food,meat_poultry,2024-11-19
Scoville Neverstick 26cm Roasting Tray,£12.00,(£12.00/each),fresh_food,meat_poultry,2024-11-19
ASDA Room to Thrive Whole Chicken (Typically 1.85kg),£9.25,(£5.00/kg),fresh_food,meat_poultry,2024-11-19
ASDA Organic Free Range Whole Chicken (Typically 1.65kg),£12.79,(£7.75/kg),fresh_food,meat_poultry,2024-11-19
TGI Fridays Chicken Wings & Mini Pork Ribs 580g,£5.50,(£9.48/kg),fresh_food,meat_poultry,2024-11-19
Exceptional by ASDA Free Range Corn-Fed Norfolk Whole Chicken (Typically 1.75kg),£10.85,(£6.20/kg),fresh_food,meat_poultry,2024-11-19
George Home Bakeware Set,£11.50,(£11.50/each),fresh_food,meat_poultry,2024-11-19
ASDA Room to Thrive Diced Chicken Breast,£4.50,(£11.25/kg),fresh_food,meat_poultry,2024-11-19
ASDA Hot & Spicy Chicken Wings 280g,£2.50,(89.3p/100g),fresh_food,meat_poultry,2024-11-19
George Home Glass Roasters,£4.50,(£4.50/each),fresh_food,meat_poultry,2024-11-19
Shazans Chicken Thigh Fillets,£4.70,(£7.83/kg),fresh_food,meat_poultry,2024-11-19
Scoville Ceramics 3 Piece Roaster Set,£25.00,(£25.00/each),fresh_food,meat_poultry,2024-11-19
Shazans Tandoori Chicken,£6.10,(£3.81/kg),fresh_food,meat_poultry,2024-11-19
George Home Glass Roaster with clip lid 1.5L,£4.50,(£4.50/each),fresh_food,meat_poultry,2024-11-19
George Home Non-Stick Loose Based Quiche Tin,£3.50,(£3.50/each),fresh_food,meat_poultry,2024-11-19
Scoville Scoville Expert Neverstick+ 26cm Casserole Dish,£22.00,(£22.00/each),fresh_food,meat_poultry,2024-11-19
George Home Pudding Moulds,£3.50,(87.5p/each),fresh_food,meat_poultry,2024-11-19
Tefal Non-Stick Roaster 33cm,£12.00,(£12.00/each),fresh_food,meat_poultry,2024-11-19
George Home Glass Roaster,£4.00,(£4.00/each),fresh_food,meat_poultry,2024-11-19
Shazans Halal Tandoori Chicken Drumsticks,£4.30,(£4.78/kg),fresh_food,meat_poultry,2024-11-19
Shazans Halal Peri Peri Chicken Thighs,£5.20,(£5.78/kg),fresh_food,meat_poultry,2024-11-19
Exceptional by ASDA Bistro Slow Cooked Coq Au Vin 690g,£6.00,(£8.70/kg),fresh_food,meat_poultry,2024-11-19
George Home Roaster and Rack with Handle,£10.00,(£10.00/each),fresh_food,meat_poultry,2024-11-19
"Shazans Jerk Chicken Legs, Thighs & Wings",£6.10,(£3.81/kg),fresh_food,meat_poultry,2024-11-19
Shazans Chicken Breast Fillets,£12.50,(£6.94/kg),fresh_food,meat_poultry,2024-11-19
Scoville Glasslux 2.7L Rectangular Roaster,£6.00,(£6.00/each),fresh_food,meat_poultry,2024-11-19
Shazans Coronation Chicken Sizzlers,£4.40,(£12.57/kg),fresh_food,meat_poultry,2024-11-19
Fridge Raiders Slow Roasted Chicken Bites 165g,£2.50,(£1.52/100g),fresh_food,meat_poultry,2024-11-19
George Home Glass Roaster with clip lid 0.65L,£2.50,(£2.50/each),fresh_food,meat_poultry,2024-11-19
Shazans Medium Chicken,£5.95,(£4.25/kg),fresh_food,meat_poultry,2024-11-19
Exceptional by ASDA Free Range Corn-Fed Norfolk Chicken Legs (Typically 550g),£2.94,(£5.35/kg),fresh_food,meat_poultry,2024-11-19
Najma Spicy Breaded Chicken Fillets,£3.65,(£1.22/100g),fresh_food,meat_poultry,2024-11-19
Scoville Neverstick Medium Roaster,£14.00,(£14.00/each),fresh_food,meat_poultry,2024-11-19
Scoville Expert Neverstick+ 30cm Deep Baking Tray,£13.00,(£13.00/each),fresh_food,meat_poultry,2024-11-19
Scoville Ceramics 30cm Roaster,£10.00,(£10.00/each),fresh_food,meat_poultry,2024-11-19
ASDA Smoky BBQ Spatchcock Chicken 1.15kg,£5.00,(£4.55/kg),fresh_food,meat_poultry,2024-11-19
Scoville Glasslux 1.4L Rectangular Dish With Lid,£5.00,(£5.00/each),fresh_food,meat_poultry,2024-11-19
George Home Ceramic Roasting Dish 41cm,£4.50,(£4.50/each),fresh_food,meat_poultry,2024-11-19
George Home White Ceramic Roasters,£11.00,(£11.00/each),fresh_food,meat_poultry,2024-11-19
"Shazans Salt, Chilli & Pepper Chicken Thighs",£4.45,(£4.94/kg),fresh_food,meat_poultry,2024-11-19
ASDA Slow Cooked Buffalo Chicken Wings 665g,£4.95,(£7.44/kg),fresh_food,meat_poultry,2024-11-19
Shazans Halal Peri Peri Chicken Platter,£6.10,(£3.81/kg),fresh_food,meat_poultry,2024-11-19
George Home Roaster,£5.50,(£5.50/each),fresh_food,meat_poultry,2024-11-19
ASDA British Turkey Breast Mini Fillet Pieces,£4.50,(£11.25/kg),fresh_food,meat_poultry,2024-11-19
George Home Teal Non-Stick Retro Roaster - 20cm,£3.50,(£3.50/each),fresh_food,meat_poultry,2024-11-19
ASDA Spicy Piri Piri Half Chicken 650g,£4.40,(£6.77/kg),fresh_food,meat_poultry,2024-11-19
George Home Roaster,£12.00,(£12.00/each),fresh_food,meat_poultry,2024-11-19
Shazans Halal Chicken Breast Fillets Stock up Bundle,£16.80,null,fresh_food,meat_poultry,2024-11-19
ASDA Room to Thrive Chicken Breast Fillets,£6.90,(£11.50/kg),fresh_food,meat_poultry,2024-11-19
ASDA Slow Cooked Buffalo Chicken Wings 665g,£4.95,(£7.44/kg),fresh_food,meat_poultry,2024-11-19
Shazans Peri Peri Diced Chicken Breast,£4.55,(£9.10/kg),fresh_food,meat_poultry,2024-11-19
ASDA 8 Succulent Turkey Sausages,£2.75,(£6.06/kg),fresh_food,meat_poultry,2024-11-19
ASDA Flavourful Reduced Fat Beef Steak Mince (Typically Less Than 12% Fat),£3.50,(£7.00/kg),fresh_food,meat_poultry,2024-11-19
ASDA Tender Beef Stir-Fry Strips,£4.20,(£14.00/kg),fresh_food,meat_poultry,2024-11-19
ASDA Tender Lean Diced Beef,£6.50,(£9.29/kg),fresh_food,meat_poultry,2024-11-19
ASDA Tender Diced Beef Shin,£4.40,(£11.00/kg),fresh_food,meat_poultry,2024-11-19
ASDA Flavourful Lean Beef Steak Mince (Typically Less Than 5% Fat),£2.25,(£9.00/kg),fresh_food,meat_poultry,2024-11-19
ASDA Rich Beef & Pork Mince (Typically Less Than 23% Fat),£4.00,(£5.33/kg),fresh_food,meat_poultry,2024-11-19
ASDA Tender Medium Beef Roasting Joint (Typically 1kg),£9.75,"was  
£13.00 /kg",fresh_food,meat_poultry,2024-11-19
ASDA Flavourful Reduced Fat Beef Steak Mince,£4.45,(£6.85/kg),fresh_food,meat_poultry,2024-11-19
ASDA Tender Small Beef Roasting Joint,£6.00,(£12.00/kg),fresh_food,meat_poultry,2024-11-19
ASDA Flavourful Reduced Fat Beef Steak Mince (Typically Less than 12% Fat),£6.65,(£6.65/kg),fresh_food,meat_poultry,2024-11-19
Exceptional by ASDA 4 Beef Dripping Yorkshire Puddings 192g,£2.35,(£12.24/kg),fresh_food,meat_poultry,2024-11-19
Exceptional by ASDA British 2 Beef Steak & Bone Marrow Burgers 340g,£4.00,(£11.76/kg),fresh_food,meat_poultry,2024-11-19
ASDA Flavourful Lean Beef Steak Mince (Typically Less Than 5% Fat),£3.60,(£7.20/kg),fresh_food,meat_poultry,2024-11-19
ASDA Flavourful Lean Beef Steak Mince,£6.75,(£6.75/kg),fresh_food,meat_poultry,2024-11-19
ASDA Thin Cut Beef Steaks 400g,£4.80,(£12.00/kg),fresh_food,meat_poultry,2024-11-19
JUST ESSENTIALS by ASDA Beef Mince 500g,£2.49,(£4.98/kg),fresh_food,meat_poultry,2024-11-19
ASDA Succulent 4 Quarter Pounder Beef Burgers,£2.49,(£5.48/kg),fresh_food,meat_poultry,2024-11-19
ASDA Tender Lean Diced Beef,£3.20,(£12.80/kg),fresh_food,meat_poultry,2024-11-19
ASDA Butcher's Selection Beef Mince (Typically Less Than 20% Fat),£2.70,(£5.40/kg),fresh_food,meat_poultry,2024-11-19
ASDA Sirloin Beef Steak 227g,£4.25,(£18.72/kg),fresh_food,meat_poultry,2024-11-19
ASDA Full-Flavoured 20 Mini Beef Meatballs 340g,£3.35,(£9.85/kg),fresh_food,meat_poultry,2024-11-19
ASDA Rump Beef Steak 255g,£3.84,(£15.06/kg),fresh_food,meat_poultry,2024-11-19
ASDA Tender Lean Diced Beef,£4.70,(£11.75/kg),fresh_food,meat_poultry,2024-11-19
ASDA Full-Flavoured 24 Beef Meatballs 672g,£4.25,(£6.32/kg),fresh_food,meat_poultry,2024-11-19
ASDA Full-Flavoured 12 Beef Meatballs,£3.30,(£9.71/kg),fresh_food,meat_poultry,2024-11-19
JUST ESSENTIALS by ASDA Beef Roasting Joint (Typically 1.4KG),£11.89,(£8.49/kg),fresh_food,meat_poultry,2024-11-19
ASDA Succulent 8 Beef Burgers 681g,£4.40,(£6.46/kg),fresh_food,meat_poultry,2024-11-19
ASDA Medallion Beef Steaks,£4.50,(£13.24/kg),fresh_food,meat_poultry,2024-11-19
ASDA Creamy Peppercorn Sauce,£1.20,(66.7p/100g),fresh_food,meat_poultry,2024-11-19
ASDA Hearty Lamb Shepherds Pie Kit 650g,£4.75,(£7.31/kg),fresh_food,meat_poultry,2024-11-19
ASDA Beef Ribeye Steak 227g,£4.90,(£21.59/kg),fresh_food,meat_poultry,2024-11-19
ASDA Succulent Short Rib (Typically 0.6kg),£5.10,(£8.50/kg),fresh_food,meat_poultry,2024-11-19
ASDA Sirloin Thin Cut 2 Beef Steaks,£6.75,(£21.77/kg),fresh_food,meat_poultry,2024-11-19
ASDA Large Rolled Beef Brisket (Typically 1.1kg),£13.20,(£12.00/kg),fresh_food,meat_poultry,2024-11-19
ASDA Classic Beef Bolognese Kit 650g,£4.20,(£6.46/kg),fresh_food,meat_poultry,2024-11-19
ASDA Flavoursome 8 Smash Beef Burgers 680g,£4.00,(£5.88/kg),fresh_food,meat_poultry,2024-11-19
Exceptional by ASDA British Aberdeen Angus Diced Beef,£4.85,(£13.86/kg),fresh_food,meat_poultry,2024-11-19
TGI Fridays BBQ Beef Brisket 400g,£4.00,(£10.00/kg),fresh_food,meat_poultry,2024-11-19
Exceptional by ASDA 4 British Salt & Cracked Black Pepper Beef Burgers 454g,£4.00,(£8.81/kg),fresh_food,meat_poultry,2024-11-19
Exceptional by ASDA Free Range Goose Fat 220g,£3.80,(1.7p/kg),fresh_food,meat_poultry,2024-11-19
ASDA Succulent 4 Caramelised Red Onion Beef Burgers 454g,£3.50,(£7.71/kg),fresh_food,meat_poultry,2024-11-19
ASDA Full-Flavoured 12 Reduced Fat Beef Meatballs,£3.75,(£11.03/kg),fresh_food,meat_poultry,2024-11-19
Exceptional by ASDA Creamy Three Peppercorn Sauce 150g,£1.60,(£1.07/100g),fresh_food,meat_poultry,2024-11-19
Exceptional by ASDA Aberdeen Angus 8oz Sirloin Steak,£6.10,(£26.87/kg),fresh_food,meat_poultry,2024-11-19
ASDA Diane Sauce 180g,£1.20,(66.7p/100g),fresh_food,meat_poultry,2024-11-19
ASDA Succulent 4 Reduced Fat Beef Burgers 454g,£4.00,(£8.81/kg),fresh_food,meat_poultry,2024-11-19
ASDA Tasty 6 Sweet Chilli Beef Koftas 360g,£4.00,(£11.11/kg),fresh_food,meat_poultry,2024-11-19
Exceptional by ASDA Aberdeen Angus 8oz Ribeye Steak,£6.55,(£28.85/kg),fresh_food,meat_poultry,2024-11-19
Exceptional by ASDA 12 Aberdeen Angus Beef Steak Meatballs 340g,£3.50,(£10.29/kg),fresh_food,meat_poultry,2024-11-19
Exceptional by ASDA 12 Italian Inspired Meatballs 340g,£3.75,(£11.03/kg),fresh_food,meat_poultry,2024-11-19
Exceptional by ASDA British Aberdeen Angus Lean Beef Mince,£5.00,(£10.00/kg),fresh_food,meat_poultry,2024-11-19
ASDA Slow Cooked Bourbon BBQ Boneless Beef Ribs 500g,£5.00,(£10.00/kg),fresh_food,meat_poultry,2024-11-19
Exceptional by ASDA 2 Aberdeen Angus Beef Steak Burgers 340g,£4.00,(£11.76/kg),fresh_food,meat_poultry,2024-11-19
Exceptional by ASDA Creamy Wild Mushroom Sauce 150g,£1.60,(£1.07/100g),fresh_food,meat_poultry,2024-11-19
The Real Yorkshire Pudding Co. 6 Yorkshire Puddings 132g,£1.65,(£12.50/kg),fresh_food,meat_poultry,2024-11-19
Exceptional by ASDA Aberdeen Angus Thick Cut 11oz Rump Steak,£6.20,(£19.38/kg),fresh_food,meat_poultry,2024-11-19
ASDA Fillet Beef Steak,£6.78,(£32.00/kg),fresh_food,meat_poultry,2024-11-19
ASDA Tender Beef Roasting Joint (Typically 1.8kg),£21.60,(£12.00/kg),fresh_food,meat_poultry,2024-11-19
Exceptional by ASDA British Beef Topside Roasting Joint (Typically 1.4kg),£21.00,(£15.00/kg),fresh_food,meat_poultry,2024-11-19
Shazans Beef Steak 340g,£4.55,(£13.38/kg),fresh_food,meat_poultry,2024-11-19
Exceptional by ASDA British Beef Topside Roasting Joint (Typically 1.4kg),£21.00,(£15.00/kg),fresh_food,meat_poultry,2024-11-19
The Real Yorkshire Pudding Co. 4 Large Gluten Free Yorkshire Puddings 160g,£2.25,(£14.06/kg),fresh_food,meat_poultry,2024-11-19
Exceptional by ASDA British Fillet Steak,£8.50,(£38.64/kg),fresh_food,meat_poultry,2024-11-19
The Real Yorkshire Pudding Co. 6 Proper Tasty Yorkshire Puddings 228g,£2.15,(£9.43/kg),fresh_food,meat_poultry,2024-11-19
Shazans 4 Quarter Pound Beef Burgers,£4.40,(£9.69/kg),fresh_food,meat_poultry,2024-11-19
Exceptional by ASDA Aberdeen Angus Grass & Forage Fed 10oz Sirloin Steak,£10.70,(£37.68/kg),fresh_food,meat_poultry,2024-11-19
Shazans Halal Beef Mince (Typically Less Than 20% Fat),£4.55,(£9.10/kg),fresh_food,meat_poultry,2024-11-19
Finnebrogue Artisan Wagyu Burgers,£4.50,(£13.24/kg),fresh_food,meat_poultry,2024-11-19
HECK 12 Steak & Butter Meatballs 300g,£3.75,(£12.50/kg),fresh_food,meat_poultry,2024-11-19
ASDA Slow Cooked Mexican Inspired Pulled Beef Barbacoa 370g,£4.75,(£12.84/kg),fresh_food,meat_poultry,2024-11-19
Exceptional by ASDA British Aberdeen Angus Grass & Forage Fed Fillet Steak (Typically 220g),£10.56,(£48.00/kg),fresh_food,meat_poultry,2024-11-19
ASDA Gluten Free Burger Bundle,£6.59,null,fresh_food,meat_poultry,2024-11-19
Exceptional by ASDA Aberdeen Angus Grass & Forage Fed 10oz Ribeye Steak,£11.00,(£38.73/kg),fresh_food,meat_poultry,2024-11-19
ASDA Rump Thick Cut Beef Steak 450g,£8.00,(£17.78/kg),fresh_food,meat_poultry,2024-11-19
Exceptional by ASDA Aberdeen Angus Grass & Forage Fed 10oz Rump Steak,£7.50,(£26.41/kg),fresh_food,meat_poultry,2024-11-19
Exceptional by ASDA Aberdeen Angus 9oz Rump Steak,£5.10,(£20.00/kg),fresh_food,meat_poultry,2024-11-19
Exceptional by ASDA Rich Stilton & White Port Sauce 150g,£1.60,(£1.07/100g),fresh_food,meat_poultry,2024-11-19
ASDA Tender Beef Joint with Salt & Pepper Butter 520g,£6.50,(£12.50/kg),fresh_food,meat_poultry,2024-11-19
ASDA Rump Beef Steak with a Peppercorn Butter 240g,£4.50,(£18.75/kg),fresh_food,meat_poultry,2024-11-19
ASDA Slow Cooked Korean Inspired Beef Brisket 405g,£4.95,(£12.22/kg),fresh_food,meat_poultry,2024-11-19
Exceptional by ASDA Aberdeen Angus Thick Cut 11oz Ribeye Steak,£8.50,(£26.56/kg),fresh_food,meat_poultry,2024-11-19
Smorgasbord Swedish Meatballs,£3.50,(£8.75/kg),fresh_food,meat_poultry,2024-11-19
George Home Ceramic Roasting Dish 20cm,£3.00,(£3.00/each),fresh_food,meat_poultry,2024-11-19
George Home Grey Ceramic Roaster 41cm,£8.00,(£8.00/each),fresh_food,meat_poultry,2024-11-19
George Home Teal Non-Stick Retro Roaster - 41cm,£8.00,(£8.00/each),fresh_food,meat_poultry,2024-11-19
George Home Grey Ceramic 3-Piece Roaster Set,£12.00,(£12.00/each),fresh_food,meat_poultry,2024-11-19
George Home Excellence Non-Stick Black Roaster,£8.00,(£8.00/each),fresh_food,meat_poultry,2024-11-19
George Home Nightmare Before Christmas Red Large Roaster,£7.50,(£7.50/each),fresh_food,meat_poultry,2024-11-19
George Home Clear Clip Lid Glass Roaster 25.5cm,£6.00,(£6.00/each),fresh_food,meat_poultry,2024-11-19
Scoville Glasslux 2.2L Rectangular Dish With Lid,£6.50,(£6.50/each),fresh_food,meat_poultry,2024-11-19
George Home Roaster,£4.50,(£4.50/each),fresh_food,meat_poultry,2024-11-19
George Home White Enamel Roaster - Set of 2,£12.00,(£12.00/each),fresh_food,meat_poultry,2024-11-19
Scoville Neverstick 26cm Roasting Tray,£12.00,(£12.00/each),fresh_food,meat_poultry,2024-11-19
Scoville Expert 35cm Roaster,£15.00,(£15.00/each),fresh_food,meat_poultry,2024-11-19
George Home Silver Stainless Steel 2-Piece Roaster Set,£12.00,(£12.00/each),fresh_food,meat_poultry,2024-11-19
George Home Glass Roaster,£4.50,(£4.50/each),fresh_food,meat_poultry,2024-11-19
George Home Glass Roaster With Clip Lid 3 Pack,£9.50,(£9.50/each),fresh_food,meat_poultry,2024-11-19
George Home Non-Stick Grey Roaster,£2.00,(£2.00/each),fresh_food,meat_poultry,2024-11-19
George Home Ceramic Roasting Dish 26cm,£4.00,(£4.00/each),fresh_food,meat_poultry,2024-11-19
George Home Ceramic White Roaster,£5.00,(£5.00/each),fresh_food,meat_poultry,2024-11-19
George Home Black Barbican Roasters - Set of 2,£16.00,(£8.00/each),fresh_food,meat_poultry,2024-11-19
Gino D'Acampo 39cm Roaster,£10.00,(£10.00/each),fresh_food,meat_poultry,2024-11-19
George Home Clear Glass 3-Piece Roaster Set,£10.00,(£3.33/each),fresh_food,meat_poultry,2024-11-19
George Home Glass Pie Dish,£3.50,(£3.50/each),fresh_food,meat_poultry,2024-11-19
George Home Ceramic Grey Roaster 20cm,£3.50,(£3.50/each),fresh_food,meat_poultry,2024-11-19
Pyrex Glass Roaster Set,£10.00,(£10.00/each),fresh_food,meat_poultry,2024-11-19
George Home Blue & White Pure Roaster - Set of 3,£12.00,(£4.00/each),fresh_food,meat_poultry,2024-11-19
Gino D'Acampo 33cm Roaster,£7.00,(£7.00/each),fresh_food,meat_poultry,2024-11-19
George Home Glass Roaster with clip lid 1L,£3.50,(£3.50/each),fresh_food,meat_poultry,2024-11-19
Scoville Roaster,£20.00,(£20.00/each),fresh_food,meat_poultry,2024-11-19
George Home Glass Roaster,£5.00,(£5.00/each),fresh_food,meat_poultry,2024-11-19
George Home Bakeware Set,£11.50,(£11.50/each),fresh_food,meat_poultry,2024-11-19
Scoville Ceramics 3 Piece Roaster Set,£25.00,(£25.00/each),fresh_food,meat_poultry,2024-11-19
Scoville Expert Neverstick+ 30cm Deep Baking Tray,£13.00,(£13.00/each),fresh_food,meat_poultry,2024-11-19
George Home Glass Roasters,£4.50,(£4.50/each),fresh_food,meat_poultry,2024-11-19
Scoville Glasslux 2.7L Rectangular Roaster,£6.00,(£6.00/each),fresh_food,meat_poultry,2024-11-19
Scoville Scoville Expert Neverstick+ 26cm Casserole Dish,£22.00,(£22.00/each),fresh_food,meat_poultry,2024-11-19
George Home Glass Roaster with clip lid 0.65L,£2.50,(£2.50/each),fresh_food,meat_poultry,2024-11-19
George Home Glass Roaster with clip lid 1.5L,£4.50,(£4.50/each),fresh_food,meat_poultry,2024-11-19
Scoville Scoville Expert Neverstick+ 26cm Casserole Dish,£22.00,(£22.00/each),fresh_food,meat_poultry,2024-11-19
Scoville Neverstick Medium Roaster,£14.00,(£14.00/each),fresh_food,meat_poultry,2024-11-19
George Home Glass Roaster with clip lid 0.65L,£2.50,(£2.50/each),fresh_food,meat_poultry,2024-11-19
George Home Roaster and Rack with Handle,£10.00,(£10.00/each),fresh_food,meat_poultry,2024-11-19
George Home Non-Stick Loose Based Quiche Tin,£3.50,(£3.50/each),fresh_food,meat_poultry,2024-11-19
George Home Glass Roaster with clip lid 1.5L,£4.50,(£4.50/each),fresh_food,meat_poultry,2024-11-19
George Home Roaster,£12.00,(£12.00/each),fresh_food,meat_poultry,2024-11-19
George Home Enamel Roasting Tray,£6.00,(£6.00/each),fresh_food,meat_poultry,2024-11-19
George Home Non-Stick Roaster Grey,£1.75,(£1.75/each),fresh_food,meat_poultry,2024-11-19
George Home Teal Non-Stick Retro Roaster - 20cm,£3.50,(£3.50/each),fresh_food,meat_poultry,2024-11-19
George Home White Ceramic Roasters,£11.00,(£11.00/each),fresh_food,meat_poultry,2024-11-19
Scoville Glasslux 1.4L Rectangular Dish With Lid,£5.00,(£5.00/each),fresh_food,meat_poultry,2024-11-19
Scoville Ceramics 30cm Roaster,£10.00,(£10.00/each),fresh_food,meat_poultry,2024-11-19
George Home Ceramic Roasting Dish 41cm,£4.50,(£4.50/each),fresh_food,meat_poultry,2024-11-19
George Home Roaster,£5.50,(£5.50/each),fresh_food,meat_poultry,2024-11-19
ASDA Delicious 10 Unsmoked Back Bacon Rashers 300g,£2.25,(£7.50/kg),fresh_food,meat_poultry,2024-11-19
Exceptional by ASDA 6 Cumberland Pork Sausages 400g,£2.50,(£6.25/kg),fresh_food,meat_poultry,2024-11-19
Richmond 8 Thick Pork Sausages,£1.50,(£3.66/kg),fresh_food,meat_poultry,2024-11-19
Exceptional by ASDA 6 Classic Pork Sausages 400g,£2.50,(£6.25/kg),fresh_food,meat_poultry,2024-11-19
ASDA Flavoursome 10 Smoked Back Bacon Rashers 300g,£2.25,(£7.50/kg),fresh_food,meat_poultry,2024-11-19
Exceptional by ASDA 6 Bacon & Maple Syrup Pork Sausages 400g,£2.50,(£6.25/kg),fresh_food,meat_poultry,2024-11-19
Exceptional by ASDA 10 Classic Pork Sausages 667g,£5.00,(£7.50/kg),fresh_food,meat_poultry,2024-11-19
ASDA Butcher's Selection 12 Thick Cut Smoked Back Bacon Rashers,£3.00,(£6.00/kg),fresh_food,meat_poultry,2024-11-19
Exceptional by ASDA 6 Triple Chilli Pork Sausages 400g,£2.50,(£6.25/kg),fresh_food,meat_poultry,2024-11-19
Exceptional by ASDA 6 Aberdeen Angus Beef Sausages 340g,£2.50,(£7.35/kg),fresh_food,meat_poultry,2024-11-19
ASDA 6 Thick Cut Unsmoked Back Bacon Rashers 300g,£2.25,(£7.50/kg),fresh_food,meat_poultry,2024-11-19
ASDA Butcher's Selection Thick Cut 12 Unsmoked Back Bacon Rashers,£3.00,(£6.00/kg),fresh_food,meat_poultry,2024-11-19
ASDA Delicious 10 Unsmoked Reduced Fat Bacon Medallions,£3.25,(£10.83/kg),fresh_food,meat_poultry,2024-11-19
Exceptional by ASDA 8 Dry Cured Oak Smoked Back Bacon Rashers 240g,£3.25,(£13.54/kg),fresh_food,meat_poultry,2024-11-19
Richmond 6 Thick Pork Sausages,£1.60,(£5.19/kg),fresh_food,meat_poultry,2024-11-19
Exceptional by ASDA 8 Unsmoked Back Bacon Rashers 240g,£3.25,(£13.54/kg),fresh_food,meat_poultry,2024-11-19
ASDA Flavoursome 6 Thick Cut Smoked Back Bacon Rashers 300g,£2.25,(£7.50/kg),fresh_food,meat_poultry,2024-11-19
Richmond 20 Thick Pork Sausages,£4.00,(£3.90/kg),fresh_food,meat_poultry,2024-11-19
Exceptional by ASDA 6 Oak Smoked Back Bacon Rashers Thick Cut 240g,£3.25,(£13.54/kg),fresh_food,meat_poultry,2024-11-19
ASDA Butcher's Selection 16 Unsmoked Back Bacon Rashers,£3.00,(£6.00/kg),fresh_food,meat_poultry,2024-11-19
ASDA Flavoursome Smoked Gammon Joint,£4.75,(£6.33/kg),fresh_food,meat_poultry,2024-11-19
ASDA Delicious Unsmoked Gammon Joint,£4.75,(£6.33/kg),fresh_food,meat_poultry,2024-11-19
Exceptional by ASDA 6 Caramelised Red Onion Pork Sausages 400g,£2.50,(£6.25/kg),fresh_food,meat_poultry,2024-11-19
Exceptional by ASDA 12 Classic Pork Chipolata Sausages 375g,£2.50,(£6.67/kg),fresh_food,meat_poultry,2024-11-19
ASDA Flavourful 8 Pork Sausages,£2.25,(£4.96/kg),fresh_food,meat_poultry,2024-11-19
ASDA Peppery 8 Cumberland Pork Sausages,£2.25,(£4.96/kg),fresh_food,meat_poultry,2024-11-19
ASDA Delicious 24 Unsmoked Back Bacon Rashers 2 x 350g (700g),£4.00,(£5.71/kg),fresh_food,meat_poultry,2024-11-19
ASDA Flavoursome 24 Smoked Back Bacon Rashers 2 x 350g (700g),£4.00,(£5.71/kg),fresh_food,meat_poultry,2024-11-19
ASDA Delicious 2 Unsmoked Gammon Steaks,£2.75,(£9.17/kg),fresh_food,meat_poultry,2024-11-19
JUST ESSENTIALS by ASDA Unsmoked Back Bacon 300g,£1.45,(£4.83/kg),fresh_food,meat_poultry,2024-11-19
JUST ESSENTIALS by ASDA Smoked Back Bacon 300g,£1.45,(£4.83/kg),fresh_food,meat_poultry,2024-11-19
ASDA Herby 8 Lincolnshire Pork Sausages,£2.25,(£4.96/kg),fresh_food,meat_poultry,2024-11-19
The Bury Black Pudding Company Black Pudding Slices,£1.20,(£5.22/kg),fresh_food,meat_poultry,2024-11-19
ASDA 14 Flavourful Jumbo Pork Sausages 1kg,£3.90,(£3.90/kg),fresh_food,meat_poultry,2024-11-19
Exceptional by ASDA 20 Classic Pork Chipolata Sausages 625g,£4.00,(£6.40/kg),fresh_food,meat_poultry,2024-11-19
JUST ESSENTIALS by ASDA 8 Pork Sausages,£1.50,(£3.30/kg),fresh_food,meat_poultry,2024-11-19
ASDA Flavoursome 16* Smoked Streaky Bacon Rashers,£2.75,(£9.17/kg),fresh_food,meat_poultry,2024-11-19
Exceptional by ASDA 6 Bramley Apple Pork Sausages 400g,£2.50,(£6.25/kg),fresh_food,meat_poultry,2024-11-19
Exceptional by ASDA 6 Cheddar Cheese & Smoked Bacon Pork Sausages 400g,£2.50,(£6.25/kg),fresh_food,meat_poultry,2024-11-19
ASDA Butcher's Selection 16 Smoked Back Bacon Rashers,£3.00,(£6.00/kg),fresh_food,meat_poultry,2024-11-19
ASDA Delicious 16* Unsmoked Streaky Bacon Rashers,£2.75,(£9.17/kg),fresh_food,meat_poultry,2024-11-19
ASDA Flavoursome 2 Smoked Gammon Steaks 450g,£4.50,(£10.00/kg),fresh_food,meat_poultry,2024-11-19
Exceptional by ASDA 6 Lincolnshire Pork Sausages 400g,£2.50,(£6.25/kg),fresh_food,meat_poultry,2024-11-19
ASDA Cocktail Pork Sausages,£1.25,(89.3p/100g),fresh_food,meat_poultry,2024-11-19
ASDA Delicious Unsmoked Gammon Joint 1.3kg,£7.00,(£5.38/kg),fresh_food,meat_poultry,2024-11-19
ASDA Flavourful 8 Reduced Fat Pork Sausages,£2.25,(£5.62/kg),fresh_food,meat_poultry,2024-11-19
Exceptional by ASDA 10 Caramelised Red Onion Pork Sausages 667g,£4.00,(£6.00/kg),fresh_food,meat_poultry,2024-11-19
ASDA Butcher's Selection 2 Smoked Mini Gammon Steaks 250g,£2.25,(£9.00/kg),fresh_food,meat_poultry,2024-11-19
ASDA Butcher's Selection Flavourful 12 Pork Chipolata Sausages 340g,£2.25,(£6.62/kg),fresh_food,meat_poultry,2024-11-19
ASDA Delicious 2 Unsmoked Mini Gammon Steaks 250g,£2.25,(£9.00/kg),fresh_food,meat_poultry,2024-11-19
HECK Simply Chicken Chipolatas Sausages,£2.00,(£5.88/kg),fresh_food,meat_poultry,2024-11-19
Richmond 12 Thick Pork Sausages,£3.60,(£5.85/kg),fresh_food,meat_poultry,2024-11-19
Richmond 12 Skinless Pork Sausages,£2.60,(£8.15/kg),fresh_food,meat_poultry,2024-11-19
ASDA Smoky 8 BBQ Pork Sausages 454g,£2.25,(£4.96/kg),fresh_food,meat_poultry,2024-11-19
ASDA Delicious 2 Unsmoked Gammon Steaks 450g,£4.50,(£10.00/kg),fresh_food,meat_poultry,2024-11-19
ASDA Diced Pancetta,£2.50,(£1.56/100g),fresh_food,meat_poultry,2024-11-19
Exceptional by ASDA 12 Cumberland Pork Chipolata Sausages with Cracked Black Pepper 375g,£2.50,(£6.67/kg),fresh_food,meat_poultry,2024-11-19
Exceptional by ASDA 8 Smoked Bacon Medallions 200g,£3.00,(£15.00/kg),fresh_food,meat_poultry,2024-11-19
ASDA Flavoursome 10 Reduced Fat Smoked Bacon Medallions,£3.25,(£10.83/kg),fresh_food,meat_poultry,2024-11-19
ASDA Diced Smoked Pancetta,£2.50,(£1.56/100g),fresh_food,meat_poultry,2024-11-19
Exceptional by ASDA 8 Smoked Bacon Medallions 200g,£3.00,(£15.00/kg),fresh_food,meat_poultry,2024-11-19
Exceptional by ASDA 2 Unsmoked Gammon Steaks 370g,£4.00,(£10.81/kg),fresh_food,meat_poultry,2024-11-19
Exceptional by ASDA 6 Parmesan Roasted Tomato & Mozzarella Pork Sausages 340g,£2.50,(£7.35/kg),fresh_food,meat_poultry,2024-11-19
HECK 6 97% Pork Sausages,£2.50,(£6.25/kg),fresh_food,meat_poultry,2024-11-19
Exceptional by ASDA 8 Unsmoked Bacon Medallions 200g,£3.50,(£17.50/kg),fresh_food,meat_poultry,2024-11-19
Exceptional by ASDA 14 Dry Cured Oak Smoked Streaky Bacon Rashers 200g,£3.25,(£16.25/kg),fresh_food,meat_poultry,2024-11-19
HECK 10 Spring Chicken Sausages,£3.20,(£9.41/kg),fresh_food,meat_poultry,2024-11-19
JML Copper Stone Pan 28 cm,£29.97,(£29.97/each),fresh_food,meat_poultry,2024-11-19
OMV! Deliciously Vegan 10 No Bacon Rashers 180g,£2.20,(£12.22/kg),fresh_food,meat_poultry,2024-11-19
Mattessons 6 Turkey Rashers Lightly Smoked 150g,£2.00,(£13.33/kg),fresh_food,meat_poultry,2024-11-19
George Home Saute Pan,£18.00,(£18.00/each),fresh_food,meat_poultry,2024-11-19
Bisto & Heck Sausage with Extra Special Mash Bundle (Serves 2),£5.75,null,fresh_food,meat_poultry,2024-11-19
Krakus Kie?basa Podsuszana 260g,£3.30,(£1.27/100g),fresh_food,meat_poultry,2024-11-19
Exceptional by ASDA Dry Cured Oak Smoked Bacon Lardons 2 x 90g (180g),£2.85,(£15.83/kg),fresh_food,meat_poultry,2024-11-19
Better Naked 6 Pork Sausages 400g,£3.00,(£7.50/kg),fresh_food,meat_poultry,2024-11-19
Richmond 8 Vegan Meat Free Streaky Bacon Rashers,£2.30,(£19.17/kg),fresh_food,meat_poultry,2024-11-19
Clonakilty White Pudding,£2.50,(£8.93/kg),fresh_food,meat_poultry,2024-11-19
Cauldron 6 Vegetarian Cumberland Sausages,£2.75,(£9.96/kg),fresh_food,meat_poultry,2024-11-19
Exceptional by ASDA 20 Oak Smoked Streaky Bacon Rashers 180g,£3.20,(£17.78/kg),fresh_food,meat_poultry,2024-11-19
ASDA 12 Tasty Smoked Streaky Bacon Rashers Nitrate Free200g,£2.80,(£14.00/kg),fresh_food,meat_poultry,2024-11-19
George Home Black Barbican Pans - Set of 5,£49.00,(£49.00/each),fresh_food,meat_poultry,2024-11-19
Richmond 8 Vegan Meat Free Sausages,£1.75,(£5.76/kg),fresh_food,meat_poultry,2024-11-19
Richmond 12 Thin Pork Sausages,£2.60,(£7.65/kg),fresh_food,meat_poultry,2024-11-19
The Bury Black Pudding Company Vegetarian and Vegan Black Pudding Roll,£1.50,(£6.82/kg),fresh_food,meat_poultry,2024-11-19
George Home Grey Simplicity 5-Piece Pan Set,£60.00,(£60.00/each),fresh_food,meat_poultry,2024-11-19
ASDA Succulent Unsmoked Gammon Joint (Typically 1.8kg),£11.16,(£6.20/kg),fresh_food,meat_poultry,2024-11-19
HECK 10 Chicken Italia Sausages,£3.20,(£9.41/kg),fresh_food,meat_poultry,2024-11-19
ASDA 8 Flavourful Caramelised Onion Turkey Sausages,£2.75,(£6.06/kg),fresh_food,meat_poultry,2024-11-19
Tarczynski Tarczy?ski Ham Frankfurters 2 x 110g,£1.50,(£6.82/kg),fresh_food,meat_poultry,2024-11-19
HECK 8 Meat-Free Chipolatas Sausages,£2.00,(£6.67/kg),fresh_food,meat_poultry,2024-11-19
Exceptional by ASDA 10 Mozzarella & Tomato Chicken Chipolata Sausages 340g,£2.50,(£7.35/kg),fresh_food,meat_poultry,2024-11-19
Clonakilty 8 Traditional Irish Pork Sausages,£1.65,(£7.27/kg),fresh_food,meat_poultry,2024-11-19
Shazans Smoked Salt & Pepper Lamb Sausages,£4.40,(£14.67/kg),fresh_food,meat_poultry,2024-11-19
Shazans Harissa Beef Sausages,£4.40,(£14.67/kg),fresh_food,meat_poultry,2024-11-19
ASDA Flavoursome 6 Smoked Back Bacon Rashers Nitrate Free 240g,£2.80,(£11.67/kg),fresh_food,meat_poultry,2024-11-19
ASDA Delicious 6 Unsmoked Back Bacon Rashers Nitrate Free 240g,£2.80,(£11.67/kg),fresh_food,meat_poultry,2024-11-19
ASDA 10 Unsmoked Back Bacon Rashers Stock Up Bundle,£9.00,null,fresh_food,meat_poultry,2024-11-19
This Isn't Bacon Rashers 120g,£2.95,(£24.58/kg),fresh_food,meat_poultry,2024-11-19
Exceptional by ASDA 8 Oak Smoked Back Bacon Rashers 240g,£3.25,(£13.54/kg),fresh_food,meat_poultry,2024-11-19
Better Naked Bacon 6 Unsmoked Back Bacon Rashers,£2.00,(£10.00/kg),fresh_food,meat_poultry,2024-11-19
Exceptional by ASDA Roasted Leek & Smoked Bacon Pork Sausages 400g,£2.50,(£6.25/kg),fresh_food,meat_poultry,2024-11-19
Mattessons 6 Turkey Rashers Unsmoked 150g,£2.00,(£13.33/kg),fresh_food,meat_poultry,2024-11-19
ASDA 8 Succulent Turkey Sausages,£2.75,(£6.06/kg),fresh_food,meat_poultry,2024-11-19
Scoville Expert 5 Piece Pan Set,£30.00,(£30.00/each),fresh_food,meat_poultry,2024-11-19
Breakfast Sausage Muffins Bundle,£2.75,null,fresh_food,meat_poultry,2024-11-19
ASDA Delicious Lean Unsmoked Diced Bacon 2 x 155g (310g),£3.40,(£10.97/kg),fresh_food,meat_poultry,2024-11-19
George Home Marble Soft Grip Pan Set 5 Piece,£45.00,(£45.00/each),fresh_food,meat_poultry,2024-11-19
Exceptional by ASDA 4 New York Style Hot Dog Sausages 400g,£2.50,(£6.25/kg),fresh_food,meat_poultry,2024-11-19
The Bury Black Pudding Company Traditional Bury Black Pudding,£1.20,(£5.45/kg),fresh_food,meat_poultry,2024-11-19
Tahira Hot Dog,£2.80,(56.0p/100g),fresh_food,meat_poultry,2024-11-19
Exceptional by ASDA 14 Dry Cured Unsmoked Streaky Bacon Rashers 200g,£3.25,(£16.25/kg),fresh_food,meat_poultry,2024-11-19
Clonakilty Black & White Pudding,£2.75,(£10.58/kg),fresh_food,meat_poultry,2024-11-19
Exceptional by ASDA 8 Wiltshire Cured Unsmoked Bacon Rashers 240g,£3.25,(£13.54/kg),fresh_food,meat_poultry,2024-11-19
Exceptional by ASDA 12 Dry Cured Oak Smoked Back Bacon Rashers 380g,£4.50,(£11.84/kg),fresh_food,meat_poultry,2024-11-19
ASDA Flavoursome Lean Smoked Diced Bacon 2 x 155g (310g),£3.40,(£10.97/kg),fresh_food,meat_poultry,2024-11-19
JML Copper Stone Pan 20 cm,£19.97,(£19.97/each),fresh_food,meat_poultry,2024-11-19
Richmond 8 Vegan Meat Free Sage & Onion Sausages,£2.00,(£6.58/kg),fresh_food,meat_poultry,2024-11-19
Richmond 8 Roast Chicken Sausages 410g,£2.50,(£6.10/kg),fresh_food,meat_poultry,2024-11-19
Exceptional by ASDA Dry Cured 2 Oak Smoked Gammon Steaks 370g,£4.00,(£10.81/kg),fresh_food,meat_poultry,2024-11-19
Exceptional by ASDA 14 Oak Smoked Streaky Bacon Rashers 200g,£3.25,(£16.25/kg),fresh_food,meat_poultry,2024-11-19
Exceptional by ASDA 6 Sweet Dry Cured Oak Smoked Back Bacon Rashers 240g,£3.25,(£13.54/kg),fresh_food,meat_poultry,2024-11-19
JML Copper Stone Pan 24 cm,£24.97,(£24.97/each),fresh_food,meat_poultry,2024-11-19
Exceptional by ASDA 12 Dry Cured Unsmoked Back Bacon Rashers 380g,£4.50,(£11.84/kg),fresh_food,meat_poultry,2024-11-19
JML Copper Stone Pan 20 cm,£19.97,(£19.97/each),fresh_food,meat_poultry,2024-11-19
ASDA Flavoursome Lean Smoked Diced Bacon 2 x 155g (310g),£3.40,(£10.97/kg),fresh_food,meat_poultry,2024-11-19
Richmond 8 Vegan Meat Free Sage & Onion Sausages,£2.00,(£6.58/kg),fresh_food,meat_poultry,2024-11-19
ASDA Smoked Gammon Joint 2.4kg,£13.50,(£5.62/kg),fresh_food,meat_poultry,2024-11-19
ASDA Tender 4 Pork Loin Steaks,£3.00,(£6.82/kg),fresh_food,meat_poultry,2024-11-19
ASDA 4 Chinese Pork Loin Steaks,£4.00,(£9.09/kg),fresh_food,meat_poultry,2024-11-19
ASDA 8 Pork Loin Steaks,£6.00,(£7.50/kg),fresh_food,meat_poultry,2024-11-19
ASDA Succulent Pork Belly Slices,£4.09,(£8.18/kg),fresh_food,meat_poultry,2024-11-19
ASDA Roasting Boneless Pork Leg Joint,£11.40,(£6.00/kg),fresh_food,meat_poultry,2024-11-19
ASDA Spiced Maple Pork Belly Slices,£4.75,(£11.88/kg),fresh_food,meat_poultry,2024-11-19
JUST ESSENTIALS by ASDA Pork Belly Slices (Typically 0.785kg),£5.32,(£6.78/kg),fresh_food,meat_poultry,2024-11-19
ASDA Sticky Korean Inspired Pork Belly Slices 400g,£5.00,(£12.50/kg),fresh_food,meat_poultry,2024-11-19
ASDA Tender British Pork Ribs,£6.25,(£7.81/kg),fresh_food,meat_poultry,2024-11-19
ASDA Loaded Cheesy Mexican Inspired Pork Tray Bake 410g,£5.00,(£12.20/kg),fresh_food,meat_poultry,2024-11-19
ASDA Flavoursome Pesto & Mozzarella Pork Medallions 410g,£5.00,(£12.20/kg),fresh_food,meat_poultry,2024-11-19
ASDA Lean Pork Whole Fillet (Typically 0.5kg),£3.49,(£6.99/kg),fresh_food,meat_poultry,2024-11-19
ASDA Tender Boneless & Rindless Pork Loin Joint 700g,£4.60,(£6.57/kg),fresh_food,meat_poultry,2024-11-19
ASDA Boneless Pork Leg Joint,£5.90,(£6.21/kg),fresh_food,meat_poultry,2024-11-19
ASDA Lean Pork Mince,£2.59,(£5.18/kg),fresh_food,meat_poultry,2024-11-19
ASDA Tender Boneless & Rindless Pork Loin Joint,£6.75,"was  
£5.00 /kg",fresh_food,meat_poultry,2024-11-19
ASDA Sticky 6 Chinese Style Pork Loin Sizzle Steaks 600g,£4.50,(£7.50/kg),fresh_food,meat_poultry,2024-11-19
ASDA Tender 4 Pork Shoulder Steaks,£4.00,(£5.71/kg),fresh_food,meat_poultry,2024-11-19
JUST ESSENTIALS by ASDA Pork Chops (Typically 0.78kg),£3.58,(£4.59/kg),fresh_food,meat_poultry,2024-11-19
JUST ESSENTIALS by ASDA Pork Mince,£2.50,(£5.00/kg),fresh_food,meat_poultry,2024-11-19
JUST ESSENTIALS by ASDA Pork Shoulder Joint (typically 2.04kg),£7.73,(£3.79/kg),fresh_food,meat_poultry,2024-11-19
ASDA Flavourful Pork Shoulder 700g,£4.35,(£6.21/kg),fresh_food,meat_poultry,2024-11-19
ASDA Tender 8 Pork Shoulder Steaks 1.12kg,£7.00,(£6.25/kg),fresh_food,meat_poultry,2024-11-19
ASDA BBQ Pulled Pork Slow Cooked 500g,£3.95,(£7.90/kg),fresh_food,meat_poultry,2024-11-19
ASDA Tender 6 Pork Loin Steaks,£4.50,(£7.50/kg),fresh_food,meat_poultry,2024-11-19
ASDA Flavourful Pork Mince 750g,£3.75,(£5.00/kg),fresh_food,meat_poultry,2024-11-19
ASDA Smoky 6 BBQ Pork Loin Sizzle Steaks 600g,£5.00,(£8.33/kg),fresh_food,meat_poultry,2024-11-19
ASDA Roasting Pork Rib Rack (Typically 450g),£4.50,(£10.00/kg),fresh_food,meat_poultry,2024-11-19
ASDA Flavourful 4 Pork Sausage Patties,£1.90,(£7.92/kg),fresh_food,meat_poultry,2024-11-19
ASDA Succulent Pork Belly Joint,£5.00,(£6.25/kg),fresh_food,meat_poultry,2024-11-19
ASDA 4 Tender Pork Chops 700g,£4.50,(£6.43/kg),fresh_food,meat_poultry,2024-11-19
ASDA Warming 6 Mediterranean Style Pork Loin Sizzle Steaks 600g,£4.50,(£7.50/kg),fresh_food,meat_poultry,2024-11-19
TGI Fridays BBQ Pork Ribs 450g,£4.00,(£8.89/kg),fresh_food,meat_poultry,2024-11-19
ASDA Rich Beef & Pork Mince (Typically Less Than 23% Fat),£4.00,(£5.33/kg),fresh_food,meat_poultry,2024-11-19
Exceptional by ASDA Yorkshire Bred 2 French Trimmed Pork Cutlets 545g,£5.00,(£9.17/kg),fresh_food,meat_poultry,2024-11-19
ASDA Dry Cured Ham Joint 500g,£5.00,(£1.00/100g),fresh_food,meat_poultry,2024-11-19
Exceptional by ASDA Crackling Pork Loin Joint 1030g,£8.00,(£7.77/kg),fresh_food,meat_poultry,2024-11-19
ASDA Tender 2 Hot Honey Bacon Loin Steaks 300g,£3.50,(£11.67/kg),fresh_food,meat_poultry,2024-11-19
TGI Fridays BBQ Pulled Pork 400g,£5.50,(£13.75/kg),fresh_food,meat_poultry,2024-11-19
ASDA Tender 2 Pork Shoulder Steaks 500g,£3.80,(£7.60/kg),fresh_food,meat_poultry,2024-11-19
ASDA Creamy 2 Welsh Rarebit Bacon Loin Steaks 300g,£3.50,(£11.67/kg),fresh_food,meat_poultry,2024-11-19
ASDA Lean 6 Pork Loin Medallions,£4.50,(£10.00/kg),fresh_food,meat_poultry,2024-11-19
Exceptional by ASDA Yorkshire Bred Lean Pork Fillet (Typically 525g),£4.73,(£9.00/kg),fresh_food,meat_poultry,2024-11-19
Exceptional by ASDA Thick Cut Pork Chops with a Bone Marrow & Sea Salt Basting Butter 570g,£5.00,(£8.77/kg),fresh_food,meat_poultry,2024-11-19
ASDA Sticky Japanese Style Pork Stir-Fry Kit,£4.35,(£7.25/kg),fresh_food,meat_poultry,2024-11-19
ASDA Lean Pork Mince Stock Up Bundle,£10.36,null,fresh_food,meat_poultry,2024-11-19
Exceptional by ASDA Yorkshire Bred 2 Thick Cut Pork Loin Steaks 481g,£5.00,(£10.39/kg),fresh_food,meat_poultry,2024-11-19
Bistro by ASDA Bistro Slow Cooked Crackling Pork Belly 540g,£5.00,(£9.26/kg),fresh_food,meat_poultry,2024-11-19
Exceptional by ASDA Yorkshire Bred 2 Pork Ribeye Steaks 480g,£5.00,(£10.42/kg),fresh_food,meat_poultry,2024-11-19
ASDA Tender Thin Cut Lamb Rump Steaks 200g,£3.30,(£16.50/kg),fresh_food,meat_poultry,2024-11-19
ASDA 2 Tender Lamb Rump Steaks 300g,£4.00,(£13.33/kg),fresh_food,meat_poultry,2024-11-19
ASDA Tasty Minted Lamb Kebabs 360g,£3.50,(£9.72/kg),fresh_food,meat_poultry,2024-11-19
ASDA Tender 4 Lamb Chops,£4.00,(£13.33/kg),fresh_food,meat_poultry,2024-11-19
ASDA Flavourful Lamb Mince,£5.50,(£11.00/kg),fresh_food,meat_poultry,2024-11-19
ASDA Tender Diced Lamb,£5.50,(£18.33/kg),fresh_food,meat_poultry,2024-11-19
ASDA Juicy Lamb Rump Joint,£5.10,(£12.00/kg),fresh_food,meat_poultry,2024-11-19
ASDA Tender Half Lamb Leg,£11.00,"was  
£14.00 /kg",fresh_food,meat_poultry,2024-11-19
ASDA Tasty Minted Lamb Leg Steaks 310g,£4.60,(£14.84/kg),fresh_food,meat_poultry,2024-11-19
ASDA Flavourful Seasoned Lamb Grillsteaks 300g,£3.00,(£10.00/kg),fresh_food,meat_poultry,2024-11-19
ASDA Classic Lamb Shank in a Mint Gravy 390g,£5.00,(£12.82/kg),fresh_food,meat_poultry,2024-11-19
"Exceptional by ASDA Welsh Lamb Rump Joint with Garlic, Sea Salt & Black Pepper (Typically 0.375kg)",£5.44,(£14.50/kg),fresh_food,meat_poultry,2024-11-19
ASDA Aromatic Garlic & Rosemary Lamb Rump Steaks 300g,£4.60,(£15.33/kg),fresh_food,meat_poultry,2024-11-19
ASDA Hearty Lamb Shepherds Pie Kit 650g,£4.75,(£7.31/kg),fresh_food,meat_poultry,2024-11-19
ASDA Tender Lamb Shoulder Joint Bone In,£13.26,(£10.20/kg),fresh_food,meat_poultry,2024-11-19
ASDA Tender Lamb Leg Steaks,£5.00,(£14.71/kg),fresh_food,meat_poultry,2024-11-19
ASDA 4 Tasty Minted Lamb Chops 300g,£4.60,(£15.33/kg),fresh_food,meat_poultry,2024-11-19
ASDA Tender Lamb Leg,£27.95,(£13.00/kg),fresh_food,meat_poultry,2024-11-19
ASDA Tender 2 Lamb Leg Chops,£4.60,(£14.38/kg),fresh_food,meat_poultry,2024-11-19
Shazans Select 12 Lamb Koftas,£4.30,(£10.75/kg),fresh_food,meat_poultry,2024-11-19
Shazans 4 Lamb Burgers,£4.45,(£9.80/kg),fresh_food,meat_poultry,2024-11-19
Shazans Mutton Chops 500g,£7.25,(£14.50/kg),fresh_food,meat_poultry,2024-11-19
ASDA Flavourful Lamb Mince 500g,£6.50,(£13.00/kg),fresh_food,meat_poultry,2024-11-19
Shazans Lamb Mince 500g,£5.20,(£10.40/kg),fresh_food,meat_poultry,2024-11-19
George Home Non-Stick Grey Roaster,£2.00,(£2.00/each),fresh_food,meat_poultry,2024-11-19
George Home Teal Non-Stick Retro Roaster - 41cm,£8.00,(£8.00/each),fresh_food,meat_poultry,2024-11-19
George Home Excellence Non-Stick Black Roaster,£8.00,(£8.00/each),fresh_food,meat_poultry,2024-11-19
George Home Nightmare Before Christmas Red Large Roaster,£7.50,(£7.50/each),fresh_food,meat_poultry,2024-11-19
George Home Grey Ceramic 3-Piece Roaster Set,£12.00,(£12.00/each),fresh_food,meat_poultry,2024-11-19
George Home Ceramic Roasting Dish 20cm,£3.00,(£3.00/each),fresh_food,meat_poultry,2024-11-19
George Home Grey Ceramic Roaster 41cm,£8.00,(£8.00/each),fresh_food,meat_poultry,2024-11-19
George Home Silver Stainless Steel 2-Piece Roaster Set,£12.00,(£12.00/each),fresh_food,meat_poultry,2024-11-19
George Home Glass Roaster,£4.50,(£4.50/each),fresh_food,meat_poultry,2024-11-19
Scoville Glasslux 2.2L Rectangular Dish With Lid,£6.50,(£6.50/each),fresh_food,meat_poultry,2024-11-19
George Home Clear Clip Lid Glass Roaster 25.5cm,£6.00,(£6.00/each),fresh_food,meat_poultry,2024-11-19
George Home Roaster,£4.50,(£4.50/each),fresh_food,meat_poultry,2024-11-19
Scoville Neverstick 26cm Roasting Tray,£12.00,(£12.00/each),fresh_food,meat_poultry,2024-11-19
George Home White Enamel Roaster - Set of 2,£12.00,(£12.00/each),fresh_food,meat_poultry,2024-11-19
George Home Ceramic Roasting Dish 26cm,£4.00,(£4.00/each),fresh_food,meat_poultry,2024-11-19
George Home Glass Roaster With Clip Lid 3 Pack,£9.50,(£9.50/each),fresh_food,meat_poultry,2024-11-19
Scoville Expert 35cm Roaster,£15.00,(£15.00/each),fresh_food,meat_poultry,2024-11-19
George Home Glass Pie Dish,£3.50,(£3.50/each),fresh_food,meat_poultry,2024-11-19
George Home Ceramic White Roaster,£5.00,(£5.00/each),fresh_food,meat_poultry,2024-11-19
Pyrex Glass Roaster Set,£10.00,(£10.00/each),fresh_food,meat_poultry,2024-11-19
George Home Ceramic Grey Roaster 20cm,£3.50,(£3.50/each),fresh_food,meat_poultry,2024-11-19
George Home Clear Glass 3-Piece Roaster Set,£10.00,(£3.33/each),fresh_food,meat_poultry,2024-11-19
Gino D'Acampo 39cm Roaster,£10.00,(£10.00/each),fresh_food,meat_poultry,2024-11-19
George Home Black Barbican Roasters - Set of 2,£16.00,(£8.00/each),fresh_food,meat_poultry,2024-11-19
George Home Blue & White Pure Roaster - Set of 3,£12.00,(£4.00/each),fresh_food,meat_poultry,2024-11-19
Gino D'Acampo 33cm Roaster,£7.00,(£7.00/each),fresh_food,meat_poultry,2024-11-19
George Home Glass Roaster with clip lid 1L,£3.50,(£3.50/each),fresh_food,meat_poultry,2024-11-19
Scoville Roaster,£20.00,(£20.00/each),fresh_food,meat_poultry,2024-11-19
George Home Glass Roaster,£5.00,(£5.00/each),fresh_food,meat_poultry,2024-11-19
George Home Bakeware Set,£11.50,(£11.50/each),fresh_food,meat_poultry,2024-11-19
Scoville Ceramics 3 Piece Roaster Set,£25.00,(£25.00/each),fresh_food,meat_poultry,2024-11-19
George Home Pudding Moulds,£3.50,(87.5p/each),fresh_food,meat_poultry,2024-11-19
George Home Glass Roaster,£4.00,(£4.00/each),fresh_food,meat_poultry,2024-11-19
Scoville Glasslux 2.7L Rectangular Roaster,£6.00,(£6.00/each),fresh_food,meat_poultry,2024-11-19
Scoville Expert Neverstick+ 30cm Deep Baking Tray,£13.00,(£13.00/each),fresh_food,meat_poultry,2024-11-19
George Home Glass Roasters,£4.50,(£4.50/each),fresh_food,meat_poultry,2024-11-19
George Home Glass Roaster with clip lid 0.65L,£2.50,(£2.50/each),fresh_food,meat_poultry,2024-11-19
George Home Glass Roaster with clip lid 1.5L,£4.50,(£4.50/each),fresh_food,meat_poultry,2024-11-19
Scoville Neverstick Medium Roaster,£14.00,(£14.00/each),fresh_food,meat_poultry,2024-11-19
Scoville Glasslux 1.4L Rectangular Dish With Lid,£5.00,(£5.00/each),fresh_food,meat_poultry,2024-11-19
Scoville Ceramics 30cm Roaster,£10.00,(£10.00/each),fresh_food,meat_poultry,2024-11-19
George Home Ceramic Roasting Dish 41cm,£4.50,(£4.50/each),fresh_food,meat_poultry,2024-11-19
Scoville Scoville Expert Neverstick+ 26cm Casserole Dish,£22.00,(£22.00/each),fresh_food,meat_poultry,2024-11-19
Tefal Non-Stick Roaster 33cm,£12.00,(£12.00/each),fresh_food,meat_poultry,2024-11-19
George Home Pudding Moulds,£3.50,(87.5p/each),fresh_food,meat_poultry,2024-11-19
George Home Glass Roaster,£4.00,(£4.00/each),fresh_food,meat_poultry,2024-11-19
George Home White Ceramic Roasters,£11.00,(£11.00/each),fresh_food,meat_poultry,2024-11-19
George Home Non-Stick Roaster Grey,£1.75,(£1.75/each),fresh_food,meat_poultry,2024-11-19
George Home Teal Non-Stick Retro Roaster - 20cm,£3.50,(£3.50/each),fresh_food,meat_poultry,2024-11-19
George Home Roaster,£5.50,(£5.50/each),fresh_food,meat_poultry,2024-11-19
George Home Roaster,£12.00,(£12.00/each),fresh_food,meat_poultry,2024-11-19
George Home Enamel Roasting Tray,£6.00,(£6.00/each),fresh_food,meat_poultry,2024-11-19
MOWI Superior Scottish Smoked Salmon 100g,£4.00,(£40.00/kg),fresh_food,seafood,2024-11-19
MOWI Bistro Scottish Salmon with Lemon & Herb Butter 240g,£5.40,(£22.50/kg),fresh_food,seafood,2024-11-19
MOWI Superior Scottish Salmon Fillets 230g,£5.50,(£23.91/kg),fresh_food,seafood,2024-11-19
ASDA Succulent Cooked & Peeled Cold Water Prawns,£2.50,(£16.67/kg),fresh_food,seafood,2024-11-19
ASDA 2 Smoked Haddock Fillets,£4.40,(£20.00/kg),fresh_food,seafood,2024-11-19
ASDA Flaky 2 Norwegian Cod Fillets 260g,£5.00,(£19.23/kg),fresh_food,seafood,2024-11-19
MOWI 2 Piri Piri Superior Scottish Slow Roast Salmon Fillets 180g,£5.25,(£29.17/kg),fresh_food,seafood,2024-11-19
ASDA Tasty 16 Seafood Sticks,£0.99,(£3.96/kg),fresh_food,seafood,2024-11-19
ASDA Flavoursome 2 Salmon Fillets,£4.50,(£18.75/kg),fresh_food,seafood,2024-11-19
ASDA Delicate 2 Sea Bass Fillets,£2.89,(£16.06/kg),fresh_food,seafood,2024-11-19
ASDA Succulent Raw & Peeled King Prawns 160g,£3.00,(£18.75/kg),fresh_food,seafood,2024-11-19
ASDA Delicate 2 Smoked Basa Fillets,£2.30,(£10.00/kg),fresh_food,seafood,2024-11-19
ASDA Hearty Fish Pie Mix 340g,£4.50,(£13.24/kg),fresh_food,seafood,2024-11-19
ASDA Tasty Cooked Mussels,£1.50,(£10.00/kg),fresh_food,seafood,2024-11-19
ASDA Sweet Honey Roasted Mackerel Fillets,£2.50,(£11.11/kg),fresh_food,seafood,2024-11-19
Exceptional by ASDA Cod Fishcakes with a Creamy Parsley Sauce 290g,£2.50,(£8.62/kg),fresh_food,seafood,2024-11-19
ASDA Creamy 2 Cod Fishcakes,£1.75,(£6.48/kg),fresh_food,seafood,2024-11-19
ASDA Flavoursome Oak Smoked Salmon,£2.20,(£36.67/kg),fresh_food,seafood,2024-11-19
ASDA Delicate 2 Basa Fillets,£2.30,(£9.58/kg),fresh_food,seafood,2024-11-19
"Exceptional by ASDA Smoked Haddock, Cheddar & Leek Fishcakes 290g",£2.50,(£8.62/kg),fresh_food,seafood,2024-11-19
ASDA Delicious Seafood Selection,£2.50,(£10.42/kg),fresh_food,seafood,2024-11-19
ASDA Golden 2 Breaded Haddock Fillets 300g,£2.85,(£9.50/kg),fresh_food,seafood,2024-11-19
JUST ESSENTIALS by ASDA Salmon Portions,£4.56,(£11.40/kg),fresh_food,seafood,2024-11-19
ASDA Tender Beef Stir-Fry Strips,£4.20,(£14.00/kg),fresh_food,seafood,2024-11-19
ASDA Tender 2 Sea Bream Fillets 180g,£3.15,(£17.50/kg),fresh_food,seafood,2024-11-19
ASDA Tasty 2 Salmon Fishcakes 270g,£1.75,(£6.48/kg),fresh_food,seafood,2024-11-19
Exceptional by ASDA King Prawn & Cod Fishcakes 290g,£3.00,(£10.34/kg),fresh_food,seafood,2024-11-19
ASDA Crisp 2 Lightly Dusted Basa Fillets,£3.20,(£10.67/kg),fresh_food,seafood,2024-11-19
ASDA Golden Breaded Chunky Cod Fish Fingers,£3.20,(£10.67/kg),fresh_food,seafood,2024-11-19
Exceptional by ASDA 2 Beer Battered Cod Fillets 350g,£4.00,(£11.43/kg),fresh_food,seafood,2024-11-19
ASDA Warming 2 Chilli & Lime Kiln Roasted Salmon Fillets 180g,£4.95,(£27.50/kg),fresh_food,seafood,2024-11-19
ASDA Rich Roasted Garlic Butter Mussels,£3.00,(£6.00/kg),fresh_food,seafood,2024-11-19
ASDA Flavoursome Half Salmon Side,£9.20,(£18.40/kg),fresh_food,seafood,2024-11-19
Exceptional by ASDA Raw & Peeled Jumbo King Prawns 160g,£3.70,(£23.12/kg),fresh_food,seafood,2024-11-19
ASDA Tasty 2 Smoked Haddock Fishcakes,£1.75,(£6.48/kg),fresh_food,seafood,2024-11-19
ASDA Flavoursome Smoked Salmon Trimmings,£2.20,(£18.33/kg),fresh_food,seafood,2024-11-19
Whitby Seafoods Wholetail Scampi 200g,£3.50,(£17.50/kg),fresh_food,seafood,2024-11-19
"Exceptional by ASDA cod, Roasted Tomato & Mozzarella Fishcakes 290g",£2.50,(£8.62/kg),fresh_food,seafood,2024-11-19
ASDA Flaky Smoked Kipper Fillets & Butter,£1.30,(£6.50/kg),fresh_food,seafood,2024-11-19
ASDA Tender 2 Sweet Chilli Salmon Fillets,£5.30,(£20.78/kg),fresh_food,seafood,2024-11-19
ASDA Golden 2 Breaded Cod Fillets,£3.25,(£10.83/kg),fresh_food,seafood,2024-11-19
ASDA Delicious Prawn Cocktail,£2.50,(£14.71/kg),fresh_food,seafood,2024-11-19
Exceptional by ASDA Mild & Delicate Scottish Smoked Salmon 100g,£4.60,(£46.00/kg),fresh_food,seafood,2024-11-19
ASDA 2 Hake Fillets 240g,£4.20,(£17.50/kg),fresh_food,seafood,2024-11-19
Exceptional by ASDA Cod Loin 260g,£5.20,(£20.00/kg),fresh_food,seafood,2024-11-19
Exceptional by ASDA Madagascan Tiger Prawns 150g,£5.00,(£33.33/kg),fresh_food,seafood,2024-11-19
ASDA Sweet Honey Roasted Salmon Flakes 90g,£3.90,(£43.33/kg),fresh_food,seafood,2024-11-19
ASDA Zesty 2 Lemon & Parsley Kiln Roasted Salmon Fillets,£5.50,(£30.56/kg),fresh_food,seafood,2024-11-19
Lisner Herrings Onions,£3.25,(72.2p/100g),fresh_food,seafood,2024-11-19
Cawoods Dry Salted Skinless & Boneless Saltfish,£3.25,(£1.62/100g),fresh_food,seafood,2024-11-19
Exceptional by ASDA 2 Lightly Smoked Scottish Salmon Fillets 240g,£5.70,(£23.75/kg),fresh_food,seafood,2024-11-19
ASDA Golden Salt & Vinegar Battered Basa Goujons 200g,£2.50,(£12.50/kg),fresh_food,seafood,2024-11-19
ASDA Warming Chilli & Lime Marinated Prawns 150g,£3.00,(£20.00/kg),fresh_food,seafood,2024-11-19
ASDA Boneless Salmon Side 800g,£19.20,(£24.00/kg),fresh_food,seafood,2024-11-19
MOWI Ready to Eat Honey and Citrus Scottish Salmon Fillets 180g,£5.25,(£29.17/kg),fresh_food,seafood,2024-11-19
ASDA Tender 2 Poached Salmon Fillets 180g,£5.50,(£30.56/kg),fresh_food,seafood,2024-11-19
Exceptional by ASDA 2 Scottish Salmon Fillets 240g,£5.50,(£22.92/kg),fresh_food,seafood,2024-11-19
ASDA Flaky 2 Coley Fillets 220g,£3.00,(£13.64/kg),fresh_food,seafood,2024-11-19
Exceptional by ASDA Sweet Cured Kiln Roasted Mackerel Strips 170g,£4.25,(£25.00/kg),fresh_food,seafood,2024-11-19
ASDA Delicious Reduced Fat Prawn Cocktail,£2.50,(£14.71/kg),fresh_food,seafood,2024-11-19
MOWI Superior Scottish Smoked Salmon 100g,£4.00,(£40.00/kg),fresh_food,seafood,2024-11-19
MOWI Bistro Scottish Salmon with Lemon & Herb Butter 240g,£5.40,(£22.50/kg),fresh_food,seafood,2024-11-19
MOWI Superior Scottish Salmon Fillets 230g,£5.50,(£23.91/kg),fresh_food,seafood,2024-11-19
MOWI Ready to Eat Honey and Citrus Scottish Salmon Fillets 180g,£5.25,(£29.17/kg),fresh_food,seafood,2024-11-19
MOWI 2 Piri Piri Superior Scottish Slow Roast Salmon Fillets 180g,£5.25,(£29.17/kg),fresh_food,seafood,2024-11-19
MOWI Ready to Eat Honey and Citrus Scottish Salmon Fillets 180g,£5.25,(£29.17/kg),fresh_food,seafood,2024-11-19
MOWI Bistro Scottish Salmon with Lemon & Herb Butter 240g,£5.40,(£22.50/kg),fresh_food,seafood,2024-11-19
MOWI Superior Scottish Smoked Salmon 100g,£4.00,(£40.00/kg),fresh_food,seafood,2024-11-19
ASDA Delicious Reduced Fat Prawn Cocktail,£2.50,(£14.71/kg),fresh_food,seafood,2024-11-19
Exceptional by ASDA Salmon Fishcake 290g,£3.00,(£10.34/kg),fresh_food,seafood,2024-11-19
Exceptional by ASDA Fish Pie Fishcakes 290g,£3.00,(£10.34/kg),fresh_food,seafood,2024-11-19
ASDA Zesty Lemon & Pepper Smoked Salmon 100g,£3.75,(£37.50/kg),fresh_food,seafood,2024-11-19
MOWI Superior Scottish Salmon Fillets 230g,£5.50,(£23.91/kg),fresh_food,seafood,2024-11-19
Exceptional by ASDA Rich & Intense Scottish Smoked Salmon 100g,£4.60,(£46.00/kg),fresh_food,seafood,2024-11-19
ASDA Warming 2 Sweet Chilli Kiln Roasted Salmon Fillets 180g,£5.50,(£30.56/kg),fresh_food,seafood,2024-11-19
ASDA Flavoursome Oak Smoked Salmon,£6.00,(£30.00/kg),fresh_food,seafood,2024-11-19
ASDA Tender 2 Whole Sea Bass,£5.00,(£11.90/kg),fresh_food,seafood,2024-11-19
ASDA Tasty Garlic & Parsley Marinated Prawns 150g,£3.00,(£20.00/kg),fresh_food,seafood,2024-11-19
ASDA Crisp 2 Lightly Dusted Haddock Fillets 270g,£3.95,(£14.63/kg),fresh_food,seafood,2024-11-19
ASDA Mild 2 Whole Sea Bream,£5.00,(£11.90/kg),fresh_food,seafood,2024-11-19
Cawoods Dry Salted Skinless & Boneless Cod Fillets,£5.75,(£2.88/100g),fresh_food,seafood,2024-11-19
MOWI Ready to Eat Honey and Citrus Scottish Salmon Fillets 180g,£5.25,(£29.17/kg),fresh_food,seafood,2024-11-19
MOWI Superior Scottish Smoked Salmon 100g,£4.00,(£40.00/kg),fresh_food,seafood,2024-11-19
MOWI Bistro Scottish Salmon with Lemon & Herb Butter 240g,£5.40,(£22.50/kg),fresh_food,seafood,2024-11-19
MOWI Superior Scottish Salmon Fillets 230g,£5.50,(£23.91/kg),fresh_food,seafood,2024-11-19
MOWI 2 Piri Piri Superior Scottish Slow Roast Salmon Fillets 180g,£5.25,(£29.17/kg),fresh_food,seafood,2024-11-19
ASDA Honey Roast Ham,£0.92,(73.6p/100g),fresh_food,cooked_meat_antipasti_dips,2024-11-19
ASDA Cooked Ham,£0.92,(73.6p/100g),fresh_food,cooked_meat_antipasti_dips,2024-11-19
JUST ESSENTIALS by ASDA Cooked Ham with Added Water,£0.90,(72.0p/100g),fresh_food,cooked_meat_antipasti_dips,2024-11-19
Jack Link's Ham Snack 25g,£1.50,(£6.00/100g),fresh_food,cooked_meat_antipasti_dips,2024-11-19
ASDA Cracking Sliced Cured Ham on the Bone 400g,£4.60,(£1.15/100g),fresh_food,cooked_meat_antipasti_dips,2024-11-19
JUST ESSENTIALS by ASDA Corned Beef,£1.24,(82.7p/100g),fresh_food,cooked_meat_antipasti_dips,2024-11-19
ASDA Wafer Thin Cooked Chicken 400g,£2.50,(62.5p/100g),fresh_food,cooked_meat_antipasti_dips,2024-11-19
ASDA Sliced Butter Roast Turkey,£2.00,(£1.67/100g),fresh_food,cooked_meat_antipasti_dips,2024-11-19
ASDA Finely Sliced Chargrill Style Chicken Breast,£2.00,(£1.67/100g),fresh_food,cooked_meat_antipasti_dips,2024-11-19
ASDA Wafer Thin Honey Roast Ham Slices,£2.00,(£1.00/100g),fresh_food,cooked_meat_antipasti_dips,2024-11-19
ASDA Sliced Topside of Beef,£2.00,(£2.00/100g),fresh_food,cooked_meat_antipasti_dips,2024-11-19
JUST ESSENTIALS by ASDA Cooked Ham Slices,£1.99,(49.8p/100g),fresh_food,cooked_meat_antipasti_dips,2024-11-19
ASDA Cooked Chicken Wafer Thin,£2.00,(£1.00/100g),fresh_food,cooked_meat_antipasti_dips,2024-11-19
ASDA Wafer Thin Cooked Ham 400g,£2.50,(62.5p/100g),fresh_food,cooked_meat_antipasti_dips,2024-11-19
ASDA Finely Sliced Topside Beef,£2.00,(£2.00/100g),fresh_food,cooked_meat_antipasti_dips,2024-11-19
JUST ESSENTIALS by ASDA Haslet,£1.55,(£1.03/100g),fresh_food,cooked_meat_antipasti_dips,2024-11-19
ASDA 4 Slices Herby Pork & Stuffing,£2.00,(£1.54/100g),fresh_food,cooked_meat_antipasti_dips,2024-11-19
ASDA Sliced Cured Ham On The Bone,£2.00,(£1.67/100g),fresh_food,cooked_meat_antipasti_dips,2024-11-19
Bernard Matthews Turkey Breast Slices,£1.00,(£1.00/100g),fresh_food,cooked_meat_antipasti_dips,2024-11-19
ASDA Wafer Thin Honey Roast Ham 400g,£2.50,(62.5p/100g),fresh_food,cooked_meat_antipasti_dips,2024-11-19
Character Kids Billy Bear Meat Slices,£1.20,(£1.20/100g),fresh_food,cooked_meat_antipasti_dips,2024-11-19
ASDA Finely Sliced Cured Pastrami,£2.00,(£1.82/100g),fresh_food,cooked_meat_antipasti_dips,2024-11-19
ASDA Sliced Corned Beef,£2.00,(£1.60/100g),fresh_food,cooked_meat_antipasti_dips,2024-11-19
ASDA German Style Peppered Salami,£1.60,(£1.39/100g),fresh_food,cooked_meat_antipasti_dips,2024-11-19
ASDA Asda Cooked Chicken,£0.92,(73.6p/100g),fresh_food,cooked_meat_antipasti_dips,2024-11-19
ASDA 10 Slices Honey Roast Dry Cured Ham,£2.75,(£1.10/100g),fresh_food,cooked_meat_antipasti_dips,2024-11-19
ASDA Finely Sliced Honey Roast Dry Cured Ham,£2.00,(£1.67/100g),fresh_food,cooked_meat_antipasti_dips,2024-11-19
JUST ESSENTIALS by ASDA Pork Luncheon Meat Slices,£1.15,(46.0p/100g),fresh_food,cooked_meat_antipasti_dips,2024-11-19
ASDA Sliced Chargrill Style Chicken Breast,£2.00,(£1.67/100g),fresh_food,cooked_meat_antipasti_dips,2024-11-19
ASDA 10 Slices Oven Baked Dry Cured Ham,£2.75,(£1.10/100g),fresh_food,cooked_meat_antipasti_dips,2024-11-19
ASDA Oak Smoked Dry Cured Ham,£2.00,(£1.67/100g),fresh_food,cooked_meat_antipasti_dips,2024-11-19
ASDA Carved Cumberland Sausage Slices,£2.00,(£1.18/100g),fresh_food,cooked_meat_antipasti_dips,2024-11-19
ASDA Wafer Thin Cooked Ham,£2.00,(£1.00/100g),fresh_food,cooked_meat_antipasti_dips,2024-11-19
JUST ESSENTIALS by ASDA Pork and Egg,£1.90,(90.5p/100g),fresh_food,cooked_meat_antipasti_dips,2024-11-19
ASDA Wafer Thin Smoked Ham,£2.00,(£1.00/100g),fresh_food,cooked_meat_antipasti_dips,2024-11-19
JUST ESSENTIALS by ASDA Chicken Roll,£2.29,(57.2p/100g),fresh_food,cooked_meat_antipasti_dips,2024-11-19
ASDA 8 Slices Corned Beef,£2.75,(£1.10/100g),fresh_food,cooked_meat_antipasti_dips,2024-11-19
ASDA Finely Sliced Oven Baked Dry Cured Ham,£2.00,(£1.67/100g),fresh_food,cooked_meat_antipasti_dips,2024-11-19
ASDA Carved Chicken Breast Slices,£2.95,(£1.64/100g),fresh_food,cooked_meat_antipasti_dips,2024-11-19
ASDA 10 Slices Cooked Ham,£2.25,(75.0p/100g),fresh_food,cooked_meat_antipasti_dips,2024-11-19
ASDA Silverside of Beef Slices,£4.75,(£1.48/100g),fresh_food,cooked_meat_antipasti_dips,2024-11-19
ASDA Finely Sliced Oven Baked Dry Cured Ham,£4.50,(£1.12/100g),fresh_food,cooked_meat_antipasti_dips,2024-11-19
ASDA 5 Slices Cured Pork Lunch Tongue,£2.00,(£1.67/100g),fresh_food,cooked_meat_antipasti_dips,2024-11-19
JUST ESSENTIALS by ASDA Wafer Thin Cooked Ham Slices,£2.09,(52.2p/100g),fresh_food,cooked_meat_antipasti_dips,2024-11-19
ASDA Chinese Style Chicken Breast Slices,£2.95,(£1.84/100g),fresh_food,cooked_meat_antipasti_dips,2024-11-19
Bernard Matthews Turkey Ham Wafer Thin,£1.10,(£1.10/100g),fresh_food,cooked_meat_antipasti_dips,2024-11-19
ASDA Sliced Cured Pork Loin,£2.00,(£1.67/100g),fresh_food,cooked_meat_antipasti_dips,2024-11-19
Nickelodeon Paw Patrol Pork Sausage Slices,£1.20,(£1.20/100g),fresh_food,cooked_meat_antipasti_dips,2024-11-19
ASDA Extra Special Hand Breaded Wiltshire Ham,£2.95,(£2.46/100g),fresh_food,cooked_meat_antipasti_dips,2024-11-19
ASDA Wafer Thin Honey Roast Turkey Slices,£2.00,(£1.00/100g),fresh_food,cooked_meat_antipasti_dips,2024-11-19
Najma Halal Sliced Turkey Rashers Smoked 150g,£2.60,(£1.73/100g),fresh_food,cooked_meat_antipasti_dips,2024-11-19
ASDA Sweet Chilli Chicken Breast Chunks,£2.95,(£1.84/100g),fresh_food,cooked_meat_antipasti_dips,2024-11-19
ASDA Roast Chicken Breast Fillets,£5.00,(£1.04/100g),fresh_food,cooked_meat_antipasti_dips,2024-11-19
ASDA Extra Special Finely Sliced Hickory Smoked Ham,£2.00,(£1.67/100g),fresh_food,cooked_meat_antipasti_dips,2024-11-19
ASDA Extra Special British Roast Pork,£2.50,(£2.08/100g),fresh_food,cooked_meat_antipasti_dips,2024-11-19
ASDA 5 Slices Oven Baked Dry Cured Ham,£2.00,(£1.67/100g),fresh_food,cooked_meat_antipasti_dips,2024-11-19
Drobimex Chicken Slices 100g,£1.25,(£1.25/100g),fresh_food,cooked_meat_antipasti_dips,2024-11-19
ASDA Classic Chicken Breast Slices 450g,£5.00,(£1.11/100g),fresh_food,cooked_meat_antipasti_dips,2024-11-19
ASDA Torchon Style Ham 200g,£1.99,(99.5p/100g),fresh_food,cooked_meat_antipasti_dips,2024-11-19
ASDA Classic Chicken Breast Slices 450g,£5.00,(£1.11/100g),fresh_food,cooked_meat_antipasti_dips,2024-11-19
ASDA Torchon Style Ham 200g,£1.99,(99.5p/100g),fresh_food,cooked_meat_antipasti_dips,2024-11-19
ASDA 5 Slices Oven Baked Dry Cured Ham,£2.00,(£1.67/100g),fresh_food,cooked_meat_antipasti_dips,2024-11-19
ASDA Extra Special Honey Roast Finely Sliced Ham,£2.00,(£1.67/100g),fresh_food,cooked_meat_antipasti_dips,2024-11-19
ASDA Extra Special British Roast Pork,£2.50,(£2.08/100g),fresh_food,cooked_meat_antipasti_dips,2024-11-19
ASDA Black Pepper Dry Cured Ham 120g,£2.00,(£1.67/100g),fresh_food,cooked_meat_antipasti_dips,2024-11-19
ASDA Extra Special Hand Breaded Wiltshire Ham,£4.50,(£1.50/100g),fresh_food,cooked_meat_antipasti_dips,2024-11-19
ASDA Finely Sliced Oak Smoked Dry Cured Ham,£2.00,(£1.67/100g),fresh_food,cooked_meat_antipasti_dips,2024-11-19
ASDA Extra Special Rosemary & Thyme Ham 120g,£2.00,(£1.67/100g),fresh_food,cooked_meat_antipasti_dips,2024-11-19
ASDA 10 Slices Honey Roast Ham,£2.25,(75.0p/100g),fresh_food,cooked_meat_antipasti_dips,2024-11-19
ASDA Herby Sliced Turkey & Stuffing,£2.00,(£1.67/100g),fresh_food,cooked_meat_antipasti_dips,2024-11-19
Deli Cuisine Ham Trim,£3.95,(65.8p/100g),fresh_food,cooked_meat_antipasti_dips,2024-11-19
ASDA Extra Special Finely Sliced Ham,£2.00,(£1.67/100g),fresh_food,cooked_meat_antipasti_dips,2024-11-19
Peperami Pizza Buns Original 4 x 40g (160g),£2.00,(£1.25/100g),fresh_food,cooked_meat_antipasti_dips,2024-11-19
ASDA Extra Special Slow Cured Wiltshire Ham,£2.95,(£2.46/100g),fresh_food,cooked_meat_antipasti_dips,2024-11-19
ASDA 10 Slices Breaded Dry Cured Ham,£2.75,(£1.10/100g),fresh_food,cooked_meat_antipasti_dips,2024-11-19
ASDA Finely Sliced Honey Roast Dry Cured Ham,£4.00,(£1.00/100g),fresh_food,cooked_meat_antipasti_dips,2024-11-19
ASDA Extra Special Finely Sliced Pastrami,£2.50,(£2.78/100g),fresh_food,cooked_meat_antipasti_dips,2024-11-19
ASDA Delicate Prosciutto Cotto Herb Ham,£2.00,(£2.00/100g),fresh_food,cooked_meat_antipasti_dips,2024-11-19
ASDA Extra Special Thickly Carved Honey Roast Ham,£2.50,(£2.08/100g),fresh_food,cooked_meat_antipasti_dips,2024-11-19
Deli Cuisine Corned Beef,£3.50,(87.5p/100g),fresh_food,cooked_meat_antipasti_dips,2024-11-19
ASDA 5 Slices Extra Tasty Chicken Breast,£2.00,(£1.67/100g),fresh_food,cooked_meat_antipasti_dips,2024-11-19
ASDA Finely Sliced Breaded Dry Cured Ham,£2.00,(£1.67/100g),fresh_food,cooked_meat_antipasti_dips,2024-11-19
ASDA 10 Slices Breaded Ham,£2.25,(75.0p/100g),fresh_food,cooked_meat_antipasti_dips,2024-11-19
ASDA Finely Sliced Oak Smoked Dry Cured Ham,£4.00,(£1.00/100g),fresh_food,cooked_meat_antipasti_dips,2024-11-19
ASDA Extra Special Finely Sliced Ham,£4.50,(£1.50/100g),fresh_food,cooked_meat_antipasti_dips,2024-11-19
ASDA Finely Sliced Bavarian Style Ham,£2.00,(£1.67/100g),fresh_food,cooked_meat_antipasti_dips,2024-11-19
ASDA 5 Slices Breaded Dry Cured Ham,£2.00,(£1.67/100g),fresh_food,cooked_meat_antipasti_dips,2024-11-19
ASDA Slow Cooked Gammon,£2.00,(£1.67/100g),fresh_food,cooked_meat_antipasti_dips,2024-11-19
Quorn Vegetarian Turkey and Stuffing Slices 170g,£2.49,(£14.65/kg),fresh_food,cooked_meat_antipasti_dips,2024-11-19
ASDA 4 Slices Herby Chicken Breast With Stuffing,£2.00,(£1.67/100g),fresh_food,cooked_meat_antipasti_dips,2024-11-19
ASDA Extra Special Sliced British Chicken Breast with Stuffing,£2.50,(£2.08/100g),fresh_food,cooked_meat_antipasti_dips,2024-11-19
Najma Bear 6 Turkey Sausage Slices,£1.70,(£1.89/100g),fresh_food,cooked_meat_antipasti_dips,2024-11-19
ASDA Wafer Thin Smoked Ham 400g,£2.50,(62.5p/100g),fresh_food,cooked_meat_antipasti_dips,2024-11-19
ASDA Honey Roast Dry Cured Ham,£2.00,(£1.67/100g),fresh_food,cooked_meat_antipasti_dips,2024-11-19
ASDA Extra Special Roast Topside of Beef,£2.50,(£2.78/100g),fresh_food,cooked_meat_antipasti_dips,2024-11-19
ASDA Extra Special Thickly Carved Roast Ham,£2.95,(£2.46/100g),fresh_food,cooked_meat_antipasti_dips,2024-11-19
ASDA Smoked Ham Batons,£1.50,(£1.67/100g),fresh_food,cooked_meat_antipasti_dips,2024-11-19
ASDA Tikka Chicken Breast Slices,£2.95,(£1.84/100g),fresh_food,cooked_meat_antipasti_dips,2024-11-19
ASDA Sweet Chilli Chicken Breast Slices,£2.95,(£1.84/100g),fresh_food,cooked_meat_antipasti_dips,2024-11-19
ASDA Extra Tasty Chicken Breast Slices 160g,£2.95,(£1.84/100g),fresh_food,cooked_meat_antipasti_dips,2024-11-19
ASDA Smoky BBQ Chicken Breast Slices,£2.95,(£1.84/100g),fresh_food,cooked_meat_antipasti_dips,2024-11-19
JUST ESSENTIALS by ASDA Chunky Chicken Breast,£1.99,(82.9p/100g),fresh_food,cooked_meat_antipasti_dips,2024-11-19
ASDA Just Essentials Chicken Tikka Breast Slices 240g,£1.99,(82.9p/100g),fresh_food,cooked_meat_antipasti_dips,2024-11-19
ASDA Carved Chicken Breast Slices,£2.95,(£1.64/100g),fresh_food,cooked_meat_antipasti_dips,2024-11-19
ASDA Asda Mexican Style Chicken Breast Slices,£2.95,(£1.84/100g),fresh_food,cooked_meat_antipasti_dips,2024-11-19
Fridge Raiders Slow Roasted Chicken Snack Bites,£1.80,(£1.60/100g),fresh_food,cooked_meat_antipasti_dips,2024-11-19
ASDA Roast Chicken Breast Fillets,£2.95,(£1.23/100g),fresh_food,cooked_meat_antipasti_dips,2024-11-19
ASDA Asda Tandoori Chicken Breast Mini Fillets,£2.95,(£1.84/100g),fresh_food,cooked_meat_antipasti_dips,2024-11-19
ASDA Roast Chicken Thighs,£3.60,(81.8p/100g),fresh_food,cooked_meat_antipasti_dips,2024-11-19
ASDA Classic Chicken Breast Slices,£2.95,(£1.84/100g),fresh_food,cooked_meat_antipasti_dips,2024-11-19
ASDA Cooked Chicken 10 Slices,£2.25,(75.0p/100g),fresh_food,cooked_meat_antipasti_dips,2024-11-19
ASDA Extra Special Butter Roast Turkey Breast,£2.50,(£2.50/100g),fresh_food,cooked_meat_antipasti_dips,2024-11-19
Fridge Raiders Slow Roasted Chicken Snack Bites,£1.60,(£2.37/100g),fresh_food,cooked_meat_antipasti_dips,2024-11-19
Fridge Raiders Variety Pack Chicken Snack Bites,£2.75,(£1.79/100g),fresh_food,cooked_meat_antipasti_dips,2024-11-19
ASDA Chinese Style Chicken Wings,£2.95,(98.3p/100g),fresh_food,cooked_meat_antipasti_dips,2024-11-19
ASDA Mango & Coconut Chicken Breast Mini Fillets 160g,£2.95,(£1.84/100g),fresh_food,cooked_meat_antipasti_dips,2024-11-19
Fridge Raiders Poppers Cheesy Nacho Chicken Snack Bites 68g,£1.25,(£1.84/100g),fresh_food,cooked_meat_antipasti_dips,2024-11-19
Najma Smoked Beechwood Turkey Rashers 130g,£2.85,(£2.19/100g),fresh_food,cooked_meat_antipasti_dips,2024-11-19
ASDA Katsu Style Chicken Bites,£0.89,(£1.27/100g),fresh_food,cooked_meat_antipasti_dips,2024-11-19
Fridge Raiders Smoky BBQ Chicken Bites 3 x 22.5g,£1.60,(£2.37/100g),fresh_food,cooked_meat_antipasti_dips,2024-11-19
Peperami Chicken Roasted Bites,£1.00,(£2.00/100g),fresh_food,cooked_meat_antipasti_dips,2024-11-19
ASDA Katsu Style Chicken Bites,£0.45,(£2.00/100g),fresh_food,cooked_meat_antipasti_dips,2024-11-19
Fridge Raiders Tasty Pizza Chicken Bites 3 x 22.5g,£1.60,(£2.37/100g),fresh_food,cooked_meat_antipasti_dips,2024-11-19
Fridge Raiders Southern Style Chicken Snack Bites,£1.00,(£1.43/100g),fresh_food,cooked_meat_antipasti_dips,2024-11-19
Fridge Raiders Slow Roasted Chicken Snack Bites,£1.00,(£1.43/100g),fresh_food,cooked_meat_antipasti_dips,2024-11-19
Fridge Raiders Katsu Chicken Snack Bites,£1.25,(£1.79/100g),fresh_food,cooked_meat_antipasti_dips,2024-11-19
Fridge Raiders Spicy Tikka Chicken Snack Bites,£1.00,(£1.43/100g),fresh_food,cooked_meat_antipasti_dips,2024-11-19
ASDA Roast Flavour Chicken Bites,£0.89,(£1.27/100g),fresh_food,cooked_meat_antipasti_dips,2024-11-19
ASDA Half Roast Chicken 450g,£4.00,(88.9p/100g),fresh_food,cooked_meat_antipasti_dips,2024-11-19
ASDA Cooked Chicken Breast Snacking Pot,£1.50,(£1.88/100g),fresh_food,cooked_meat_antipasti_dips,2024-11-19
Fridge Raiders Hot & Spicy Chicken Bites 70g,£1.00,(£1.43/100g),fresh_food,cooked_meat_antipasti_dips,2024-11-19
ASDA Roast Chicken Drumsticks,£2.49,(55.3p/100g),fresh_food,cooked_meat_antipasti_dips,2024-11-19
ASDA Tasty Chicken Breast Thins,£2.95,(£1.84/100g),fresh_food,cooked_meat_antipasti_dips,2024-11-19
Fridge Raiders Poppers Garlic & Herb Chicken Snack Bites 68g,£1.25,(£1.84/100g),fresh_food,cooked_meat_antipasti_dips,2024-11-19
ASDA Extra Tasty Chicken Breast Snacking Pot,£1.50,(£1.88/100g),fresh_food,cooked_meat_antipasti_dips,2024-11-19
Fridge Raiders Slow Roasted Chicken Bites 165g,£2.50,(£1.52/100g),fresh_food,cooked_meat_antipasti_dips,2024-11-19
ASDA Sweet Chilli Chicken Chunks,£0.89,(£1.27/100g),fresh_food,cooked_meat_antipasti_dips,2024-11-19
ASDA Southern Fried Chicken Bites,£0.45,(£2.00/100g),fresh_food,cooked_meat_antipasti_dips,2024-11-19
Fridge Raiders Southern Style Chicken Snack Bites,£1.80,(£1.60/100g),fresh_food,cooked_meat_antipasti_dips,2024-11-19
ASDA BBQ Chicken Wings,£2.95,(98.3p/100g),fresh_food,cooked_meat_antipasti_dips,2024-11-19
ASDA Southern Fried Chicken Bites,£0.89,(£1.27/100g),fresh_food,cooked_meat_antipasti_dips,2024-11-19
Fridge Raiders Southern Style Chicken Snack Bites,£1.60,(£2.37/100g),fresh_food,cooked_meat_antipasti_dips,2024-11-19
GetPro 18g Protein Pudding Chocolate Hazelnut Flavour 180g,£1.25,(69.4p/100g),fresh_food,chilled_desserts,2024-11-19
Muller Light Fat Free Yogurts with Chocolate Sprinkles,£2.50,(29.8p/100g),fresh_food,chilled_desserts,2024-11-19
Cadbury Caramilk Mousse 4 x 45g (180g),£1.00,(55.6p/100g),fresh_food,chilled_desserts,2024-11-19
Exceptional by ASDA Belgian Chocolate Mousse 100g,£1.00,(£1.00/100g),fresh_food,chilled_desserts,2024-11-19
Exceptional by ASDA Salted Caramel Mousse 100g,£1.00,(£1.00/100g),fresh_food,chilled_desserts,2024-11-19
GU Double Chocolate Cheeky Pot 2 x 80g (160g),£2.00,(£1.25/100g),fresh_food,chilled_desserts,2024-11-19
GU Chocolate Orange Cheeky Pot,£2.00,(£1.25/100g),fresh_food,chilled_desserts,2024-11-19
Yorkie Milk Chocolate Dessert 4 x 65g (260g),£2.50,(96.2p/100g),fresh_food,chilled_desserts,2024-11-19
ASDA Raspberry Trifles 2 x 145g (290g),£1.70,(58.6p/100g),fresh_food,chilled_desserts,2024-11-19
ASDA Blackcurrant Cheesecakes 2 x 100g (200g),£1.50,(75.0p/100g),fresh_food,chilled_desserts,2024-11-19
GU Black Forest Cheesecake 2 x 88g (176g),£3.75,(£2.13/100g),fresh_food,chilled_desserts,2024-11-19
GU Banoffee Cheesecake 2 x 86g (172g),£3.75,(£2.18/100g),fresh_food,chilled_desserts,2024-11-19
GU New York Cheesecakes 2 x 80g (160g),£2.50,(£1.56/100g),fresh_food,chilled_desserts,2024-11-19
GU Zillionaire Limited Edition Hazelnut Praline Cheesecakes 2 x 86.5g (173g),£3.75,(£2.17/100g),fresh_food,chilled_desserts,2024-11-19
GU Ultimate Chocolate Cheesecake 2 x 85g (170g),£2.50,(£1.47/100g),fresh_food,chilled_desserts,2024-11-19
Muller Rice Strawberry & Original Low Fat Pudding,£2.50,(24.5p/100g),fresh_food,chilled_desserts,2024-11-19
Muller Rice Apple & Raspberry Low Fat Pudding,£2.50,(24.5p/100g),fresh_food,chilled_desserts,2024-11-19
"Muller Rice Chocolate, Hazelnut and Caramel Low Fat Pudding",£2.50,(24.5p/100g),fresh_food,chilled_desserts,2024-11-19
ASDA 2 Strawberry Trifles,£1.70,(58.6p/100g),fresh_food,chilled_desserts,2024-11-19
ASDA Creme Caramel Dessert,£1.30,(21.7p/100g),fresh_food,chilled_desserts,2024-11-19
Rolo Milk Chocolate & Toffee Dessert,£2.50,(96.2p/100g),fresh_food,chilled_desserts,2024-11-19
ASDA 6 Chocolate Supremes 6 x 85g (510g),£1.45,(28.4p/100g),fresh_food,chilled_desserts,2024-11-19
Milkybar White Chocolate Dessert,£2.50,(96.2p/100g),fresh_food,chilled_desserts,2024-11-19
Cadbury Flake with a Cadbury Milk Chocolate Dessert 75g,£1.10,(£1.47/100g),fresh_food,chilled_desserts,2024-11-19
Aero Milk Chocolate Mousse,£1.25,(53.0p/100g),fresh_food,chilled_desserts,2024-11-19
Cadbury Layers of Joy Chocolate Trifles,£1.70,(94.4p/100g),fresh_food,chilled_desserts,2024-11-19
ASDA 2 Lemon Cheesecakes,£1.50,(75.0p/100g),fresh_food,chilled_desserts,2024-11-19
ASDA 2 Toffee Cheesecakes,£1.50,(75.0p/100g),fresh_food,chilled_desserts,2024-11-19
Milkybar White Chocolate Mousse,£1.25,(56.8p/100g),fresh_food,chilled_desserts,2024-11-19
ASDA Chocolate Mousses,£0.99,(27.5p/100g),fresh_food,chilled_desserts,2024-11-19
ASDA 2 Strawberry Cheesecakes,£1.50,(75.0p/100g),fresh_food,chilled_desserts,2024-11-19
ASDA Strawberry Supremes,£1.45,(28.4p/100g),fresh_food,chilled_desserts,2024-11-19
Kinder Pingui Milk and Chocolate Chilled Snack Cake Bar Multipack 4x,£1.85,(£1.54/100g),fresh_food,chilled_desserts,2024-11-19
ASDA Toffee Sundae 125g,£1.30,(£1.04/100g),fresh_food,chilled_desserts,2024-11-19
Cadbury Crunchie 75g,£1.10,(£1.47/100g),fresh_food,chilled_desserts,2024-11-19
Cadbury Dairy Milk Pots of Joy Chocolate Dessert 4 x 60g (240g),£2.70,(£1.12/100g),fresh_food,chilled_desserts,2024-11-19
Cadbury Dairy Milk Pots of Joy Caramel Chocolate Dessert,£2.70,(£1.12/100g),fresh_food,chilled_desserts,2024-11-19
ASDA 3 Strawberry Jelly & Custard Pots,£1.70,(45.3p/100g),fresh_food,chilled_desserts,2024-11-19
GU Salted Caramel Cheesecake Desserts,£2.50,(£1.36/100g),fresh_food,chilled_desserts,2024-11-19
ASDA Chocolate Sundae 125g,£1.35,(£1.08/100g),fresh_food,chilled_desserts,2024-11-19
Ski Strawberry Mousses,£1.40,(58.3p/100g),fresh_food,chilled_desserts,2024-11-19
Aero Peppermint & Chocolate Bubbly Mousse 4 x 58g (232g),£1.25,(53.9p/100g),fresh_food,chilled_desserts,2024-11-19
Aero Chocolate Caramel Bubbly Mousse 4 x 58g (232g),£1.25,(53.9p/100g),fresh_food,chilled_desserts,2024-11-19
JUST ESSENTIALS by ASDA 6 Chocolate Mousses,£0.86,(23.9p/100g),fresh_food,chilled_desserts,2024-11-19
Cadbury Limited Edition Dairy Milk Caramel Layers of Joy 550g,£3.00,(54.5p/100g),fresh_food,chilled_desserts,2024-11-19
Cadbury Limited Edition Crunchie Pieces with a Cadbury Milk Chocolate Dessert 4 x 75g (300g),£2.50,(83.3p/100g),fresh_food,chilled_desserts,2024-11-19
GetPro 18g Protein Pudding Chocolate Hazelnut Flavour 180g,£1.25,(69.4p/100g),fresh_food,chilled_desserts,2024-11-19
Muller Light Fat Free Yogurts with Chocolate Sprinkles,£2.50,(29.8p/100g),fresh_food,chilled_desserts,2024-11-19
Muller Light Citrus Fat Free Yogurts,£2.50,(29.8p/100g),fresh_food,chilled_desserts,2024-11-19
Muller Fat Free Light Red Fruits Yogurts,£2.50,(29.8p/100g),fresh_food,chilled_desserts,2024-11-19
GetPro 18g Protein Pudding Caramel Flavour 180g,£1.25,(69.4p/100g),fresh_food,chilled_desserts,2024-11-19
GetPro 18g Protein Pudding Caramel Flavour 180g,£1.25,(69.4p/100g),fresh_food,chilled_desserts,2024-11-19
GetPro 18g Protein Pudding Chocolate Hazelnut Flavour 180g,£1.25,(69.4p/100g),fresh_food,chilled_desserts,2024-11-19
Muller Light Fat Free Yogurts with Chocolate Sprinkles,£2.50,(29.8p/100g),fresh_food,chilled_desserts,2024-11-19
"ASDA Mango, Passion Fruit & Yuzu Sundae 125g",£1.30,(£1.04/100g),fresh_food,chilled_desserts,2024-11-19
Nestle Smarties Vanilla Flavour Yogurt 6x107g,£3.50,(54.5p/100g),fresh_food,chilled_desserts,2024-11-19
Aero Chocolate Caramel Bubbly Mousse 4 x 58g (232g),£1.25,(53.9p/100g),fresh_food,chilled_desserts,2024-11-19
Kinder Milk Slice Chilled Treat Multipack,£0.85,(£1.01/100g),fresh_food,chilled_desserts,2024-11-19
Nesquik Chocolate Milk Slices,£1.40,(£1.35/100g),fresh_food,chilled_desserts,2024-11-19
The BAKERY at ASDA Tiramisu Dessert,£3.00,(60.0p/100g),fresh_food,chilled_desserts,2024-11-19
The BAKERY at ASDA 4 Custard Slices,£2.25,(56.2p/each),fresh_food,chilled_desserts,2024-11-19
ASDA Sweet Toffee Dessert 100g,£0.90,(90.0p/100g),fresh_food,chilled_desserts,2024-11-19
ASDA Loaded Double Chocolate Sundae 200g,£1.85,(92.5p/100g),fresh_food,chilled_desserts,2024-11-19
Cadbury Limited Edition Dairy Milk Caramel Layers of Joy 550g,£3.00,(54.5p/100g),fresh_food,chilled_desserts,2024-11-19
Milkybar Milk Slice,£1.40,(£1.35/100g),fresh_food,chilled_desserts,2024-11-19
Cadbury Wispa Chocolate Dessert,£1.50,(83.3p/100g),fresh_food,chilled_desserts,2024-11-19
ASDA Millionaire's Sundae,£1.35,(£1.08/100g),fresh_food,chilled_desserts,2024-11-19
ASDA Tempting Gingerbread & Butterscotch Sponge Pudding 110g,£1.50,(£1.36/100g),fresh_food,chilled_desserts,2024-11-19
Cadbury Dairy Milk Orange Pots of Joy 350g,£1.50,(42.9p/100g),fresh_food,chilled_desserts,2024-11-19
ASDA 2 Classic Crème Brûlée 180g,£2.15,(£1.19/100g),fresh_food,chilled_desserts,2024-11-19
The BAKERY at ASDA Cherry Pie,£4.00,(72.7p/100g),fresh_food,chilled_desserts,2024-11-19
Muller Light Milk Chocolate & Caramel Flavour Layers Choc Pot 4 x 80g (320g),£1.50,(62.5p/100g),fresh_food,chilled_desserts,2024-11-19
ASDA Strawberry Mousses,£0.99,(27.5p/100g),fresh_food,chilled_desserts,2024-11-19
ASDA Toffee Layered Mousse 100g,£1.00,(£1.00/100g),fresh_food,chilled_desserts,2024-11-19
Cadbury Dairy Milk Buttons 75g,£1.10,(£1.47/100g),fresh_food,chilled_desserts,2024-11-19
The BAKERY at ASDA Strawberry Trifle,£3.00,(50.0p/100g),fresh_food,chilled_desserts,2024-11-19
Milkybar Desserts,£1.40,(42.4p/100g),fresh_food,chilled_desserts,2024-11-19
The BAKERY at ASDA Raspberry Trifle,£3.00,(50.0p/100g),fresh_food,chilled_desserts,2024-11-19
After Eight Chocolate Peppermint Flavoured Mousse 4X57g,£2.10,(92.1p/100g),fresh_food,chilled_desserts,2024-11-19
Cadbury Limited Edition Dairy Milk Pots of Joy Chocolate Brownie Flavour 4 × 60g (240g),£2.70,(£1.12/100g),fresh_food,chilled_desserts,2024-11-19
The BAKERY at ASDA Apple Pie,£4.00,(72.7p/100g),fresh_food,chilled_desserts,2024-11-19
Nesquik Chocolate Desserts,£1.40,(42.4p/100g),fresh_food,chilled_desserts,2024-11-19
The BAKERY at ASDA 2 Caramel Choux Buns,£2.00,(£1.00/each),fresh_food,chilled_desserts,2024-11-19
Milkybar Mixups White & Milk Chocolate Dessert,£2.50,(96.2p/100g),fresh_food,chilled_desserts,2024-11-19
Muller Light Choc Pot Milk Chocolate 4 x 80g (320g),£1.50,(53.6p/100g),fresh_food,chilled_desserts,2024-11-19
Bonne Maman Crème Caramel Dessert 4 x 100g (400g),£3.20,(80.0p/each),fresh_food,chilled_desserts,2024-11-19
The BAKERY at ASDA Apple & Blackberry Pie 550g,£4.00,(72.7p/100g),fresh_food,chilled_desserts,2024-11-19
Milkybar Gold White Chocolate Caramel Dairy Dessert 4 x 65g (260g),£2.50,(96.2p/100g),fresh_food,chilled_desserts,2024-11-19
GU Inspirations Red Velvet Desserts,£2.50,(£1.47/100g),fresh_food,chilled_desserts,2024-11-19
Muller Light Choc Pot Milk Chocolate & Orange Flavour 4 x 80g (320g),£1.50,(62.5p/100g),fresh_food,chilled_desserts,2024-11-19
Muller Light Banana & Custard Flavour Yogurt 160g,£0.90,(56.2p/100g),fresh_food,chilled_desserts,2024-11-19
Lindahls Kvarg White Chocolate,£1.10,(73.3p/100g),fresh_food,chilled_desserts,2024-11-19
Royal Dessert Gulabjam,£3.60,(72.0p/100g),fresh_food,chilled_desserts,2024-11-19
ASDA The Bakery Rice Puddings 2 x 173g (346g),£3.00,(£1.50/each),fresh_food,chilled_desserts,2024-11-19
English Cheesecake Company Creamy White Chocolate & Honeycomb Cheesecake 214g,£3.75,(£1.75/100g),fresh_food,chilled_desserts,2024-11-19
English Cheesecake Company Luxury Vanilla Cheesecake with Lotus Biscoff 214g,£3.75,(£1.75/100g),fresh_food,chilled_desserts,2024-11-19
ASDA The Bakery So Fruity Raspberry Sponge Pudding 110g,£1.50,(£1.36/100g),fresh_food,chilled_desserts,2024-11-19
GU Brownies Salted Caramel 2 x 80g (160g),£3.75,(£2.34/100g),fresh_food,chilled_desserts,2024-11-19
GU Inspirations Cookies & Cream Desserts,£2.50,(£1.47/100g),fresh_food,chilled_desserts,2024-11-19
GU Inspirations Brookie Dessert,£3.75,(£2.34/100g),fresh_food,chilled_desserts,2024-11-19
Exceptional by ASDA Luxury Christmas Pudding 400g,£5.50,(£1.38/100g),fresh_food,chilled_desserts,2024-11-19
Muller Light Rhubarb,£0.90,(56.2p/100g),fresh_food,chilled_desserts,2024-11-19
UFIT Pudding Double Chocolate,£2.00,(80.0p/100ml),fresh_food,chilled_desserts,2024-11-19
Riya's Original Recipe Desserts 2 Salted Caramel Cheesecake,£2.80,(£2.80/100g),fresh_food,chilled_desserts,2024-11-19
ASDA Dazzling Chocolate & Caramel Sponge Pudding 110g,£1.50,(£1.36/100g),fresh_food,chilled_desserts,2024-11-19
GU Milk Chocolate & Ganache Mousse Dessert,£2.50,(£1.79/100g),fresh_food,chilled_desserts,2024-11-19
ASDA Free From Chocolate Mousses,£1.90,(£1.06/100g),fresh_food,chilled_desserts,2024-11-19
Pots & Co Lemon & Lime Posset 91g,£1.99,(£2.19/100g),fresh_food,chilled_desserts,2024-11-19
GetPro 18g Protein Pudding Caramel Flavour 180g,£1.25,(69.4p/100g),fresh_food,chilled_desserts,2024-11-19
Muller Light Fat Free Yogurts with Chocolate Sprinkles,£2.50,(29.8p/100g),fresh_food,chilled_desserts,2024-11-19
Muller Light Citrus Fat Free Yogurts,£2.50,(29.8p/100g),fresh_food,chilled_desserts,2024-11-19
GetPro 18g Protein Pudding Chocolate Hazelnut Flavour 180g,£1.25,(69.4p/100g),fresh_food,chilled_desserts,2024-11-19
Muller Fat Free Light Red Fruits Yogurts,£2.50,(29.8p/100g),fresh_food,chilled_desserts,2024-11-19
GetPro 18g Protein Pudding Caramel Flavour 180g,£1.25,(69.4p/100g),fresh_food,chilled_desserts,2024-11-19
GetPro 18g Protein Pudding Chocolate Hazelnut Flavour 180g,£1.25,(69.4p/100g),fresh_food,chilled_desserts,2024-11-19
Muller Light Fat Free Yogurts with Chocolate Sprinkles,£2.50,(29.8p/100g),fresh_food,chilled_desserts,2024-11-19
ASDA Free From Chocolate Mousses,£1.90,(£1.06/100g),fresh_food,chilled_desserts,2024-11-19
ASDA The Bakery Oh So Sweet Syrup Sponge Pudding 110g,£1.50,(£1.36/100g),fresh_food,chilled_desserts,2024-11-19
Light & Free Cherry Greek Style 0% Added Sugar Fat Free Yoghurt,£1.50,(32.6p/100g),fresh_food,chilled_desserts,2024-11-19
Exceptional by ASDA Luxury Christmas Pudding 800g,£8.00,(£1.00/100g),fresh_food,chilled_desserts,2024-11-19
Light & Free Peach Passion Fruit 0% Added Sugar Fat Free Yoghurt,£1.50,(32.6p/100g),fresh_food,chilled_desserts,2024-11-19
Muller Rice Protein Chocolate Flavour 180g,£1.10,(61.1p/100g),fresh_food,chilled_desserts,2024-11-19
GU Brownies Double Chocolate 2 x 79g (158g),£2.75,(£1.74/100g),fresh_food,chilled_desserts,2024-11-19
ASDA The Bakery Oh So Sweet Syrup Sponge Pudding 300g,£2.50,(83.3p/100g),fresh_food,chilled_desserts,2024-11-19
Muller Fat Free Light Red Fruits Yogurts,£2.50,(29.8p/100g),fresh_food,chilled_desserts,2024-11-19
Big Night In Hearty Dinner for Two Bundle,£6.60,null,fresh_food,chilled_desserts,2024-11-19
Pots & Co Little Pots of 70% Chocolate Ganache,£3.50,(£1.75/100g),fresh_food,chilled_desserts,2024-11-19
Pots & Co Lemon & Lime Posset 91g,£1.99,(£2.19/100g),fresh_food,chilled_desserts,2024-11-19
Lindahls Pro + Kvarg Banoffee Pie,£1.25,(83.3p/100g),fresh_food,chilled_desserts,2024-11-19
ASDA The Bakery So Chocolaley Chocolate Sponge Pudding 300g,£2.50,(83.3p/100g),fresh_food,chilled_desserts,2024-11-19
GU Plant Spanish Lemon Cheesecakes 2 x 92g (184g),£3.95,(£2.15/100g),fresh_food,chilled_desserts,2024-11-19
GU Spanish Lemon Cheesecake Desserts,£2.50,(£1.39/100g),fresh_food,chilled_desserts,2024-11-19
Arla Protein Pudding a Day Bundle,£6.25,null,fresh_food,chilled_desserts,2024-11-19
Muller Light Greek Style Lemon Yogurt,£2.35,(51.1p/100g),fresh_food,chilled_desserts,2024-11-19
Arla Protein Salted Caramel Flavour Pudding 200g,£1.25,(62.5p/100g),fresh_food,chilled_desserts,2024-11-19
Exceptional by ASDA Luxury Christmas Pudding 100g,£2.50,(£2.50/100g),fresh_food,chilled_desserts,2024-11-19
Light & Free Rasberry Greek Style 0% Added Sugar Fat Free Yoghurt,£1.50,(32.6p/100g),fresh_food,chilled_desserts,2024-11-19
The BAKERY at ASDA Hot Fudge Pudding 290g,£2.75,(94.8p/100g),fresh_food,chilled_desserts,2024-11-19
Arla Protein Hazelnut Latte Pudding 200g,£1.25,(62.5p/100g),fresh_food,chilled_desserts,2024-11-19
The BAKERY at ASDA 2 Jam & Cream Palmiers,£2.00,(£1.00/each),fresh_food,chilled_desserts,2024-11-19
Exceptional by ASDA Jewelled Christmas Pudding Wreath 500g,£8.00,(£1.60/100g),fresh_food,chilled_desserts,2024-11-19
Muller Light Smooth Toffee Yogurt 160g,£0.90,(56.2p/100g),fresh_food,chilled_desserts,2024-11-19
Light & Free White Chocolate Flavour Greek Style 0% Added Sugar Fat Free Yoghurt,£1.50,(32.6p/100g),fresh_food,chilled_desserts,2024-11-19
GU Inspirations Chocolate & Honeycomb Desserts,£3.75,(£2.17/100g),fresh_food,chilled_desserts,2024-11-19
Light & Free Strawberry Greek Style 0% Added Sugar Fat Free Yoghurt,£1.50,(32.6p/100g),fresh_food,chilled_desserts,2024-11-19
Muller Light Vanilla with Dark Chocolate Sprinkles Yogurt 160g,£0.90,(56.2p/100g),fresh_food,chilled_desserts,2024-11-19
Exceptional by ASDA Free From Luxury Christmas Pudding 400g,£5.00,(£1.25/100g),fresh_food,chilled_desserts,2024-11-19
Lindahls Kvarg Raspberry,£1.10,(73.3p/100g),fresh_food,chilled_desserts,2024-11-19
Muller Light Citrus Fat Free Yogurts,£2.50,(29.8p/100g),fresh_food,chilled_desserts,2024-11-19
ASDA 2 Chocolate Trifles,£1.70,(85.0p/100g),fresh_food,chilled_desserts,2024-11-19
Riya's Original Recipe Desserts 2 Tiramisu,£2.80,(£2.80/100g),fresh_food,chilled_desserts,2024-11-19
Fage Total 0% Fat Greek Recipe Strained Yogurt,£1.00,(66.7p/100g),fresh_food,chilled_desserts,2024-11-19
GU Tiramisu Cheesecake 2 x 85g (170g),£2.50,(£1.47/100g),fresh_food,chilled_desserts,2024-11-19
Muller Light Greek Style Strawberry Yogurt,£2.35,(51.1p/100g),fresh_food,chilled_desserts,2024-11-19
Muller x Myprotein Chocolate Flavor Mousse 200g,£1.50,(75.0p/100g),fresh_food,chilled_desserts,2024-11-19
ASDA Loaded Rocky Road Sundae 200g,£1.80,(90.0p/100g),fresh_food,chilled_desserts,2024-11-19
Light & Free Sticky Toffee Flavour Greek Style 0% Added Sugar Fat Free Yoghurt,£1.50,(32.6p/100g),fresh_food,chilled_desserts,2024-11-19
Riya's 2 Desserts Mango Cheesecake,£2.80,(£2.80/100g),fresh_food,chilled_desserts,2024-11-19
ASDA Alcohol Free Christmas Pudding 400g,£3.00,(75.0p/100g),fresh_food,chilled_desserts,2024-11-19
Arla Protein Chocolate Flavour Pudding 200g,£1.25,(62.5p/100g),fresh_food,chilled_desserts,2024-11-19
The BAKERY at ASDA Scrummy Christmas Pudding,£4.50,(56.2p/100g),fresh_food,chilled_desserts,2024-11-19
The BAKERY at ASDA Jam Roly Poly,£4.00,(86.0p/100g),fresh_food,chilled_desserts,2024-11-19
GU Zillionaires Chocolate & Salted Caramel Cheesecake Desserts,£3.75,(£2.05/100g),fresh_food,chilled_desserts,2024-11-19
Arla Protein Pudding Mixed Bundle,£5.00,null,fresh_food,chilled_desserts,2024-11-19
ASDA The Bakery So Chocolatey Chocolate Sponge Pudding 110g,£1.50,(£1.36/100g),fresh_food,chilled_desserts,2024-11-19
Muller Light Turkish Delight Flavour & Dark Choc Sprinkles 160g,£0.90,(56.2p/100g),fresh_food,chilled_desserts,2024-11-19
GU Wild Strawberry & Clotted Cream Cheesecake Dessert,£2.50,(£2.87/100g),fresh_food,chilled_desserts,2024-11-19
UFIT Pudding Creamy Caramel,£2.00,(80.0p/100ml),fresh_food,chilled_desserts,2024-11-19
Lindahls Kvarg Vanilla,£1.10,(73.3p/100g),fresh_food,chilled_desserts,2024-11-19
Muller x Myprotein Chocolate Flavour Pudding 200g,£1.50,(75.0p/100g),fresh_food,chilled_desserts,2024-11-19
GU Limited Edition Gold Golden Blonde Chocolate,£2.50,(£1.52/100g),fresh_food,chilled_desserts,2024-11-19
Muller Light Fat Free Yogurts with Chocolate Sprinkles,£2.50,(29.8p/100g),fresh_food,chilled_desserts,2024-11-19
GetPro 18g Protein Pudding Caramel Flavour 180g,£1.25,(69.4p/100g),fresh_food,chilled_desserts,2024-11-19
Muller Light Citrus Fat Free Yogurts,£2.50,(29.8p/100g),fresh_food,chilled_desserts,2024-11-19
GetPro 18g Protein Pudding Chocolate Hazelnut Flavour 180g,£1.25,(69.4p/100g),fresh_food,chilled_desserts,2024-11-19
Muller Fat Free Light Red Fruits Yogurts,£2.50,(29.8p/100g),fresh_food,chilled_desserts,2024-11-19
GetPro 18g Protein Pudding Caramel Flavour 180g,£1.25,(69.4p/100g),fresh_food,chilled_desserts,2024-11-19
GetPro 18g Protein Pudding Chocolate Hazelnut Flavour 180g,£1.25,(69.4p/100g),fresh_food,chilled_desserts,2024-11-19
Muller Light Fat Free Yogurts with Chocolate Sprinkles,£2.50,(29.8p/100g),fresh_food,chilled_desserts,2024-11-19
GetPro 20g Protein Mousse Chocolate Flavour 200g,£2.50,(£1.25/100g),fresh_food,chilled_desserts,2024-11-19
Muller Light Strawberry Yogurt 160g,£0.90,(56.2p/100g),fresh_food,chilled_desserts,2024-11-19
GU Plant Zillionaire Chocolate & Salted Caramel Cheesecake Dessert,£3.95,(£2.15/100g),fresh_food,chilled_desserts,2024-11-19
GU Limited Edition Gold Golden Blonde Chocolate,£2.50,(£1.52/100g),fresh_food,chilled_desserts,2024-11-19
Muller x Myprotein Chocolate Flavour Pudding 200g,£1.50,(75.0p/100g),fresh_food,chilled_desserts,2024-11-19
Bonne Maman Crème Brûlée Dessert 2 x 100g,£3.20,(£1.60/each),fresh_food,chilled_desserts,2024-11-19
Toblerone Cheesecakes 2 x 85g (170g),£3.40,(£2.00/100g),fresh_food,chilled_desserts,2024-11-19
The BAKERY at ASDA Christmas Pudding,£3.00,(75.0p/100g),fresh_food,chilled_desserts,2024-11-19
Muller x Myprotein Salted Caramel Flavor Mousse 200g,£1.50,(75.0p/100g),fresh_food,chilled_desserts,2024-11-19
Lindahls Kvarg Vanilla,£1.10,(73.3p/100g),fresh_food,chilled_desserts,2024-11-19
GU Hot Puds Chocolate Melting Middle Dessert,£2.95,(£1.48/100g),fresh_food,chilled_desserts,2024-11-19
Muller Rice Apple,£0.90,(52.9p/100g),fresh_food,chilled_desserts,2024-11-19
Muller Rice Vanilla Custard Low Fat Pudding,£0.90,(52.9p/100g),fresh_food,chilled_desserts,2024-11-19
Muller Rice Original Low Fat Pudding,£0.90,(52.9p/100g),fresh_food,chilled_desserts,2024-11-19
Muller Rice Strawberry Low Fat Pudding,£0.90,(52.9p/100g),fresh_food,chilled_desserts,2024-11-19
JUST ESSENTIALS by ASDA 3 Strawberry Cheesecakes,£1.10,(40.7p/100g),fresh_food,chilled_desserts,2024-11-19
GetPro 18g Protein Pudding Caramel Flavour 180g,£1.25,(69.4p/100g),fresh_food,chilled_desserts,2024-11-19
Muller Light Fat Free Yogurts with Chocolate Sprinkles,£2.50,(29.8p/100g),fresh_food,chilled_desserts,2024-11-19
Muller Light Citrus Fat Free Yogurts,£2.50,(29.8p/100g),fresh_food,chilled_desserts,2024-11-19
GetPro 18g Protein Pudding Chocolate Hazelnut Flavour 180g,£1.25,(69.4p/100g),fresh_food,chilled_desserts,2024-11-19
Muller Fat Free Light Red Fruits Yogurts,£2.50,(29.8p/100g),fresh_food,chilled_desserts,2024-11-19
ASDA Woodfired Italian Style Margherita Pizza with Sourdough 423g,£4.75,(£1.12/100g),fresh_food,pizza_pasta_gbread,2024-11-19
ASDA Woodfired Italian Style Prosciutto Funghi Pizza with Sourdough 445g,£4.75,(£1.07/100g),fresh_food,pizza_pasta_gbread,2024-11-19
ASDA Woodfired Italian Style Salsiccia Piccante & 'Nduja Pizza with Sourdough 437g,£4.75,(£1.09/100g),fresh_food,pizza_pasta_gbread,2024-11-19
ASDA Woodfired Italian Style Chicken Arrabbiata Pizza with Sourdough 480g,£4.75,(99.0p/100g),fresh_food,pizza_pasta_gbread,2024-11-19
Takeout Club by ASDA Classic Crust BBQ Meatballer 480g,£5.00,(£10.42/kg),fresh_food,pizza_pasta_gbread,2024-11-19
Takeout Club by ASDA Classic Crust Kickin' Chicken Shawarma 495g,£5.00,(£10.10/kg),fresh_food,pizza_pasta_gbread,2024-11-19
ASDA Stonebaked Spicy Fajita Chicken Pizza 335g,£3.25,(£9.15/kg),fresh_food,pizza_pasta_gbread,2024-11-19
ASDA Stonebaked Vegetable Supreme Pizza 340g,£3.25,(£9.56/kg),fresh_food,pizza_pasta_gbread,2024-11-19
ASDA Deep Pan Four Cheese Pizza 425g,£3.25,(£7.65/kg),fresh_food,pizza_pasta_gbread,2024-11-19
ASDA Deep Pan BBQ Chicken Pizza 455g,£3.25,(£7.14/kg),fresh_food,pizza_pasta_gbread,2024-11-19
JUST ESSENTIALS by ASDA Cheese & Ham Snack Pizza,£0.60,(£5.26/kg),fresh_food,pizza_pasta_gbread,2024-11-19
JUST ESSENTIALS by ASDA Cheese & Tomato Snack Pizza,£0.55,(£4.82/kg),fresh_food,pizza_pasta_gbread,2024-11-19
JUST ESSENTIALS by ASDA Pepperoni Pizza,£1.25,(£4.28/kg),fresh_food,pizza_pasta_gbread,2024-11-19
ASDA Large Stonebaked Pepperoni Pizza 505g,£3.85,(£7.62/kg),fresh_food,pizza_pasta_gbread,2024-11-19
ASDA Stonebaked Meat Feast Pizza 338g,£3.25,(£9.62/kg),fresh_food,pizza_pasta_gbread,2024-11-19
ASDA Stonebaked Pepperoni Pizza 307g,£3.25,(£10.59/kg),fresh_food,pizza_pasta_gbread,2024-11-19
ASDA Large Stonebaked Margherita Pizza 503g,£3.85,(£7.65/kg),fresh_food,pizza_pasta_gbread,2024-11-19
ASDA Stonebaked Margherita Pizza 305g,£3.25,(£10.66/kg),fresh_food,pizza_pasta_gbread,2024-11-19
ASDA Stonebaked Ham & Pineapple Pizza 356g,£3.25,(£9.13/kg),fresh_food,pizza_pasta_gbread,2024-11-19
ASDA Stonebaked BBQ Chicken Pizza 350g,£3.25,(£9.29/kg),fresh_food,pizza_pasta_gbread,2024-11-19
ASDA Garlic 'n' Herb Dip 30g,£0.50,(£1.67/100g),fresh_food,pizza_pasta_gbread,2024-11-19
ASDA Deep Pan Meat Feast Pizza 443g,£3.25,(£7.34/kg),fresh_food,pizza_pasta_gbread,2024-11-19
ASDA Crispy Halloumi Fries 170g,£2.50,(£1.47/100g),fresh_food,pizza_pasta_gbread,2024-11-19
"ASDA Extra Special Prosciutto Cotto, Garlic Mushroom & Mascarpone Sourdough Pizza 218g",£3.50,(£16.05/kg),fresh_food,pizza_pasta_gbread,2024-11-19
"ASDA Extra Special Prosciutto Cotto, Garlic Mushroom & Mascarpone Sourdough Pizza 476g",£4.90,(£10.29/kg),fresh_food,pizza_pasta_gbread,2024-11-19
ASDA Large Stonebaked Thin & Crispy Mighty Meat Feast (Typically 793g),£5.00,(£7.01/kg),fresh_food,pizza_pasta_gbread,2024-11-19
ASDA Cheese & Garlic Flatbread 250g,£1.90,(76.0p/100g),fresh_food,pizza_pasta_gbread,2024-11-19
"ASDA Extra Special Buffalo Mozzarella, Sunblush Tomato & Pesto Sourdough Pizza 458g",£4.90,(£10.70/kg),fresh_food,pizza_pasta_gbread,2024-11-19
ASDA Medium Deep Pan Cheese Meltdown (Typically 423g),£4.00,(£10.53/kg),fresh_food,pizza_pasta_gbread,2024-11-19
ASDA Take-Out Club Garlic & Herb Dip 90g,£1.00,(£1.11/100g),fresh_food,pizza_pasta_gbread,2024-11-19
ASDA Medium Stonebaked Thin & Crispy The Sizzler (Typically 415g),£4.00,(£10.72/kg),fresh_food,pizza_pasta_gbread,2024-11-19
ASDA Garlic & Herb Flatbread,£1.90,(77.5p/100g),fresh_food,pizza_pasta_gbread,2024-11-19
ASDA Large Stonebaked Thin & Crispy Cheese Meltdown (Typically 682g),£5.00,(£8.16/kg),fresh_food,pizza_pasta_gbread,2024-11-19
McCain Shake Shake Smoky Barbecue Wedges,£2.50,(£8.20/kg),fresh_food,pizza_pasta_gbread,2024-11-19
Pizza Express Sloppy Giuseppe Spicy Beef 292g,£5.50,(£18.84/kg),fresh_food,pizza_pasta_gbread,2024-11-19
ASDA Take-Out Club Stuffed Crust Cheese Meltdown 598g,£5.00,(£8.36/kg),fresh_food,pizza_pasta_gbread,2024-11-19
"ASDA Extra Special Fennel Sausage, N'duja & Red Pepper Sourdough Pizza 477g",£4.90,(£10.27/kg),fresh_food,pizza_pasta_gbread,2024-11-19
Pizza Express American Hot 385g,£4.50,(£11.69/kg),fresh_food,pizza_pasta_gbread,2024-11-19
ASDA Large Deep Pan The Sizzler (Typically 1081g),£5.00,(£5.14/kg),fresh_food,pizza_pasta_gbread,2024-11-19
ASDA Large Deep Pan Pepperoni Feast (Typically 953g),£5.00,(£5.83/kg),fresh_food,pizza_pasta_gbread,2024-11-19
Pizza Express Classic American,£5.50,(£22.00/kg),fresh_food,pizza_pasta_gbread,2024-11-19
ASDA Extra Special Hand-Stretched Mozzarella & Basil Flatbread,£2.05,(£1.05/100g),fresh_food,pizza_pasta_gbread,2024-11-19
Sprite 1.5L,£2.00,(13.3p/100ml),fresh_food,pizza_pasta_gbread,2024-11-19
ASDA Thin Stonebaked Cheesy Garlic Pizza Bread,£2.20,(£7.72/kg),fresh_food,pizza_pasta_gbread,2024-11-19
ASDA Medium Deep Pan The Sizzler (Typically 480g),£4.00,(£9.26/kg),fresh_food,pizza_pasta_gbread,2024-11-19
ASDA Medium Stonebaked Thin & Crispy Mighty Meat Feast (Typically 396g),£4.00,(£11.24/kg),fresh_food,pizza_pasta_gbread,2024-11-19
ASDA Large Stonebaked Thin & Crispy The Sizzler (Typically 831g),£5.00,(£6.69/kg),fresh_food,pizza_pasta_gbread,2024-11-19
ASDA Extra Special Roast Garlic Ciabatta,£2.05,(82.0p/100g),fresh_food,pizza_pasta_gbread,2024-11-19
ASDA Take-Out Club Waffle Fries 250g,£3.00,(£12.00/kg),fresh_food,pizza_pasta_gbread,2024-11-19
ASDA Hot & Spicy Chicken Wings 280g,£2.50,(89.3p/100g),fresh_food,pizza_pasta_gbread,2024-11-19
Pizza Express Classic Margherita,£5.50,(£22.45/kg),fresh_food,pizza_pasta_gbread,2024-11-19
Pizza Express Pizza Express Pollo American 417g,£4.50,(£10.79/kg),fresh_food,pizza_pasta_gbread,2024-11-19
Pizza Express Pizza Express Pollo ad Astra Chicken & Peppadew Pepper 409g,£4.50,(£11.00/kg),fresh_food,pizza_pasta_gbread,2024-11-19
Coca-Cola Zero Sugar 1.75L,£2.00,(11.4p/100ml),fresh_food,pizza_pasta_gbread,2024-11-19
ASDA Extra Special Caramelised Red Onion & Mozzarella Flatbreads,£2.05,(93.2p/100g),fresh_food,pizza_pasta_gbread,2024-11-19
Pizza Express Spinach & Ricotta 287g,£5.50,(£1.92/100g),fresh_food,pizza_pasta_gbread,2024-11-19
ASDA Take-Out Club Spicy Mayo Dip 90g,£1.00,(£1.11/100g),fresh_food,pizza_pasta_gbread,2024-11-19
Pizza Express BBQ Chicken 272g,£5.50,(£20.22/kg),fresh_food,pizza_pasta_gbread,2024-11-19
ASDA Take-Out Club Classic Doughballs with Garlic Dip 160g,£3.00,(£18.75/kg),fresh_food,pizza_pasta_gbread,2024-11-19
ASDA Medium Stonebaked Thin & Crispy Very Veggie Supreme (Typically 445g),£4.00,(£10.00/kg),fresh_food,pizza_pasta_gbread,2024-11-19
Pizza Express Pizza Express Hawaiian 393g,£4.50,(£11.45/kg),fresh_food,pizza_pasta_gbread,2024-11-19
ASDA Large Deep Pan Cheese Meltdown (Typically 932g),£5.00,(£5.97/kg),fresh_food,pizza_pasta_gbread,2024-11-19
ASDA Take-Out Club Classic Crust Kickin' Meat Feast 492g,£5.00,(£10.16/kg),fresh_food,pizza_pasta_gbread,2024-11-19
ASDA Extra Special Garlic Mushroom Truffle & Mascarpone Sourdough Pizza 471g,£4.90,(£10.40/kg),fresh_food,pizza_pasta_gbread,2024-11-19
ASDA Medium Stonebaked Thin & Crispy Cheese Meltdown (Typically 358g),£4.00,(£12.42/kg),fresh_food,pizza_pasta_gbread,2024-11-19
ASDA Sweet Chilli Dip 30g,£0.50,(£1.67/100g),fresh_food,pizza_pasta_gbread,2024-11-19
ASDA Thin Stonebaked Cheesy Garlic Pizza Bread,£2.20,(£7.72/kg),fresh_food,pizza_pasta_gbread,2024-11-19
ASDA Medium Deep Pan Mighty Meat Feast (Typically 461g),£4.00,(£8.71/kg),fresh_food,pizza_pasta_gbread,2024-11-19
Pizza Express Classic Margherita,£5.50,(£22.45/kg),fresh_food,pizza_pasta_gbread,2024-11-19
ASDA Hot & Spicy Chicken Wings 280g,£2.50,(89.3p/100g),fresh_food,pizza_pasta_gbread,2024-11-19
ASDA Medium Stonebaked Thin & Crispy Mighty Meat Feast (Typically 396g),£4.00,(£11.24/kg),fresh_food,pizza_pasta_gbread,2024-11-19
ASDA Extra Special Roast Garlic Ciabatta,£2.05,(82.0p/100g),fresh_food,pizza_pasta_gbread,2024-11-19
ASDA Take-Out Club Waffle Fries 250g,£3.00,(£12.00/kg),fresh_food,pizza_pasta_gbread,2024-11-19
ASDA Large Stonebaked Thin & Crispy The Sizzler (Typically 831g),£5.00,(£6.69/kg),fresh_food,pizza_pasta_gbread,2024-11-19
ASDA 12 Garlic Dough Balls 165g,£2.50,(£2.50/each),fresh_food,pizza_pasta_gbread,2024-11-19
ASDA Large Deep Pan Mighty Meat Feast (Typically 1043g),£5.00,(£5.33/kg),fresh_food,pizza_pasta_gbread,2024-11-19
ASDA Take-Out Club Mozzarella Sticks 240g,£3.00,(£12.50/kg),fresh_food,pizza_pasta_gbread,2024-11-19
Pizza Express Pizza Express Margherita Formaggi 393g,£4.50,(£11.45/kg),fresh_food,pizza_pasta_gbread,2024-11-19
ASDA Take-Out Club Mac & Cheese Bites 200g,£3.00,(£15.00/kg),fresh_food,pizza_pasta_gbread,2024-11-19
ASDA Medium Deep Pan The Sizzler (Typically 480g),£4.00,(£9.26/kg),fresh_food,pizza_pasta_gbread,2024-11-19
ASDA Take-Out Club Garlic & Herb Potato Dippers 307g,£3.00,(£9.77/kg),fresh_food,pizza_pasta_gbread,2024-11-19
ASDA Large Stonebaked Thin & Crispy Very Veggie Supreme (Typically 891g),£5.00,(£6.24/kg),fresh_food,pizza_pasta_gbread,2024-11-19
ASDA Cheesy Jalapeño Poppers 200g,£2.50,(£1.25/100g),fresh_food,pizza_pasta_gbread,2024-11-19
McCain Shake Shake Spanish Smoked Paprika Fries,£2.50,(£8.25/kg),fresh_food,pizza_pasta_gbread,2024-11-19
ASDA Medium Stonebaked Thin & Crispy Pepperoni Feast (Typically 354g),£4.00,(£12.58/kg),fresh_food,pizza_pasta_gbread,2024-11-19
ASDA Spicy Potato Wedges 400g,£2.50,(£6.25/kg),fresh_food,pizza_pasta_gbread,2024-11-19
McCain Sea Salt & Cracked Black Pepper Shake Shake Fries 300g,£2.50,(£8.25/kg),fresh_food,pizza_pasta_gbread,2024-11-19
ASDA Chicken Popcorn Bites 200g,£2.50,(£1.25/100g),fresh_food,pizza_pasta_gbread,2024-11-19
ASDA Large Stonebaked Thin & Crispy Pepperoni Feast (Typically 703g),£5.00,(£7.91/kg),fresh_food,pizza_pasta_gbread,2024-11-19
ASDA BBQ Dip 30g,£0.50,(£1.67/100g),fresh_food,pizza_pasta_gbread,2024-11-19
ASDA Take-Out Club Crispy Chicken Strips 200g,£3.00,(£15.00/kg),fresh_food,pizza_pasta_gbread,2024-11-19
ASDA Extra Special Spicy Salami Spianata & Hot Honey Sourdough Pizza 465g,£4.90,(£10.54/kg),fresh_food,pizza_pasta_gbread,2024-11-19
ASDA Garlic & Herb Doughballs 165g,£1.90,(£1.15/100g),fresh_food,pizza_pasta_gbread,2024-11-19
ASDA Take-Out Club Stuffed Crust Loaded Pepperoni 630g,£5.00,(£7.94/kg),fresh_food,pizza_pasta_gbread,2024-11-19
ASDA Medium Deep Pan Pepperoni Feast (Typically 419g),£4.00,(£10.61/kg),fresh_food,pizza_pasta_gbread,2024-11-19
Bistro by ASDA Tomato Mozzarella & Pesto Focaccia 300g,£3.00,(£10.00/kg),fresh_food,pizza_pasta_gbread,2024-11-19
ASDA Large Deep Pan Very Veggie Supreme (Typically 1141g),£5.00,(£4.87/kg),fresh_food,pizza_pasta_gbread,2024-11-19
Fanta Orange 1.5L,£2.00,(13.3p/100ml),fresh_food,pizza_pasta_gbread,2024-11-19
"ASDA Extra Special Pesto Chicken, Mozzarella & Sunblush Tomato Sourdough Pizza 487g",£4.90,(£10.06/kg),fresh_food,pizza_pasta_gbread,2024-11-19
"ASDA Extra Special Buffalo Mozzarella, Sunblush Tomato & Pesto Sourdough Pizza 206g",£3.50,(£16.99/kg),fresh_food,pizza_pasta_gbread,2024-11-19
ASDA Take-Out Club Stuffed Crust Loaded Pepperoni 630g,£5.00,(£7.94/kg),fresh_food,pizza_pasta_gbread,2024-11-19
ASDA Coleslaw,£1.00,(33.3p/100g),fresh_food,pizza_pasta_gbread,2024-11-19
Scoville Neverstick 38cm Baking Tray,£15.00,(£15.00/each),fresh_food,pizza_pasta_gbread,2024-11-19
Scoville Neverstick 30cm Pizza Tray,£12.00,(£12.00/each),fresh_food,pizza_pasta_gbread,2024-11-19
Gino D'Acampo 38cm Oven Tray,£7.00,(£7.00/each),fresh_food,pizza_pasta_gbread,2024-11-19
George Home Non-Stick Grey Oven Tray,£1.25,(£1.25/each),fresh_food,pizza_pasta_gbread,2024-11-19
George Home Non-Stick Oven Tray,£3.00,(£3.00/each),fresh_food,pizza_pasta_gbread,2024-11-19
Scoville Expert 35cm Oven Tray,£12.00,(£12.00/each),fresh_food,pizza_pasta_gbread,2024-11-19
Gino D'Acampo Black Pizza Tray 15 Inch,£7.00,(£7.00/each),fresh_food,pizza_pasta_gbread,2024-11-19
George Home Oven Tray,£4.50,(£4.50/each),fresh_food,pizza_pasta_gbread,2024-11-19
George Home Non-Stick Pizza Tray,£2.50,(£2.50/each),fresh_food,pizza_pasta_gbread,2024-11-19
Gino D'Acampo Black Pizza Tray 12 Inch,£5.00,(£5.00/each),fresh_food,pizza_pasta_gbread,2024-11-19
ASDA Potato Salad,£1.10,(36.7p/100g),fresh_food,pizza_pasta_gbread,2024-11-19
Scoville Neverstick Medium Oven Tray,£10.00,(£10.00/each),fresh_food,pizza_pasta_gbread,2024-11-19
Tefal Non-Stick Oven Tray 40cm,£10.00,(£10.00/each),fresh_food,pizza_pasta_gbread,2024-11-19
George Home Excellence Oven Tray,£6.00,(£6.00/each),fresh_food,pizza_pasta_gbread,2024-11-19
Wall's Deep Dish Pizza Pie Pepperoni 150g,£3.00,(£2.00/100g),fresh_food,pizza_pasta_gbread,2024-11-19
Wall's Deep Dish Pizza Pie Three Cheese 150g,£3.00,(£2.00/100g),fresh_food,pizza_pasta_gbread,2024-11-19
Tefal Non-Stick Oven Tray Small,£8.00,(£8.00/each),fresh_food,pizza_pasta_gbread,2024-11-19
Gino D'Acampo 33cm Oven Tray,£6.00,(£6.00/each),fresh_food,pizza_pasta_gbread,2024-11-19
George Home Non-stick Roaster,£1.50,(£1.50/each),fresh_food,pizza_pasta_gbread,2024-11-19
Scoville Neverstick Large Oven Tray,£12.00,(£12.00/each),fresh_food,pizza_pasta_gbread,2024-11-19
George Home Enamel Oven Tray,£4.00,(£4.00/each),fresh_food,pizza_pasta_gbread,2024-11-19
Scoville Expert Neverstick+ 31cm Baking Tray,£10.00,(£10.00/each),fresh_food,pizza_pasta_gbread,2024-11-19
George Home Roaster,£5.50,(£5.50/each),fresh_food,pizza_pasta_gbread,2024-11-19
George Home Non-Stick Pizza & Chip Tray,£3.00,(£3.00/each),fresh_food,pizza_pasta_gbread,2024-11-19
George Home Non-stick Oven Tray 32cm,£1.25,(£1.25/each),fresh_food,pizza_pasta_gbread,2024-11-19
Scoville Pro Neverstick+ 36cm Baking Tray,£16.00,(£16.00/each),fresh_food,pizza_pasta_gbread,2024-11-19
La Famiglia Rana Garlic & Mozzarella Filled Pan-Fry Gnocchi 280g,£3.00,(£10.71/kg),fresh_food,pizza_pasta_gbread,2024-11-19
La Famiglia Rana Tomato & Mozzarella Filled Pan-Fry GnocchI,£3.00,(£10.71/kg),fresh_food,pizza_pasta_gbread,2024-11-19
La Famiglia Rana Filled Pan-Fry Gnocchi Spinach & Mozzarella,£3.00,(£10.71/kg),fresh_food,pizza_pasta_gbread,2024-11-19
ASDA Garlic & Herb Flatbread,£1.90,(77.5p/100g),fresh_food,pizza_pasta_gbread,2024-11-19
ASDA Garlic & Herb Doughballs 165g,£1.90,(£1.15/100g),fresh_food,pizza_pasta_gbread,2024-11-19
ASDA 4 Garlic & Herb Ciabatta Breadsticks 130g,£1.95,(£1.50/100g),fresh_food,pizza_pasta_gbread,2024-11-19
ASDA 8 Garlic & Herb Baguette Slices 220g,£1.90,(86.4p/100g),fresh_food,pizza_pasta_gbread,2024-11-19
ASDA Tomato & Garlic Flatbread 250g,£1.95,(78.0p/100g),fresh_food,pizza_pasta_gbread,2024-11-19
ASDA Garlic & Herb Baguette,£1.10,(52.4p/100g),fresh_food,pizza_pasta_gbread,2024-11-19
ASDA Extra Special Roast Garlic Ciabatta 250g,£2.05,(82.0p/100g),fresh_food,pizza_pasta_gbread,2024-11-19
ASDA Cheese & Garlic Flatbread 250g,£1.90,(76.0p/100g),fresh_food,pizza_pasta_gbread,2024-11-19
La Famiglia Rana Chicken & Smoked Pancetta Fresh Tortelloni,£2.50,(£10.00/kg),fresh_food,pizza_pasta_gbread,2024-11-19
La Famiglia Rana Prosciutto Cotto & Mozzarella Fresh Tortelloni,£2.50,(£10.00/kg),fresh_food,pizza_pasta_gbread,2024-11-19
ASDA Sweet Tomato & Basil Pasta Sauce,£1.90,(54.3p/100g),fresh_food,pizza_pasta_gbread,2024-11-19
ASDA Spicy Arrabiatta Sauce,£1.90,(54.3p/100g),fresh_food,pizza_pasta_gbread,2024-11-19
ASDA Creamy Tomato & Mascarpone Pasta Sauce 350g,£1.90,(54.3p/100g),fresh_food,pizza_pasta_gbread,2024-11-19
ASDA Extra Special Puttanesca Sauce 180g,£2.75,(£1.53/100g),fresh_food,pizza_pasta_gbread,2024-11-19
ASDA Extra Special Butternut Squash & Pine Nut Girasole,£3.25,(£13.00/kg),fresh_food,pizza_pasta_gbread,2024-11-19
ASDA Extra Special Nduja & Red Pepper Ravioli,£3.25,(£13.00/kg),fresh_food,pizza_pasta_gbread,2024-11-19
ASDA Extra Special Porcini Mushroom & Truffle Mezzelune,£3.25,(£13.00/kg),fresh_food,pizza_pasta_gbread,2024-11-19
ASDA Bronze Die Pappardelle 350g,£3.25,(£9.29/kg),fresh_food,pizza_pasta_gbread,2024-11-19
ASDA Extra Special Bronze Die Fusilli Gigante 350g,£3.25,(£9.29/kg),fresh_food,pizza_pasta_gbread,2024-11-19
ASDA Chicken & Bacon Tortelloni Serves 2 300g,£2.00,(£6.67/kg),fresh_food,pizza_pasta_gbread,2024-11-19
ASDA Spicy Sausage Tortelloni Serves 2 300g,£2.00,(£6.67/kg),fresh_food,pizza_pasta_gbread,2024-11-19
ASDA Four Cheese Tortelloni Serves 2 300g,£2.00,(£6.67/kg),fresh_food,pizza_pasta_gbread,2024-11-19
ASDA Spinach & Ricotta Tortelloni Serves 2 300g,£2.00,(£6.67/kg),fresh_food,pizza_pasta_gbread,2024-11-19
ASDA Smoky Carbonara Pasta Sauce,£1.90,(54.3p/100g),fresh_food,pizza_pasta_gbread,2024-11-19
ASDA Fresh Egg Tagliatelle Pasta Serves 4,£2.00,(£4.00/kg),fresh_food,pizza_pasta_gbread,2024-11-19
ASDA Bolognese Tortelloni Serves 2 300g,£2.00,(£6.67/kg),fresh_food,pizza_pasta_gbread,2024-11-19
ASDA Rich Cheese Sauce 350g,£1.90,(54.3p/100g),fresh_food,pizza_pasta_gbread,2024-11-19
ASDA Ham & Cheese Tortelloni Serves 2 300g,£2.00,(£6.67/kg),fresh_food,pizza_pasta_gbread,2024-11-19
ASDA 8 Cheese & Garlic Baguette Slices,£1.90,(£7.31/kg),fresh_food,pizza_pasta_gbread,2024-11-19
ASDA Fresh Egg Penne Pasta Serves 4,£2.00,(£4.00/kg),fresh_food,pizza_pasta_gbread,2024-11-19
ASDA Extra Special Creamy Chestnut Mushroom & Truffle Sauce 350g,£2.75,(78.6p/100g),fresh_food,pizza_pasta_gbread,2024-11-19
ASDA Fresh Gnocchi 500g,£2.00,(£4.00/kg),fresh_food,pizza_pasta_gbread,2024-11-19
ASDA Extra Special Caramelised Red Onion & Mozzarella Flatbreads,£2.05,(93.2p/100g),fresh_food,pizza_pasta_gbread,2024-11-19
La Famiglia Rana Spinach & Ricotta Fresh Tortelloni,£2.50,(£10.00/kg),fresh_food,pizza_pasta_gbread,2024-11-19
ASDA Fresh Egg Lasagne Sheets Serves 6,£2.00,(£6.67/kg),fresh_food,pizza_pasta_gbread,2024-11-19
La Famiglia Rana Sicilian Style Vegetables Chopped & Chunky Fresh Sauce 200g,£2.00,(£1.00/100g),fresh_food,pizza_pasta_gbread,2024-11-19
ASDA Extra Special Basil Pesto 130g,£2.75,(£2.12/100g),fresh_food,pizza_pasta_gbread,2024-11-19
"ASDA Extra Special Pomodorini Tomato, Mozzarella & Garlic Flatbread 215g",£2.05,(95.3p/100g),fresh_food,pizza_pasta_gbread,2024-11-19
ASDA Fresh Egg Fusilli Pasta Serves 4,£2.00,(£4.00/kg),fresh_food,pizza_pasta_gbread,2024-11-19
ASDA Extra Special Hand-Stretched Mozzarella & Basil Flatbread,£2.05,(£1.05/100g),fresh_food,pizza_pasta_gbread,2024-11-19
ASDA Thin Stonebaked Cheesy Garlic Pizza Bread,£2.20,(£7.72/kg),fresh_food,pizza_pasta_gbread,2024-11-19
ASDA Extra Special Chargrilled Mediterranean Vegetable Sauce 350g,£2.75,(78.6p/100g),fresh_food,pizza_pasta_gbread,2024-11-19
ASDA Extra Special Nduja & Mascarpone Sauce Pasta Sauce,£2.75,(78.6p/100g),fresh_food,pizza_pasta_gbread,2024-11-19
La Famiglia Rana Sundried Tomato & Pecorino Cheese Chopped & Chunky Fresh Sauce 200g,£2.00,(£1.00/100g),fresh_food,pizza_pasta_gbread,2024-11-19
La Famiglia Rana Mushroom & Ricotta Fresh Tortelloni,£2.50,(£10.00/kg),fresh_food,pizza_pasta_gbread,2024-11-19
"ASDA Extra Special Burrata, Roasted Cherry Tomato & Basil Ravioli",£3.25,(£13.00/kg),fresh_food,pizza_pasta_gbread,2024-11-19
La Famiglia Rana Mushroom & Roasted Garlic Chopped & Chunky Fresh Sauce 200g,£2.00,(£1.00/100g),fresh_food,pizza_pasta_gbread,2024-11-19
ASDA Extra Special Roast Garlic Ciabatta,£2.05,(82.0p/100g),fresh_food,pizza_pasta_gbread,2024-11-19
La Famiglia Rana Aubergine Parmigiana Fresh Tortelloni 2,£2.50,(£10.00/kg),fresh_food,pizza_pasta_gbread,2024-11-19
Pizza Express Garlic & Mozzarella Flatbread,£2.00,(£6.90/kg),fresh_food,pizza_pasta_gbread,2024-11-19
Pizza Express Original Dough Balls with Garlic Butter Dip,£2.15,(£2.26/100g),fresh_food,pizza_pasta_gbread,2024-11-19
George Home Roaster,£5.50,(£5.50/each),fresh_food,pizza_pasta_gbread,2024-11-19
Bistro by ASDA Tomato Mozzarella & Pesto Focaccia 300g,£3.00,(£10.00/kg),fresh_food,pizza_pasta_gbread,2024-11-19
ASDA 2 Garlic & Herb Baguettes,£1.80,(42.9p/100g),fresh_food,pizza_pasta_gbread,2024-11-19
Pizza Express Original Dough Balls with Garlic Butter Dip,£3.50,(£1.75/100g),fresh_food,pizza_pasta_gbread,2024-11-19
JUST ESSENTIALS by ASDA Garlic Bread Baguette,£0.37,(21.8p/100g),fresh_food,pizza_pasta_gbread,2024-11-19
Hovis Granary Wholemeal Bread,£1.60,(20.0p/100g),bakery,bakery,2024-11-19
Schar Gluten-Free Brioche Burger Buns,£1.75,(£1.09/100g),bakery,bakery,2024-11-19
Schar Gluten-Free Balance of Both 475g,£2.50,(52.6p/100g),bakery,bakery,2024-11-19
Schar Gluten Free White Ciabatta Rolls,£2.00,(£1.00/100g),bakery,bakery,2024-11-19
Schar Gluten-Free White and Wholegrain Flour Rolls 260g,£2.00,(76.9p/100g),bakery,bakery,2024-11-19
Schar Gluten Free Brown Ciabatta Rolls,£2.00,(£1.00/100g),bakery,bakery,2024-11-19
Schar Gluten Free Wholesome Seeded Loaf,£2.50,(83.3p/100g),bakery,bakery,2024-11-19
Schar Gluten Free Wholesome White Loaf,£2.50,(83.3p/100g),bakery,bakery,2024-11-19
Schar Gluten-Free Brioche Burger Buns,£1.75,(£1.09/100g),bakery,bakery,2024-11-19
Schar Gluten Free White Ciabatta Rolls,£2.00,(£1.00/100g),bakery,bakery,2024-11-19
Schar Gluten-Free White and Wholegrain Flour Rolls 260g,£2.00,(76.9p/100g),bakery,bakery,2024-11-19
Schar Gluten Free Brown Ciabatta Rolls,£2.00,(£1.00/100g),bakery,bakery,2024-11-19
Schar Gluten Free White Rolls,£3.00,(£8.62/kg),bakery,bakery,2024-11-19
Schar Gluten Free Waffles,£2.00,(£2.00/100g),bakery,bakery,2024-11-19
Schar Gluten Free Wholesome Seeded Loaf,£2.50,(83.3p/100g),bakery,bakery,2024-11-19
Schar Gluten Free Wholesome White Loaf,£2.50,(83.3p/100g),bakery,bakery,2024-11-19
Linda McCartney's 2 Linda's Best Burgers 227g,£3.00,(£13.22/kg),frozen,frozen_vegetarian,2024-11-19
Linda McCartney's 6 Vegetarian Lincolnshire Sausages 270g,£2.20,(£8.15/kg),frozen,frozen_vegetarian,2024-11-19
Quorn Vegetarian Chicken Pieces,£2.50,(£8.33/kg),frozen,frozen_vegetarian,2024-11-19
Quorn Vegetarian Crispy Nuggets,£2.95,(£6.20/kg),frozen,frozen_vegetarian,2024-11-19
Quorn Vegetarian Mince,£2.50,(£8.33/kg),frozen,frozen_vegetarian,2024-11-19
Quorn Vegetarian 2 Quarter Pounder,£2.64,(£11.63/kg),frozen,frozen_vegetarian,2024-11-19
Linda McCartney's 2 Vegetarian 1/4 lb Burgers 227g,£2.50,(£11.01/kg),frozen,frozen_vegetarian,2024-11-19
Linda McCartney's 6 Vegan & Vegetarian Red Onion & Rosemary Sausages,£2.50,(£9.26/kg),frozen,frozen_vegetarian,2024-11-19
Plant Based by ASDA 4 Spicy Bean Burgers,£2.10,(£4.63/kg),frozen,frozen_vegetarian,2024-11-19
Quorn Vegetarian Mince,£2.95,(£5.90/kg),frozen,frozen_vegetarian,2024-11-19
Quorn Vegetarian Chicken Pieces,£2.95,(£5.90/kg),frozen,frozen_vegetarian,2024-11-19
Quorn Vegetarian 8 Sausages,£2.50,(£7.44/kg),frozen,frozen_vegetarian,2024-11-19
Quorn Vegetarian 4 Southern Fried Burgers,£2.65,(£10.52/kg),frozen,frozen_vegetarian,2024-11-19
Quorn Vegan Chicken Pieces,£2.50,(£8.93/kg),frozen,frozen_vegetarian,2024-11-19
Quorn Vegetarian Crispy Nuggets,£2.50,(£8.33/kg),frozen,frozen_vegetarian,2024-11-19
Linda McCartney's 2 Vegetarian Quick Cook Lamb Steaks 220g,£2.50,(£11.36/kg),frozen,frozen_vegetarian,2024-11-19
Linda McCartney's 2 Vegetarian Quick Cook Chicken Steaks 220g,£2.50,(£11.36/kg),frozen,frozen_vegetarian,2024-11-19
Richmond 8 Vegan Meat-Free Tasty Sausages,£1.75,(£5.76/kg),frozen,frozen_vegetarian,2024-11-19
Quorn Vegetarian 2 Garlic & Mushroom Escalopes,£2.65,(£11.04/kg),frozen,frozen_vegetarian,2024-11-19
Plant Based by ASDA 4 Veggie Burgers,£2.00,(£4.41/kg),frozen,frozen_vegetarian,2024-11-19
Plant Based by ASDA Meat-Free Mince,£2.00,(£4.41/kg),frozen,frozen_vegetarian,2024-11-19
Plant Based by ASDA 8 Meat-Free Burgers 454g,£2.25,(£4.96/kg),frozen,frozen_vegetarian,2024-11-19
Quorn Vegetarian 12 Sausages,£2.95,(£5.85/kg),frozen,frozen_vegetarian,2024-11-19
Asda Vegetarian Vegetarian 2 Cheese & Spring Onion Crispbakes,£2.10,(75.0p/100g),frozen,frozen_vegetarian,2024-11-19
Asda Vegetarian 2 Pesto & Mozzarella Melts,£2.50,(£8.93/kg),frozen,frozen_vegetarian,2024-11-19
Asda Vegetarian Vegetarian 4 Cauliflower Cheese Crispy Grills,£2.10,(£5.29/kg),frozen,frozen_vegetarian,2024-11-19
Quorn Vegetarian Southern Fried Bites,£2.50,(£8.33/kg),frozen,frozen_vegetarian,2024-11-19
"ASDA Veggie 2 Halloumi, Red Pepper & Avocado Bakes",£2.10,(£9.55/kg),frozen,frozen_vegetarian,2024-11-19
Chicago Town Fully Loaded Deep Dish 2 Four Cheese Pizzas 2 x 148g (296g),£1.25,(£4.22/kg),frozen,frozen_vegetarian,2024-11-19
Chicago Town Cheese & Tomato Pizza Subs,£1.00,(£4.00/kg),frozen,frozen_vegetarian,2024-11-19
Plant Based by ASDA 16 Veggie Fingers,£2.00,(£4.42/kg),frozen,frozen_vegetarian,2024-11-19
Birds Eye 10 Green Cuisine Vegan Veggie Fingers,£1.80,(£6.34/kg),frozen,frozen_vegetarian,2024-11-19
Quorn Vegetarian Chicken Fillets,£2.50,(£8.01/kg),frozen,frozen_vegetarian,2024-11-19
Quorn 25 Mini Sausage Rolls 500g,£2.95,(£5.90/kg),frozen,frozen_vegetarian,2024-11-19
Quorn Cheesy Nacho Nuggs 240g,£2.50,(£10.00/kg),frozen,frozen_vegetarian,2024-11-19
Fry's 8 Plant-Based Original Hot Dogs 360g,£3.00,(£8.33/kg),frozen,frozen_vegetarian,2024-11-19
Quorn 2 Cheese & Broccoli Escalopes,£2.65,(£11.04/kg),frozen,frozen_vegetarian,2024-11-19
Quorn Meat Free Swedish Style Balls,£2.50,(£8.33/kg),frozen,frozen_vegetarian,2024-11-19
Quorn Vegetarian Roast,£3.25,(£7.16/kg),frozen,frozen_vegetarian,2024-11-19
Dr. Oetker Ristorante Mushroom Pizza,£3.00,(£8.22/kg),frozen,frozen_vegetarian,2024-11-19
Linda McCartney's 2 Vegetarian Mozzarella 1/4 lb Burgers 227g,£2.50,(£11.01/kg),frozen,frozen_vegetarian,2024-11-19
Quorn Vegetarian 2 Chicken & Bacon Lattice,£2.65,(£8.83/kg),frozen,frozen_vegetarian,2024-11-19
OMV! Deliciously Vegan No Chicken Fillets with Katsu Sauce 240g,£2.00,(£8.33/kg),frozen,frozen_vegetarian,2024-11-19
OMV! Deliciously Vegan No Pork Ribs with BBQ Sauce 240g,£2.00,(£8.33/kg),frozen,frozen_vegetarian,2024-11-19
Plant Based by ASDA Meat-Free Meatballs,£2.00,(£5.00/kg),frozen,frozen_vegetarian,2024-11-19
Strong Roots 9 Cauliflower Hash Brown 375g,£2.50,(£6.67/kg),frozen,frozen_vegetarian,2024-11-19
Quorn Vegetarian Bacon Slices,£2.64,(£17.60/kg),frozen,frozen_vegetarian,2024-11-19
ASDA 4 Cheese & Tomato Mini Pizzas,£2.50,(£7.02/kg),frozen,frozen_vegetarian,2024-11-19
Quorn Vegetarian Steak Strips,£2.50,(£8.33/kg),frozen,frozen_vegetarian,2024-11-19
Quorn 2 Garlic & Herb Fillets,£2.65,(£13.25/kg),frozen,frozen_vegetarian,2024-11-19
ASDA Free From Cheese & Spring Onion Bakes,£2.05,(89.1p/100g),frozen,frozen_vegetarian,2024-11-19
Linda McCartney's 6 Vegetarian Sausages,£2.30,(£8.52/kg),frozen,frozen_vegetarian,2024-11-19
ASDA Free From Margherita Pizza,£2.60,(£6.84/kg),frozen,frozen_vegetarian,2024-11-19
This Isn't Chicken Pieces 250g,£3.00,(£12.00/kg),frozen,frozen_vegetarian,2024-11-19
Quorn 2 Crispy Fillets,£2.65,(£13.25/kg),frozen,frozen_vegetarian,2024-11-19
Goodfella's Takeaway The Big Cheese Pizza,£4.50,(£8.11/kg),frozen,frozen_vegetarian,2024-11-19
Quorn Vegetarian Chicken & Leek Family Pie,£3.50,(£5.15/kg),frozen,frozen_vegetarian,2024-11-19
This Isn't Chicken Tenders 240g,£3.00,(£12.50/kg),frozen,frozen_vegetarian,2024-11-19
Linda McCartney's 2 Vegetarian Chicken Pesto Burgers 227g,£2.50,(£11.01/kg),frozen,frozen_vegetarian,2024-11-19
Goodfella's Deep Pan Baked Deliciously Cheesy 421g,£2.50,(£5.94/kg),frozen,frozen_vegetarian,2024-11-19
Dr. Oetker Ristorante Margherita Pomodori Vegan Pizza,£3.25,(£9.56/kg),frozen,frozen_vegetarian,2024-11-19
ASDA Free From 10 Vegetable Dippers,£2.40,(£8.00/kg),frozen,frozen_vegetarian,2024-11-19
Goodfella's Gluten Free Margherita Pizza,£4.00,(£12.20/kg),frozen,frozen_vegetarian,2024-11-19
Chicago Town Takeaway Cheesy Stuffed Crust Cheese Pizza,£4.50,(£7.14/kg),frozen,frozen_vegetarian,2024-11-19
One Planet Pizza Sourdough Peppernomi Plant-Based Pizza,£4.00,(£12.86/kg),frozen,frozen_vegetarian,2024-11-19
Richmond Meat Free No-Chicken Chargrilled Pieces 220g,£2.50,(£11.36/kg),frozen,frozen_vegetarian,2024-11-19
Kirsty's Classic Vegan Margherita Pizza,£3.50,(£11.11/kg),frozen,frozen_vegetarian,2024-11-19
Schar Gluten-Free Pizza Margherita with Sourdough 300g,£3.25,(£10.83/kg),frozen,frozen_vegetarian,2024-11-19
OMV! Deliciously Vegan Southern Fried No Chicken Poppers 300g,£2.00,(£6.67/kg),frozen,frozen_vegetarian,2024-11-19
This Isn't Pork Sausages 270g,£3.00,(£11.11/kg),frozen,frozen_vegetarian,2024-11-19
Chicago Town Takeaway Large Stuffed Cheese Pizza,£3.00,(£4.76/kg),frozen,frozen_vegetarian,2024-11-19
Chicago Town Takeaway Vegan Medium Stuffed Sticky BBQ Jackfruit Pizza,£4.00,(£8.16/kg),frozen,frozen_vegetarian,2024-11-19
Quorn Ham Roast 400g,£3.25,(£8.12/kg),frozen,frozen_vegetarian,2024-11-19
ASDA Takeaway Stuffed Crust Cheese Feast Pizza,£2.75,(£6.18/kg),frozen,frozen_vegetarian,2024-11-19
OMV! Deliciously Vegan Roasted Veg & Houmous Pizza,£2.00,(£5.33/kg),frozen,frozen_vegetarian,2024-11-19
Chicago Town Takeaway Medium Stuffed Crust Cheese Pizza,£3.15,(£6.56/kg),frozen,frozen_vegetarian,2024-11-19
Goodfella's 2 Triple Cheese Pizza Pockets,£2.30,(£9.20/kg),frozen,frozen_vegetarian,2024-11-19
Linda McCartney's 10 Vegetarian Sausages,£2.90,(£6.44/kg),frozen,frozen_vegan,2024-11-19
Linda McCartney's 6 Vegan & Vegetarian Red Onion & Rosemary Sausages,£2.50,(£9.26/kg),frozen,frozen_vegan,2024-11-19
Birds Eye Green Cuisine Vegan Chicken Free Southern Fried Strips,£2.50,(£11.90/kg),frozen,frozen_vegan,2024-11-19
Quorn Vegan Chicken Pieces,£2.50,(£8.93/kg),frozen,frozen_vegan,2024-11-19
Plant Based by ASDA 4 Meat-Free Sausage Rolls,£1.31,(29.8p/100g),frozen,frozen_vegan,2024-11-19
OMV! Deliciously Vegan 2 Salt & Vinegar Battered No Pork Sausages 170g,£1.80,(£10.59/kg),frozen,frozen_vegan,2024-11-19
Birds Eye 12 Green Cuisine Vegan Fishless Fingers,£3.00,(£8.93/kg),frozen,frozen_vegan,2024-11-19
OMV! Deliciously Vegan Roasted Veg & Houmous Pizza,£2.00,(£5.33/kg),frozen,frozen_vegan,2024-11-19
OMV! Deliciously Vegan Southern Fried No Chicken Poppers 300g,£2.00,(£6.67/kg),frozen,frozen_vegan,2024-11-19
Dr. Oetker Ristorante Margherita Pomodori Vegan Pizza,£3.25,(£9.56/kg),frozen,frozen_vegan,2024-11-19
OMV! Deliciously Vegan No Pork Ribs with BBQ Sauce 240g,£2.00,(£8.33/kg),frozen,frozen_vegan,2024-11-19
Richmond 8 Vegan Meat-Free Tasty Sausages,£1.75,(£5.76/kg),frozen,frozen_vegan,2024-11-19
Birds Eye Green Cuisine Vegan Chicken Free Dippers,£2.90,(£13.18/kg),frozen,frozen_vegan,2024-11-19
OMV! Deliciously Vegan No Chicken Fillets with Katsu Sauce 240g,£2.00,(£8.33/kg),frozen,frozen_vegan,2024-11-19
Plant Based by ASDA 16 Veggie Fingers,£2.00,(£4.42/kg),frozen,frozen_vegan,2024-11-19
Plant Based by ASDA 4 Spicy Bean Burgers,£2.10,(£4.63/kg),frozen,frozen_vegan,2024-11-19
Quorn Vegan Takeaway 2 Crunchy Fillet Burgers,£2.50,(£13.16/kg),frozen,frozen_vegan,2024-11-19
Fry's 8 Plant-Based Original Hot Dogs 360g,£3.00,(£8.33/kg),frozen,frozen_vegan,2024-11-19
Quorn Roarsomes Vegan Dinosaurs,£2.65,(£11.04/kg),frozen,frozen_vegan,2024-11-19
Plant Based by ASDA Veggie Tikka Masala & Rice,£1.85,(£4.62/kg),frozen,frozen_vegan,2024-11-19
This Isn't Chicken Pieces 250g,£3.00,(£12.00/kg),frozen,frozen_vegan,2024-11-19
Swedish Glace Vanilla Soy Ice Cream Alternative,£3.00,(40.0p/100ml),frozen,frozen_vegan,2024-11-19
Plant Based by ASDA Meat-Free Meatballs,£2.00,(£5.00/kg),frozen,frozen_vegan,2024-11-19
Birds Eye Green Cuisine 2 Fish-Less Battered Fillets 240g,£3.00,(£12.50/kg),frozen,frozen_vegan,2024-11-19
Little Moons Mochi Sorbet Refreshos Pineapple & Mandarin 6 x 32g (192g),£3.75,(£1.95/100g),frozen,frozen_vegan,2024-11-19
Kirsty's Luxury Apple Pie,£3.30,(£1.02/100g),frozen,frozen_vegan,2024-11-19
Kirsty's Mac & Cheeze with a Gluten-Free Crumb,£3.00,(£10.91/kg),frozen,frozen_vegan,2024-11-19
This Isn't Chicken Tenders 240g,£3.00,(£12.50/kg),frozen,frozen_vegan,2024-11-19
Plant Based by ASDA 8 Meat-Free Burgers 454g,£2.25,(£4.96/kg),frozen,frozen_vegan,2024-11-19
Little Moons Vegan Passionfruit & Mango Mochi Ice Cream,£5.00,(£2.60/100g),frozen,frozen_vegan,2024-11-19
Kirsty's Luxury Vegan Carrot Cake,£3.30,(£1.83/100g),frozen,frozen_vegan,2024-11-19
OMV! Deliciously Vegan 2 No Beef Burgers 227g,£2.30,(£10.13/kg),frozen,frozen_vegan,2024-11-19
Del Monte 3 100% Juice Orange Lollies,£1.75,(77.8p/100ml),frozen,frozen_vegan,2024-11-19
Little Moons Mochi Sorbet Refreshos Very Berry 6 x 32g (192g),£3.75,(£1.95/100g),frozen,frozen_vegan,2024-11-19
Birds Eye 4 Green Cuisine Veggie Quarter Pounders 454g,£3.10,(£6.83/kg),frozen,frozen_vegan,2024-11-19
One Planet Pizza Sourdough Peppernomi Plant-Based Pizza,£4.00,(£12.86/kg),frozen,frozen_vegan,2024-11-19
Magnum Vegan Ice Cream Sticks Raspberry Swirl 3 x 90 ml,£4.00,(£1.48/100ml),frozen,frozen_vegan,2024-11-19
Richmond Meat Free No-Chicken Chargrilled Pieces 220g,£2.50,(£11.36/kg),frozen,frozen_vegan,2024-11-19
Kirsty's Classic Vegan Margherita Pizza,£3.50,(£11.11/kg),frozen,frozen_vegan,2024-11-19
Magnum Vegan Ice Cream Sticks Classic 3 x 90 ml,£4.00,(£1.48/100ml),frozen,frozen_vegan,2024-11-19
This Isn't Pork Sausages 270g,£3.00,(£11.11/kg),frozen,frozen_vegan,2024-11-19
Aunt Bessie's Bramley Apple Pie,£2.50,(45.5p/100g),frozen,frozen_vegan,2024-11-19
Chicago Town Takeaway Vegan Medium Stuffed Sticky BBQ Jackfruit Pizza,£4.00,(£8.16/kg),frozen,frozen_vegan,2024-11-19
Plant Based by ASDA Veggie Lasagne,£3.00,(£7.50/kg),frozen,frozen_vegan,2024-11-19
ASDA Chicken Breast Fillets 600g,£4.10,(£6.83/kg),frozen,frozen_meat_poultry,2024-11-19
ASDA Chicken Breast Fillets 1kg,£6.00,(£6.00/kg),frozen,frozen_meat_poultry,2024-11-19
ASDA 38 Breaded Chicken Nuggets 670g,£3.00,(£4.48/kg),frozen,frozen_meat_poultry,2024-11-19
Birds Eye 38 Chicken Dippers,£5.25,(£7.53/kg),frozen,frozen_meat_poultry,2024-11-19
ASDA Crispy Chicken Bites,£3.75,(£6.25/kg),frozen,frozen_meat_poultry,2024-11-19
ASDA Southern Fried Chicken Breast Strips,£4.10,(£10.25/kg),frozen,frozen_meat_poultry,2024-11-19
ASDA Crispy Chicken Breast Strips,£4.00,(£10.00/kg),frozen,frozen_meat_poultry,2024-11-19
ASDA Hot & Spicy Chicken Breast Strips,£4.00,(£10.00/kg),frozen,frozen_meat_poultry,2024-11-19
Birds Eye 6 Southern Fried Chicken Grills,£5.65,(£10.46/kg),frozen,frozen_meat_poultry,2024-11-19
Birds Eye 6 Crispy Chicken Grills in Tempura Batter,£5.65,(£11.08/kg),frozen,frozen_meat_poultry,2024-11-19
Birds Eye 6 Original Chicken Chargrills,£5.65,(£11.08/kg),frozen,frozen_meat_poultry,2024-11-19
Birds Eye 6 Sweet & Sticky BBQ Chicken Chargrills,£5.65,(£10.82/kg),frozen,frozen_meat_poultry,2024-11-19
Birds Eye 8 Chicken Burgers,£4.75,(£11.88/kg),frozen,frozen_meat_poultry,2024-11-19
ASDA 4 Southern Fried Chicken Breast Fillet Burgers,£3.50,(£8.75/kg),frozen,frozen_meat_poultry,2024-11-19
ASDA 4 Hot & Spicy Chicken Breast Fillet Burgers,£3.50,(£8.75/kg),frozen,frozen_meat_poultry,2024-11-19
Bernard Matthews 7 Turkey Dinosaurs,£2.30,(£6.57/kg),frozen,frozen_meat_poultry,2024-11-19
Birds Eye 44 Chicken Nuggets with Golden Wholegrain,£5.50,(£7.91/kg),frozen,frozen_meat_poultry,2024-11-19
Leon GFC Gluten Free Chicken Nuggets 300g,£4.00,(£13.33/kg),frozen,frozen_meat_poultry,2024-11-19
Moy Park Fakeaway Buttermilk Chicken Tenders 400g,£4.00,(£10.00/kg),frozen,frozen_meat_poultry,2024-11-19
Moy Park Fakeaway Peri Peri Chicken Strips 400g,£3.50,(£8.75/kg),frozen,frozen_meat_poultry,2024-11-19
Moy Park Fakeway Salt & Chilli Chicken Chunks 350g,£4.00,(£11.43/kg),frozen,frozen_meat_poultry,2024-11-19
Glenhaven 4 Garlic & Herb Chicken Kievs 500g,£4.00,(£8.00/kg),frozen,frozen_meat_poultry,2024-11-19
Glenhaven 4 Ham & Cheese Chicken Kievs 500g,£4.00,(£8.00/kg),frozen,frozen_meat_poultry,2024-11-19
Birds Eye 2 Chicken Quarter Pounders,£2.75,(£12.11/kg),frozen,frozen_meat_poultry,2024-11-19
Birds Eye 2 Southern Fried Chicken Grills,£2.50,(£13.89/kg),frozen,frozen_meat_poultry,2024-11-19
Snacksters 5 Chicken Tenders 230g,£3.50,(£15.22/kg),frozen,frozen_meat_poultry,2024-11-19
Birds Eye 2 Crispy Chicken Grills in Tempura Batter,£2.50,(£14.71/kg),frozen,frozen_meat_poultry,2024-11-19
Birds Eye 2 Hot & Spicy Chicken Grills,£2.50,(£13.89/kg),frozen,frozen_meat_poultry,2024-11-19
Birds Eye 2 Sweet & Sticky BBQ Chicken Chargrills,£2.50,(£14.37/kg),frozen,frozen_meat_poultry,2024-11-19
Birds Eye 2 Original Chicken Chargrills,£2.50,(£14.71/kg),frozen,frozen_meat_poultry,2024-11-19
Birds Eye 22 Chicken Dippers 403g,£2.50,(£6.20/kg),frozen,frozen_meat_poultry,2024-11-19
Birds Eye 2 Cheese & Ham Chicken Kievs,£2.50,(£12.25/kg),frozen,frozen_meat_poultry,2024-11-19
Deli Cuisine Crispy Chicken Strips,£6.50,(£6.50/kg),frozen,frozen_meat_poultry,2024-11-19
ASDA 4 Southern Fried Chicken in Breadcrumbs 380g,£3.00,(£7.89/kg),frozen,frozen_meat_poultry,2024-11-19
ASDA 4 Battered Crispy Chicken 380g,£3.00,(£7.89/kg),frozen,frozen_meat_poultry,2024-11-19
Birds Eye 8 BBQ Chicken Griddlers,£2.50,(£12.25/kg),frozen,frozen_meat_poultry,2024-11-19
ASDA 9 Wholegrain Safari Animal Chicken Shapes,£2.50,(£7.31/kg),frozen,frozen_meat_poultry,2024-11-19
George Home Non-Stick Grey Oven Tray,£1.25,(£1.25/each),frozen,frozen_meat_poultry,2024-11-19
ASDA 38 Battered Chicken Dippers,£3.50,(£5.12/kg),frozen,frozen_meat_poultry,2024-11-19
ASDA Chicken Breast Strips,£5.80,(£7.73/kg),frozen,frozen_meat_poultry,2024-11-19
Birds Eye 4 Chicken Burgers,£2.50,(£12.50/kg),frozen,frozen_meat_poultry,2024-11-19
Birds Eye 10 Chicken Fingers with Golden Wholegrain,£2.50,(£10.00/kg),frozen,frozen_meat_poultry,2024-11-19
ASDA BBQ Chicken Wings 1kg,£3.95,(£3.95/kg),frozen,frozen_meat_poultry,2024-11-19
ASDA 8 Breaded Chicken Burgers 456g,£2.75,(£6.03/kg),frozen,frozen_meat_poultry,2024-11-19
Birds Eye Southern Fried Chicken Popstars,£2.50,(£16.67/kg),frozen,frozen_meat_poultry,2024-11-19
Deli Cuisine 70 Battered Chicken Dippers,£5.50,(£4.31/kg),frozen,frozen_meat_poultry,2024-11-19
ASDA Diced Chicken Breast 600g,£4.20,(£7.00/kg),frozen,frozen_meat_poultry,2024-11-19
Deli Cuisine Breaded Chicken Bites,£4.95,(£4.95/kg),frozen,frozen_meat_poultry,2024-11-19
Snacksters Smile in a Box 210g,£2.00,(£9.52/kg),frozen,frozen_meat_poultry,2024-11-19
Birds Eye Chicken Shop Salt & Pepper Chicken Goujons,£4.20,(£12.92/kg),frozen,frozen_meat_poultry,2024-11-19
Birds Eye 4 Chicken Quarter Pounders,£3.50,(£7.71/kg),frozen,frozen_meat_poultry,2024-11-19
ASDA 72 Battered Chicken Nuggets,£5.70,(£4.47/kg),frozen,frozen_meat_poultry,2024-11-19
Birds Eye 12 Chicken Dippers,£2.50,(£11.36/kg),frozen,frozen_meat_poultry,2024-11-19
Birds Eye Chicken Shop 2 Ultimate Chicken Fillet Burgers,£4.20,(£18.50/kg),frozen,frozen_meat_poultry,2024-11-19
Birds Eye 2 Chicken Shop Sizzler Fillet Burgers,£4.20,(£18.50/kg),frozen,frozen_meat_poultry,2024-11-19
Snacksters 20 Chicken Nuggets,£3.50,(£8.75/kg),frozen,frozen_meat_poultry,2024-11-19
Jahan Peri Peri Chicken Strips,£2.80,(£5.60/kg),frozen,frozen_meat_poultry,2024-11-19
Deli Cuisine Southern Fried Chicken Strips,£6.00,(£6.00/kg),frozen,frozen_meat_poultry,2024-11-19
Birds Eye 2 Peri Peri Chicken Chargrills,£2.50,(£14.37/kg),frozen,frozen_meat_poultry,2024-11-19
Snacksters Smile in a Box 210g,£2.00,(£9.52/kg),frozen,frozen_meat_poultry,2024-11-19
Deli Cuisine 70 Battered Chicken Dippers,£5.50,(£4.31/kg),frozen,frozen_meat_poultry,2024-11-19
Birds Eye 2 Chicken Shop Sizzler Fillet Burgers,£4.20,(£18.50/kg),frozen,frozen_meat_poultry,2024-11-19
George Home Non-stick Roaster,£1.50,(£1.50/each),frozen,frozen_meat_poultry,2024-11-19
Snacksters 20 Chicken Nuggets,£3.50,(£8.75/kg),frozen,frozen_meat_poultry,2024-11-19
Jahan Southern Fried Chicken Popcorn,£2.10,(£4.20/kg),frozen,frozen_meat_poultry,2024-11-19
Jahan Southern Fried Chicken Strips,£2.80,(£5.60/kg),frozen,frozen_meat_poultry,2024-11-19
George Home Non-stick Oven Tray 32cm,£1.25,(£1.25/each),frozen,frozen_meat_poultry,2024-11-19
George Home Non-Stick Pizza Tray,£2.50,(£2.50/each),frozen,frozen_meat_poultry,2024-11-19
ASDA Hot & Spicy Chicken Wings 1kg,£3.95,(£3.95/kg),frozen,frozen_meat_poultry,2024-11-19
Birds Eye Chicken Shop Salt & Pepper Chicken Goujons,£4.20,(£12.92/kg),frozen,frozen_meat_poultry,2024-11-19
ASDA Chicken Drumsticks 1.1kg,£3.00,(£2.73/kg),frozen,frozen_meat_poultry,2024-11-19
Gino's Popcorn Style Chicken,£2.80,(£5.60/kg),frozen,frozen_meat_poultry,2024-11-19
Scoville Neverstick 30cm Pizza Tray,£12.00,(£12.00/each),frozen,frozen_meat_poultry,2024-11-19
George Home Oven Tray,£4.50,(£4.50/each),frozen,frozen_meat_poultry,2024-11-19
Scoville Neverstick 38cm Baking Tray,£15.00,(£15.00/each),frozen,frozen_meat_poultry,2024-11-19
George Home Non-Stick Oven Tray,£3.00,(£3.00/each),frozen,frozen_meat_poultry,2024-11-19
Jahan 12 Charcoal Cooked Chicken Kebabs,£4.15,(£6.92/kg),frozen,frozen_meat_poultry,2024-11-19
Gino D'Acampo 38cm Oven Tray,£7.00,(£7.00/each),frozen,frozen_meat_poultry,2024-11-19
Itsu Korean Style Crispy Chicken 340g,£4.75,(£13.97/kg),frozen,frozen_meat_poultry,2024-11-19
Scoville Expert 35cm Oven Tray,£12.00,(£12.00/each),frozen,frozen_meat_poultry,2024-11-19
Gino D'Acampo Black Pizza Tray 15 Inch,£7.00,(£7.00/each),frozen,frozen_meat_poultry,2024-11-19
Gino's Premium Hot n' Spicy Chicken Fillets,£3.75,(£7.50/kg),frozen,frozen_meat_poultry,2024-11-19
Jahan Premium Peri Peri Chicken Fillet Strips,£3.75,(£7.50/kg),frozen,frozen_meat_poultry,2024-11-19
Najma Breaded Chicken Nuggets 300g,£3.00,(£1.00/100g),frozen,frozen_meat_poultry,2024-11-19
Jahan Southern Fried Chicken Fillet Strips,£3.75,(£7.50/kg),frozen,frozen_meat_poultry,2024-11-19
Gino D'Acampo Black Pizza Tray 12 Inch,£5.00,(£5.00/each),frozen,frozen_meat_poultry,2024-11-19
Tefal Non-Stick Oven Tray 40cm,£10.00,(£10.00/each),frozen,frozen_meat_poultry,2024-11-19
ASDA Free From 12 BBQ Chicken Dippers,£3.25,(£9.03/kg),frozen,frozen_meat_poultry,2024-11-19
Jahan Chicken Shawarma Kebab,£3.80,(£8.44/kg),frozen,frozen_meat_poultry,2024-11-19
Scoville Neverstick Medium Oven Tray,£10.00,(£10.00/each),frozen,frozen_meat_poultry,2024-11-19
Tahira Chicken Burgers,£4.70,(£6.03/kg),frozen,frozen_meat_poultry,2024-11-19
Birds Eye Chicken Shop Buttermilk Chicken Tenders 300g,£4.10,(£14.14/kg),frozen,frozen_meat_poultry,2024-11-19
Jahan Hot & Spicy Chicken Strips,£2.80,(£5.60/kg),frozen,frozen_meat_poultry,2024-11-19
Birds Eye Chicken Shop Texas Style BBQ Popcorn Chicken,£4.20,(£12.92/kg),frozen,frozen_meat_poultry,2024-11-19
George Home Excellence Oven Tray,£6.00,(£6.00/each),frozen,frozen_meat_poultry,2024-11-19
Scoville Neverstick Large Oven Tray,£12.00,(£12.00/each),frozen,frozen_meat_poultry,2024-11-19
Birds Eye Chicken Shop 2 American Style Gravy Loaded Burgers 250g,£4.10,(£16.40/kg),frozen,frozen_meat_poultry,2024-11-19
Birds Eye Chicken Shop 2 Tennessee Style BBQ Loaded Burgers 250g,£4.10,(£16.40/kg),frozen,frozen_meat_poultry,2024-11-19
George Home Enamel Oven Tray,£4.00,(£4.00/each),frozen,frozen_meat_poultry,2024-11-19
Jahan Breaded Chicken Nuggets,£2.10,(£4.20/kg),frozen,frozen_meat_poultry,2024-11-19
Tefal Non-Stick Oven Tray Small,£8.00,(£8.00/each),frozen,frozen_meat_poultry,2024-11-19
Birds Eye Chicken Shop Hot & Fiery Chicken Chunks 300g,£4.10,(£13.67/kg),frozen,frozen_meat_poultry,2024-11-19
ASDA Free From 4 Southern Fried Chicken Steaks,£4.15,(£1.09/100g),frozen,frozen_meat_poultry,2024-11-19
Jahan Hot & Spicy Breaded Wings,£3.00,(£5.00/kg),frozen,frozen_meat_poultry,2024-11-19
ASDA Free From 2 Chicken Kievs,£3.30,(£12.69/kg),frozen,frozen_meat_poultry,2024-11-19
Gino D'Acampo 33cm Oven Tray,£6.00,(£6.00/each),frozen,frozen_meat_poultry,2024-11-19
Richmond Meat Free No-Chicken Chargrilled Pieces 220g,£2.50,(£11.36/kg),frozen,frozen_meat_poultry,2024-11-19
The Lions Kingdom 2 Ostrich Sous-Vide Steaks 250g,£4.50,(£18.00/kg),frozen,frozen_meat_poultry,2024-11-19
ASDA Chicken Breast Mini Fillets 600g,£4.20,(£7.00/kg),frozen,frozen_meat_poultry,2024-11-19
Scoville Expert Neverstick+ 31cm Baking Tray,£10.00,(£10.00/each),frozen,frozen_meat_poultry,2024-11-19
Scoville Pro Neverstick+ 36cm Baking Tray,£16.00,(£16.00/each),frozen,frozen_meat_poultry,2024-11-19
Gino's Battered Chicken Nuggets,£2.40,(£4.80/kg),frozen,frozen_meat_poultry,2024-11-19
Scoville Pro Neverstick+ 36cm Baking Tray,£16.00,(£16.00/each),frozen,frozen_meat_poultry,2024-11-19
Gino's Battered Chicken Nuggets,£2.40,(£4.80/kg),frozen,frozen_meat_poultry,2024-11-19
George Home Roaster,£5.50,(£5.50/each),frozen,frozen_meat_poultry,2024-11-19
Jahan Breaded Chicken Strips,£2.80,(£5.60/kg),frozen,frozen_meat_poultry,2024-11-19
George Home Non-Stick Pizza & Chip Tray,£3.00,(£3.00/each),frozen,frozen_meat_poultry,2024-11-19
Birds Eye 2 Garlic & Herb Chicken Kievs 204g,£2.50,(£12.25/kg),frozen,frozen_meat_poultry,2024-11-19
Bernard Matthews 13 Turkey Mini Kievs 295g,£1.80,(£6.10/kg),frozen,frozen_meat_poultry,2024-11-19
Bernard Matthews 7 Golden Turkey Drummers 350g,£1.80,(£5.14/kg),frozen,frozen_meat_poultry,2024-11-19
Bernard Matthews 6 Cheesy Hamwich,£1.80,(£5.22/kg),frozen,frozen_meat_poultry,2024-11-19
ASDA 20 Thick Pork Sausages 907g,£3.75,(£4.13/kg),frozen,frozen_meat_poultry,2024-11-19
ASDA 8 Jumbo Pork Sausages 800g,£3.50,(£4.38/kg),frozen,frozen_meat_poultry,2024-11-19
ASDA 20 Thick Irish Recipe Pork Sausages 907g,£3.75,(£4.13/kg),frozen,frozen_meat_poultry,2024-11-19
ASDA 12 Thick Irish Recipe Pork Sausages 544g,£2.35,(£4.32/kg),frozen,frozen_meat_poultry,2024-11-19
ASDA Extra Special 12 British Pigs in Blankets 300g,£3.50,(£11.67/kg),frozen,frozen_meat_poultry,2024-11-19
ASDA Extra Special 6 Chipolata Pigs in Blankets 247g,£4.00,(£16.19/kg),frozen,frozen_meat_poultry,2024-11-19
ASDA 4 Beef Quarter Pounders,£3.50,(£7.71/kg),frozen,frozen_meat_poultry,2024-11-19
ASDA 4 Beef Burgers 227g,£1.75,(£7.71/kg),frozen,frozen_meat_poultry,2024-11-19
ASDA 4 Bacon & Cheese Beef Quarter Pounders,£3.50,(£7.71/kg),frozen,frozen_meat_poultry,2024-11-19
ASDA 4 Chorizo & Beef Quarter Pounders 454g,£3.75,(£8.26/kg),frozen,frozen_meat_poultry,2024-11-19
ASDA 4 Jalapeño Chilli Beef Quarter Pounders 454g,£3.75,(£8.26/kg),frozen,frozen_meat_poultry,2024-11-19
ASDA 8 Beef Burgers,£3.60,(£7.93/kg),frozen,frozen_meat_poultry,2024-11-19
Richmond 8 Thick Pork Sausages 344g,£2.00,(£5.81/kg),frozen,frozen_meat_poultry,2024-11-19
"ASDA Extra Special Pork, Sage & Onion Stuffing Wreath with Pigs in Blankets 615g",£7.00,(£11.38/kg),frozen,frozen_meat_poultry,2024-11-19
ASDA Succulent Pork Sausage Meat 400g,£2.50,(£6.25/kg),frozen,frozen_meat_poultry,2024-11-19
"ASDA Extra Special British Pork, Sage & Caramelised Onion Stuffing 340g",£2.75,(£8.09/kg),frozen,frozen_meat_poultry,2024-11-19
ASDA Extra Special Pork & Cranberry Stuffing Parcels with a Cherry Glaze 376g,£6.00,(£15.96/kg),frozen,frozen_meat_poultry,2024-11-19
Richmond 20 Thick Frozen Pork Sausages,£3.00,(£3.49/kg),frozen,frozen_meat_poultry,2024-11-19
ASDA 6 Pork Breakfast Patties,£2.48,(£7.25/kg),frozen,frozen_meat_poultry,2024-11-19
Birds Eye 4 Original Beef Burgers With Onions,£2.50,(£11.01/kg),frozen,frozen_meat_poultry,2024-11-19
Richmond 16 Skinless Frozen Pork Sausages,£2.50,(£5.87/kg),frozen,frozen_meat_poultry,2024-11-19
ASDA Cocktail Sausage Rolls,£2.00,(26.7p/100g),frozen,frozen_meat_poultry,2024-11-19
ASDA Extra Special 4 Aberdeen Angus Beef Quarter Pounders 454g,£3.75,(£8.26/kg),frozen,frozen_meat_poultry,2024-11-19
Birds Eye 4 Chicken Quarter Pounders,£3.50,(£7.71/kg),frozen,frozen_meat_poultry,2024-11-19
ASDA 4 Double Cheeseburgers,£3.50,(£6.16/kg),frozen,frozen_meat_poultry,2024-11-19
ASDA 26 Cocktail Pork Sausages,£2.00,(£5.13/kg),frozen,frozen_meat_poultry,2024-11-19
Spam Fritters,£2.50,(£8.33/kg),frozen,frozen_meat_poultry,2024-11-19
ASDA 4 Minted Lamb & Mutton Quarter Pounders,£3.50,(£7.71/kg),frozen,frozen_meat_poultry,2024-11-19
Snacksters XL Doner Kebab,£1.95,(£11.34/kg),frozen,frozen_meat_poultry,2024-11-19
ASDA 12 Maple Pigs in Blankets 228g,£2.50,(£10.96/kg),frozen,frozen_meat_poultry,2024-11-19
Snacksters Big Stack,£1.80,(£8.82/kg),frozen,frozen_meat_poultry,2024-11-19
ASDA 12 Party Pigs in Blankets 300g,£3.25,(£10.83/kg),frozen,frozen_meat_poultry,2024-11-19
Birds Eye 4 Beef Quarter Pounders with Plant Protein and Onion 454g,£4.00,(£8.81/kg),frozen,frozen_meat_poultry,2024-11-19
ASDA Extra Special 4 Beef Brisket & Chuck Quarter Pounders 454g,£3.75,(£8.26/kg),frozen,frozen_meat_poultry,2024-11-19
Richmond 8 Vegan Meat-Free Tasty Sausages,£1.75,(£5.76/kg),frozen,frozen_meat_poultry,2024-11-19
ASDA Extra Special 4 Emmental & Caramelised Onion Beef Quarter Pounders 454g,£3.75,(£8.26/kg),frozen,frozen_meat_poultry,2024-11-19
I Vow To Thee My Country Wagyu XL Burgers 340g,£4.50,(£14.06/kg),frozen,frozen_meat_poultry,2024-11-19
ASDA Free From 4 Chicken Burgers,£2.55,(£11.18/kg),frozen,frozen_meat_poultry,2024-11-19
Shazans Beef Sausages,£4.50,(£5.36/kg),frozen,frozen_meat_poultry,2024-11-19
Tahira Chicken & Beef Burgers Halal,£4.70,(£6.03/kg),frozen,frozen_meat_poultry,2024-11-19
Linda McCartney's 6 Vegetarian Sausage Rolls 342g,£2.50,(73.1p/100g),frozen,frozen_meat_poultry,2024-11-19
Tahira Chicken Burgers,£4.70,(£6.03/kg),frozen,frozen_meat_poultry,2024-11-19
Fry's 8 Plant-Based Original Hot Dogs 360g,£3.00,(£8.33/kg),frozen,frozen_meat_poultry,2024-11-19
The Black Farmer Daughter 12 Cumberland Sausages 700g,£5.50,(£7.86/kg),frozen,frozen_meat_poultry,2024-11-19
Birds Eye 4 Green Cuisine Veggie Quarter Pounders 454g,£3.10,(£6.83/kg),frozen,frozen_meat_poultry,2024-11-19
OMV! Deliciously Vegan 2 No Beef Burgers 227g,£2.30,(£10.13/kg),frozen,frozen_meat_poultry,2024-11-19
Shazans Chicken Sausages,£4.50,(£5.36/kg),frozen,frozen_meat_poultry,2024-11-19
The Young Bulls Iberian Pork & Chorizo Burgers 234g,£4.50,(£19.23/kg),frozen,frozen_meat_poultry,2024-11-19
The Lions Kingdom 2 Wild Boar Burgers 226g,£4.50,(£19.23/kg),frozen,frozen_meat_poultry,2024-11-19
The Black Farmer Daughter 12 Premium Pork Sausages 700g,£5.50,(£7.86/kg),frozen,frozen_meat_poultry,2024-11-19
Quorn Vegan Takeaway 2 Crunchy Fillet Burgers,£2.50,(£13.16/kg),frozen,frozen_meat_poultry,2024-11-19
JUST ESSENTIALS by ASDA 8 Beef Burgers,£2.50,(£6.30/kg),frozen,frozen_meat_poultry,2024-11-19
ASDA 5% Fat Beef Mince,£4.35,(£10.88/kg),frozen,frozen_meat_poultry,2024-11-19
ASDA 12% Fat Beef Mince,£4.50,(£9.00/kg),frozen,frozen_meat_poultry,2024-11-19
Smorgasbord The Original Swedish Meatballs 1kg,£5.95,(£5.95/kg),frozen,frozen_meat_poultry,2024-11-19
ASDA 6 Sweet Chilli Beef Koftas 360g,£3.75,(£10.42/kg),frozen,frozen_meat_poultry,2024-11-19
ASDA 6 Minted Lamb Koftas 360g,£3.75,(£10.42/kg),frozen,frozen_meat_poultry,2024-11-19
ASDA Chinese Inspired Pork Belly Slices 300g,£3.75,(£10.42/kg),frozen,frozen_meat_poultry,2024-11-19
ASDA Beef Diced,£4.35,(£9.67/kg),frozen,frozen_meat_poultry,2024-11-19
ASDA Beef Strips,£3.50,(£10.77/kg),frozen,frozen_meat_poultry,2024-11-19
ASDA 32 Beef Meatballs,£4.50,(£7.03/kg),frozen,frozen_meat_poultry,2024-11-19
ASDA 6 Pork Breakfast Patties,£2.48,(£7.25/kg),frozen,frozen_meat_poultry,2024-11-19
Mr Brains 4 Pork Faggots,£1.50,(£3.42/kg),frozen,frozen_meat_poultry,2024-11-19
Spam Cheesy Fritters 250g,£2.50,(£10.00/kg),frozen,frozen_meat_poultry,2024-11-19
Richmond 20 Thick Frozen Pork Sausages,£3.00,(£3.49/kg),frozen,frozen_meat_poultry,2024-11-19
ASDA Beef 6 Beef Dripping Yorkshire Puddings 240g,£2.20,(£9.17/kg),frozen,frozen_meat_poultry,2024-11-19
ASDA Extra Special Pork Loin Crackling Joint 1.25kg,£14.00,(£12.44/kg),frozen,frozen_meat_poultry,2024-11-19
Aunt Bessie's Garlic & Herb Beef Joint 550g,£8.00,(£14.55/kg),frozen,frozen_meat_poultry,2024-11-19
Shazans Lamb Sausages,£4.50,(£5.36/kg),frozen,frozen_meat_poultry,2024-11-19
ASDA 20% Fat Beef Mince,£4.50,(£7.50/kg),frozen,frozen_meat_poultry,2024-11-19
ASDA Herb Crusted Pork Joint 550g,£4.50,(£8.18/kg),frozen,frozen_meat_poultry,2024-11-19
Aunt Bessie's Maple Glazed Gammon Joint 700g,£8.00,(£11.43/kg),frozen,frozen_meat_poultry,2024-11-19
JUST ESSENTIALS by ASDA Beef Mince with Onion,£3.90,(£6.00/kg),frozen,frozen_meat_poultry,2024-11-19
ASDA Lamb Mince,£3.50,(£8.75/kg),frozen,frozen_meat_poultry,2024-11-19
ASDA Diced Lamb,£5.00,(£14.29/kg),frozen,frozen_meat_poultry,2024-11-19
ASDA 5% Fat Beef Mince,£4.35,(£10.88/kg),frozen,frozen_meat_poultry,2024-11-19
ASDA 12% Fat Beef Mince,£4.50,(£9.00/kg),frozen,frozen_meat_poultry,2024-11-19
JUST ESSENTIALS by ASDA Beef Mince with Onion,£3.90,(£6.00/kg),frozen,frozen_meat_poultry,2024-11-19
ASDA 20% Fat Beef Mince,£4.50,(£7.50/kg),frozen,frozen_meat_poultry,2024-11-19
ASDA Lamb Mince,£3.50,(£8.75/kg),frozen,frozen_meat_poultry,2024-11-19
ASDA Butter Basted Turkey Joint 800g,£11.00,(£13.75/kg),frozen,frozen_meat_poultry,2024-11-19
"ASDA Bacontopped Basted Turkey Joint with a Pork, Sage and Onion Stuffing 1.5kg",£18.00,(£12.00/kg),frozen,frozen_meat_poultry,2024-11-19
ASDA Extra Special Pork Loin Crackling Joint 1.25kg,£14.00,(£12.44/kg),frozen,frozen_meat_poultry,2024-11-19
Aunt Bessie's Garlic & Herb Beef Joint 550g,£8.00,(£14.55/kg),frozen,frozen_meat_poultry,2024-11-19
Aunt Bessie's Maple Glazed Gammon Joint 700g,£8.00,(£11.43/kg),frozen,frozen_meat_poultry,2024-11-19
ASDA Ready To Roast Extra Tasty Chicken Joint,£4.50,(£7.50/kg),frozen,frozen_meat_poultry,2024-11-19
ASDA Ready To Roast Sage & Onion Stuffing Chicken Breast Joint,£4.50,(£7.50/kg),frozen,frozen_meat_poultry,2024-11-19
ASDA 12 Golden Yorkshire Puddings 220g,£0.91,(£4.14/kg),frozen,frozen_meat_poultry,2024-11-19
ASDA Ready To Roast Honey Glazed Gammon Joint,£4.50,(£7.50/kg),frozen,frozen_meat_poultry,2024-11-19
Aunt Bessie's 10 Sage & Onion Stuffing Balls 260g,£2.00,(£7.69/kg),frozen,frozen_meat_poultry,2024-11-19
ASDA 12 Party Pigs in Blankets 300g,£3.25,(£10.83/kg),frozen,frozen_meat_poultry,2024-11-19
ASDA Giant Yorkshire Pudding 110g,£1.05,(£9.55/kg),frozen,frozen_meat_poultry,2024-11-19
ASDA Extra Special 6 Chipolata Pigs in Blankets 247g,£4.00,(£16.19/kg),frozen,frozen_meat_poultry,2024-11-19
Aunt Bessie's 18 Glorious Golden Yorkshire Puddings,£3.40,(£9.94/kg),frozen,frozen_meat_poultry,2024-11-19
Aunt Bessie's 4 Spectacular Yorkshires 220g,£2.00,(£9.09/kg),frozen,frozen_meat_poultry,2024-11-19
Aunt Bessie's 12 Bake at Home Yorkshires 370g,£2.00,(£5.41/kg),frozen,frozen_meat_poultry,2024-11-19
Aunt Bessie's 10 Glorious Golden Yorkshire Puddings,£1.75,(£9.21/kg),frozen,frozen_meat_poultry,2024-11-19
ASDA Extra Special 6 Beef Dripping Yorkshire Puddings 288g,£2.50,(£8.68/kg),frozen,frozen_meat_poultry,2024-11-19
ASDA 12 Maple Pigs in Blankets 228g,£2.50,(£10.96/kg),frozen,frozen_meat_poultry,2024-11-19
ASDA 16 Pork Sage & Onion Stuffing Balls,£3.50,(£8.75/kg),frozen,frozen_meat_poultry,2024-11-19
ASDA Succulent Pork Sausage Meat 400g,£2.50,(£6.25/kg),frozen,frozen_meat_poultry,2024-11-19
ASDA Extra Special 12 British Pigs in Blankets 300g,£3.50,(£11.67/kg),frozen,frozen_meat_poultry,2024-11-19
"ASDA Extra Special Pork, Sage & Onion Stuffing Wreath with Pigs in Blankets 615g",£7.00,(£11.38/kg),frozen,frozen_meat_poultry,2024-11-19
ASDA Extra Special Pork & Cranberry Stuffing Parcels with a Cherry Glaze 376g,£6.00,(£15.96/kg),frozen,frozen_meat_poultry,2024-11-19
"ASDA Extra Special British Pork, Sage & Caramelised Onion Stuffing 340g",£2.75,(£8.09/kg),frozen,frozen_meat_poultry,2024-11-19
The Real Yorkshire Pudding Co. 6 Gluten Free Yorkshire Puddings 180g,£2.50,(£13.89/kg),frozen,frozen_meat_poultry,2024-11-19
Aunt Bessie's Bacon Topped Boneless Chicken Joint 700g,£8.00,(£11.43/kg),frozen,frozen_meat_poultry,2024-11-19
ASDA Cocktail Sausage Rolls,£2.00,(26.7p/100g),frozen,frozen_meat_poultry,2024-11-19
George Home Roaster,£5.50,(£5.50/each),frozen,frozen_meat_poultry,2024-11-19
Birds Eye Battered Haddock Large Fillets 440g,£3.75,(£8.52/kg),frozen,frozen_seafood,2024-11-19
Birds Eye 4 Battered Cod Large Fillets 440g,£3.75,(£8.52/kg),frozen,frozen_seafood,2024-11-19
Birds Eye 10 Cod Fish Fingers,£4.00,(£14.29/kg),frozen,frozen_seafood,2024-11-19
Birds Eye 10 Haddock Fish Fingers,£4.00,(£14.29/kg),frozen,frozen_seafood,2024-11-19
Birds Eye 32 Omega 3 Fish Fingers 896g,£5.00,(£5.58/kg),frozen,frozen_seafood,2024-11-19
ASDA 4 Battered Cod Fillets,£5.25,(£10.50/kg),frozen,frozen_seafood,2024-11-19
Young's Chip Shop 2 Extra Large Cod Fillets,£5.00,(£16.67/kg),frozen,frozen_seafood,2024-11-19
Young's Chip Shop 2 Extra Large Fish Fillets,£3.40,(£11.33/kg),frozen,frozen_seafood,2024-11-19
Birds Eye 10 Omega 3 Fish Fingers,£2.00,(£7.14/kg),frozen,frozen_seafood,2024-11-19
Birds Eye 2 Crispy Hash Brown Fish Burgers 227g,£3.50,(£15.42/kg),frozen,frozen_seafood,2024-11-19
Birds Eye Breaded Cod Large Fillets 440g,£6.50,(£14.77/kg),frozen,frozen_seafood,2024-11-19
Birds Eye Breaded Haddock Large Fillets 440g,£6.50,(£14.77/kg),frozen,frozen_seafood,2024-11-19
Birds Eye 2 Omega 3 Breaded Fish Burgers 227g,£3.50,(£15.42/kg),frozen,frozen_seafood,2024-11-19
Birds Eye 18 Cod Fish Fingers 504g,£5.00,(£9.92/kg),frozen,frozen_seafood,2024-11-19
ASDA 12 Wholegrain Under The Sea Cod & Vegetable Shapes 400g,£2.65,(£6.62/kg),frozen,frozen_seafood,2024-11-19
Birds Eye 18 Omega 3 Fish Fingers 504g,£4.00,(£7.94/kg),frozen,frozen_seafood,2024-11-19
Birds Eye 20 Fish Nuggets,£4.25,(£8.67/kg),frozen,frozen_seafood,2024-11-19
Young's Chip Shop 4 Omega 3 Fish Fillets 400g,£3.75,(£9.38/kg),frozen,frozen_seafood,2024-11-19
Birds Eye 20 Mini Fish Fingers 320g,£3.50,(£10.94/kg),frozen,frozen_seafood,2024-11-19
ASDA 4 Wild Salmon Fillets Boneless,£3.85,(£10.69/kg),frozen,frozen_seafood,2024-11-19
Birds Eye 32 Cod Fish Fingers 896g,£8.00,(£8.93/kg),frozen,frozen_seafood,2024-11-19
Young's Chip Shop 2 Extra Large Battered Fishcakes,£2.25,(£10.71/kg),frozen,frozen_seafood,2024-11-19
Whitby Seafoods Scampi Bites 190g,£1.40,(£7.37/kg),frozen,frozen_seafood,2024-11-19
JUST ESSENTIALS by ASDA 4 Breaded White Fish Fillets 500g,£2.50,(£5.00/kg),frozen,frozen_seafood,2024-11-19
JUST ESSENTIALS by ASDA 10 Breaded Cod Fishcakes 500g,£1.89,(£3.78/kg),frozen,frozen_seafood,2024-11-19
Birds Eye 8 Battered Fish Fingers,£2.00,(£8.93/kg),frozen,frozen_seafood,2024-11-19
Birds Eye 2 Breaded Fish Fillets 200g,£2.50,(£12.50/kg),frozen,frozen_seafood,2024-11-19
Birds Eye 2 Battered Fish Fillets 200g,£2.50,(£12.50/kg),frozen,frozen_seafood,2024-11-19
Young's 4 Fish Steaks in a Creamy Butter Sauce 560g,£4.00,(£7.14/kg),frozen,frozen_seafood,2024-11-19
Young's Gastro 2 Lightly Dusted Sea Salt & Cracked Black Pepper Basa Fillets,£4.75,(£15.32/kg),frozen,frozen_seafood,2024-11-19
Young's 4 Fish Steaks in a Creamy Parsley Sauce 560g,£4.00,(£7.14/kg),frozen,frozen_seafood,2024-11-19
Birds Eye 4 Breaded Cod Fish Cakes 198g,£1.60,(£8.08/kg),frozen,frozen_seafood,2024-11-19
Young's Chip Shop 2 Extra Large Salt & Vinegar Batter Fish Fillets 300g,£3.50,(£11.67/kg),frozen,frozen_seafood,2024-11-19
Young's Gastro 2 Light & Crispy Tempura Battered Fish Fillets,£4.75,(£17.59/kg),frozen,frozen_seafood,2024-11-19
Birds Eye 6 Chunky Battered Fish Fingers,£3.75,(£10.42/kg),frozen,frozen_seafood,2024-11-19
Birds Eye 6 Chunky Breaded Fish Fingers 360g,£3.75,(£10.42/kg),frozen,frozen_seafood,2024-11-19
JUST ESSENTIALS by ASDA White Fish Fillets,£2.49,(£4.79/kg),frozen,frozen_seafood,2024-11-19
ASDA 10 Omega 3 Fish Fingers,£1.30,(£4.33/kg),frozen,frozen_seafood,2024-11-19
ASDA 4 Smoked Haddock Fillets Boneless 360g,£3.14,(£8.72/kg),frozen,frozen_seafood,2024-11-19
ASDA 5 Basa Fillets,£3.50,(£7.78/kg),frozen,frozen_seafood,2024-11-19
Young's Gastro 2 Tempura Battered Crispy Lemon & Herb Basa Fillets,£4.75,(£15.32/kg),frozen,frozen_seafood,2024-11-19
ASDA 4 Cod Fillets 360g,£4.40,(£12.22/kg),frozen,frozen_seafood,2024-11-19
ASDA 4 Breaded Cod Fillets 440g,£3.75,(£8.52/kg),frozen,frozen_seafood,2024-11-19
ASDA 30 Omega 3 Fish Fingers,£3.80,(£4.22/kg),frozen,frozen_seafood,2024-11-19
ASDA Fish Pie Mix 400g,£4.50,(£11.25/kg),frozen,frozen_seafood,2024-11-19
Young's Chip Shop 4 Large Haddock Fillets 440g,£4.00,(£9.09/kg),frozen,frozen_seafood,2024-11-19
Young's Omega 3 12 Fishcakes,£2.50,(£4.17/kg),frozen,frozen_seafood,2024-11-19
Young's Chip Shop 6 Mini Fish Fillets 300g,£3.50,(£11.67/kg),frozen,frozen_seafood,2024-11-19
ASDA Smoked Basa Fillets 400g,£3.75,(£9.38/kg),frozen,frozen_seafood,2024-11-19
ASDA 10 Wild Salmon Fillets Boneless 800g,£10.00,(£12.50/kg),frozen,frozen_seafood,2024-11-19
ASDA 4 Haddock Fillets 360g,£4.40,(£12.22/kg),frozen,frozen_seafood,2024-11-19
Young's Gastro Signature Breaded 2 Lemon & Pepper Fish Fillets,£4.50,(£16.67/kg),frozen,frozen_seafood,2024-11-19
ASDA 4 Salmon Teriyaki Skewers 320g,£4.25,(£13.28/kg),frozen,frozen_seafood,2024-11-19
Birds Eye 26 Battered Fish Fingers,£5.00,(£6.87/kg),frozen,frozen_seafood,2024-11-19
Young's Breaded 4 Large Cod Fillets 440g,£5.95,(£13.52/kg),frozen,frozen_seafood,2024-11-19
Young's Chip Shop 4 Large Cod Fillets 440g,£6.00,(£13.64/kg),frozen,frozen_seafood,2024-11-19
Young's Gastro Calamari,£4.00,(£16.00/kg),frozen,frozen_seafood,2024-11-19
ASDA White Fish with a Cheese & Chive Sauce 380g,£4.00,(£10.53/kg),frozen,frozen_seafood,2024-11-19
Ibco Brand Pangasius Fillets,£3.85,(£6.02/kg),frozen,frozen_seafood,2024-11-19
ASDA White Fish with a Cheese & Chive Sauce 380g,£4.00,(£10.53/kg),frozen,frozen_seafood,2024-11-19
Kiln 2 Salmon Fillets with Sweet Chilli Butter 240g,£5.50,(£22.92/kg),frozen,frozen_seafood,2024-11-19
Young's 4 Breaded Omega 3 Fish Fillets 400g,£3.50,(£8.75/kg),frozen,frozen_seafood,2024-11-19
ASDA 10 White Fish Fillets 800g,£6.00,(£7.50/kg),frozen,frozen_seafood,2024-11-19
Kiln 2 Salmon Fillets with Garlic and Herb Butter 240g,£5.50,(£22.92/kg),frozen,frozen_seafood,2024-11-19
Birds Eye Green Cuisine 2 Fish-Less Battered Fillets 240g,£3.00,(£12.50/kg),frozen,frozen_seafood,2024-11-19
ASDA 4 Classic Cod Fishcakes,£4.00,(£8.70/kg),frozen,frozen_seafood,2024-11-19
Birds Eye 2 Gluten Free Breaded Fish Fillets,£3.85,(£15.40/kg),frozen,frozen_seafood,2024-11-19
ASDA 6 Marinated Basa Skewers 300g,£4.00,(£13.33/kg),frozen,frozen_seafood,2024-11-19
Young's Gastro Signature Breaded 4 Atlantic Salmon Lemon & Herb Fish Cakes 400g,£4.00,(£10.00/kg),frozen,frozen_seafood,2024-11-19
ASDA Free From 2 Cod Fishcakes,£2.40,(£13.33/kg),frozen,frozen_seafood,2024-11-19
Whitby Seafoods 2 Gluten Free Battered Fish Fillets 250g,£3.75,(£15.00/kg),frozen,frozen_seafood,2024-11-19
Kiln 4 Atlantic Salmon Fillets 400g,£8.00,(£20.00/kg),frozen,frozen_seafood,2024-11-19
Birds Eye 12 Gluten Free Fish Fingers,£3.20,(£8.89/kg),frozen,frozen_seafood,2024-11-19
Young's Gastro 2 Tempura Beer Battered Cod Fillets,£5.00,(£18.52/kg),frozen,frozen_seafood,2024-11-19
Young's Chip Shop Jumbo Cod Special 480g,£5.00,(£10.42/kg),frozen,frozen_seafood,2024-11-19
ASDA White Fish with a Tomato & Chorizo Sauce 380g,£4.00,(£10.53/kg),frozen,frozen_seafood,2024-11-19
ASDA 4 Battered Cod Fillets 440g,£3.75,(£8.52/kg),frozen,frozen_seafood,2024-11-19
Young's 2 Scottish Kipper Fillets with Butter,£1.50,(£8.82/kg),frozen,frozen_seafood,2024-11-19
Young's Gastro 2 Lightly Dusted Sicilian Lemon & Parsley Cod Fillets,£4.50,(£16.67/kg),frozen,frozen_seafood,2024-11-19
ASDA 4 Battered Haddock Fillets 440g,£3.75,(£8.52/kg),frozen,frozen_seafood,2024-11-19
ASDA 2 Tuna Steaks 320g,£5.00,(£15.62/kg),frozen,frozen_seafood,2024-11-19
ASDA 10 Flaky Cod Fish Fingers 300g,£2.20,(£7.33/kg),frozen,frozen_seafood,2024-11-19
Young's Gastro Signature Breaded 2 Sweet Chilli Fish Fillets 270g,£4.50,(£16.67/kg),frozen,frozen_seafood,2024-11-19
"Young's Limited Edition Gastro 2 Chilli, Lime & Ginger Breaded Fish Fillets 270g",£4.75,(£17.59/kg),frozen,frozen_seafood,2024-11-19
Young's 10 Flipper Dippers,£1.50,(£6.00/kg),frozen,frozen_seafood,2024-11-19
ASDA 4 Battered Haddock Fillets,£5.25,(£10.50/kg),frozen,frozen_seafood,2024-11-19
JUST ESSENTIALS by ASDA 10 Fish Fingers,£0.80,(£3.20/kg),frozen,frozen_seafood,2024-11-19
ASDA King Prawns,£6.00,(£15.00/kg),frozen,frozen_seafood,2024-11-19
ASDA Extra Special Raw & Peeled Jumbo King Prawns,£4.25,(£21.25/kg),frozen,frozen_seafood,2024-11-19
ASDA Extra Special Jumbo Cooked King Prawns,£4.40,(£22.00/kg),frozen,frozen_seafood,2024-11-19
JUST ESSENTIALS by ASDA Cooked & Peeled Prawns,£2.69,(£10.76/kg),frozen,frozen_seafood,2024-11-19
Whitby Seafoods Scampi Bites 190g,£1.40,(£7.37/kg),frozen,frozen_seafood,2024-11-19
Whitby Seafoods Scampi 370g,£4.50,(£12.16/kg),frozen,frozen_seafood,2024-11-19
ASDA Seafood Cocktail,£4.00,(£13.33/kg),frozen,frozen_seafood,2024-11-19
Young's Breaded Scampi,£2.75,(£12.50/kg),frozen,frozen_seafood,2024-11-19
ASDA Garlic & Herb King Prawns Raw & Peeled,£3.00,(£15.00/kg),frozen,frozen_seafood,2024-11-19
ASDA King Prawns 180g,£3.80,(£21.11/kg),frozen,frozen_seafood,2024-11-19
ASDA Breaded Scampi,£3.00,(£12.77/kg),frozen,frozen_seafood,2024-11-19
ASDA Asda Large Prawns 325g,£5.00,(£15.38/kg),frozen,frozen_seafood,2024-11-19
Young's Gastro Calamari,£4.00,(£16.00/kg),frozen,frozen_seafood,2024-11-19
ASDA Patagonian Scallops Raw 240g,£7.00,(£29.17/kg),frozen,frozen_seafood,2024-11-19
ASDA Mussels 400g,£3.50,(£8.75/kg),frozen,frozen_seafood,2024-11-19
Whitby Seafoods Jumbo Wholetail Scampi 200g,£3.50,(£17.50/kg),frozen,frozen_seafood,2024-11-19
ASDA Breaded Wholetail Scampi,£3.85,(£12.83/kg),frozen,frozen_seafood,2024-11-19
ASDA Thai Green Curry King Prawns 240g,£4.00,(£16.67/kg),frozen,frozen_seafood,2024-11-19
ASDA Creamy Garlic King Prawns 240g,£4.00,(£16.67/kg),frozen,frozen_seafood,2024-11-19
ASDA King Prawns Cooked & Peeled,£7.00,(£17.50/kg),frozen,frozen_seafood,2024-11-19
ASDA Party Salt and Pepper Prawns 132g,£3.00,(£22.73/kg),frozen,frozen_seafood,2024-11-19
Young's Wholetail Scampi,£5.25,(£23.86/kg),frozen,frozen_seafood,2024-11-19
Whitby Seafoods Wholetail Scampi 200g,£3.50,(£17.50/kg),frozen,frozen_seafood,2024-11-19
Vici Seafood Sticks 350g,£2.00,(£8.00/kg),frozen,frozen_seafood,2024-11-19
Schar Gluten-Free Pizza Margherita with Sourdough 300g,£3.25,(£10.83/kg),frozen,frozen_pizza,2024-11-19
Goodfella's Grande Stonebaked Margherita 650g,£3.50,(£5.38/kg),frozen,frozen_pizza,2024-11-19
Goodfella's Grand Stonebaked Double Pepperoni 635g,£3.50,(£5.51/kg),frozen,frozen_pizza,2024-11-19
Dr Oetker Ristorante Grande Pepperoni 582g,£3.00,(£5.15/kg),frozen,frozen_pizza,2024-11-19
Dr Oetker Ristorante Grande Margherita Formaggi 585g,£3.00,(£5.13/kg),frozen,frozen_pizza,2024-11-19
Chicago Town Tiger Crust Double Pepperoni 320g,£2.00,(£6.25/kg),frozen,frozen_pizza,2024-11-19
Chicago Town Tiger Crust Cheese Medley 305g,£2.00,(£6.56/kg),frozen,frozen_pizza,2024-11-19
Goodfella's Takeaway The Big Cheese Pizza,£4.50,(£8.11/kg),frozen,frozen_pizza,2024-11-19
Goodfella's Takeaway Classic Crust Fully Loaded Pepperoni Pizza,£4.50,(£8.59/kg),frozen,frozen_pizza,2024-11-19
ASDA Stonebaked Double Pepperoni Pizza,£1.55,(£4.71/kg),frozen,frozen_pizza,2024-11-19
ASDA Stonebaked Four Cheese Pizza,£1.55,(£4.70/kg),frozen,frozen_pizza,2024-11-19
ASDA Stonebaked BBQ Chicken Pizza,£1.55,(£4.31/kg),frozen,frozen_pizza,2024-11-19
Dr Oetker Ristorante Mozzarella Cheese Pizza,£3.00,(£8.96/kg),frozen,frozen_pizza,2024-11-19
Dr. Oetker Ristorante Pepperoni Salame Pizza,£3.00,(£9.38/kg),frozen,frozen_pizza,2024-11-19
Dr. Oetker Ristorante Ham and Pineapple Pizza,£3.00,(£8.45/kg),frozen,frozen_pizza,2024-11-19
Chicago Town Crispy Chicago Thin Loaded Cheese,£4.50,(£10.25/kg),frozen,frozen_pizza,2024-11-19
Dr. Oetker Ristorante Mushroom Pizza,£3.00,(£8.22/kg),frozen,frozen_pizza,2024-11-19
ASDA Tomato & Mozzarella Pinsa Romana Pizza 382g,£2.75,(£7.20/kg),frozen,frozen_pizza,2024-11-19
ASDA Chargrilled Vegetable Pinsa Romana Pizza 420g,£2.75,(£6.55/kg),frozen,frozen_pizza,2024-11-19
Chicago Town Tiger Crust Double Pepperoni Pizza,£2.00,(£6.25/kg),frozen,frozen_pizza,2024-11-19
Goodfella's Takeaway Classic Crust Mighty Meaty Feast Pizza,£4.50,(£7.89/kg),frozen,frozen_pizza,2024-11-19
Chicago Town Crispy Chicago Thin Sausage 'N' Pepperoni,£4.50,(£10.44/kg),frozen,frozen_pizza,2024-11-19
Chicago Town Tiger Crust Garlic Bread Cheesy,£2.00,(£7.75/kg),frozen,frozen_pizza,2024-11-19
ASDA Stonebaked Cheesy Garlic Bread,£1.50,(£5.08/kg),frozen,frozen_pizza,2024-11-19
Goodfella's Pepperoni Stonebaked Thin 332g,£3.00,(£9.04/kg),frozen,frozen_pizza,2024-11-19
Goodfella's Margherita Stonebaked Thin 334g,£3.00,(£8.70/kg),frozen,frozen_pizza,2024-11-19
Goodfella's Stonebaked Thin Crust Chicken Pizza,£3.00,(£8.22/kg),frozen,frozen_pizza,2024-11-19
Goodfella's Stonebaked Thin Cheese & Ham Pizza,£3.00,(£8.55/kg),frozen,frozen_pizza,2024-11-19
ASDA Free From Margherita Pizza,£2.60,(£6.84/kg),frozen,frozen_pizza,2024-11-19
Dr. Oetker Ristorante Gluten Free Mozzarella Cheese Pizza 370g,£3.50,(£9.46/kg),frozen,frozen_pizza,2024-11-19
Dr. Oetker Ristorante Gluten Free Salame Pizza 315g,£3.50,(£11.11/kg),frozen,frozen_pizza,2024-11-19
Kirsty's Sweet Chilli Chicken Pizza with an Italian Stonebaked Base,£3.50,(£10.77/kg),frozen,frozen_pizza,2024-11-19
Dr. Oetker Ristorante Margherita Pomodori Vegan Pizza,£3.25,(£9.56/kg),frozen,frozen_pizza,2024-11-19
Kirsty's Classic Vegan Margherita Pizza,£3.50,(£11.11/kg),frozen,frozen_pizza,2024-11-19
One Planet Pizza Sourdough Peppernomi Plant-Based Pizza,£4.00,(£12.86/kg),frozen,frozen_pizza,2024-11-19
Goodfella's Gluten Free Margherita Pizza,£4.00,(£12.20/kg),frozen,frozen_pizza,2024-11-19
OMV! Deliciously Vegan Roasted Veg & Houmous Pizza,£2.00,(£5.33/kg),frozen,frozen_pizza,2024-11-19
Goodfella's Gluten Free Pepperoni Pizza,£3.75,(£11.83/kg),frozen,frozen_pizza,2024-11-19
JUST ESSENTIALS by ASDA Cheese & Tomato Pizza,£0.97,(£3.09/kg),frozen,frozen_pizza,2024-11-19
JUST ESSENTIALS by ASDA Pepperoni Pizza,£0.97,(£3.09/kg),frozen,frozen_pizza,2024-11-19
Chicago Town Takeaway Stuffed Crust Magnificent Meat Feast Pizza 640g,£3.00,(£4.69/kg),frozen,frozen_pizza,2024-11-19
Goodfella's Deep Pan Baked Pepperoni 411g,£2.50,(£6.08/kg),frozen,frozen_pizza,2024-11-19
Goodfella's Deep Pan Baked Deliciously Cheesy 421g,£2.50,(£5.94/kg),frozen,frozen_pizza,2024-11-19
Chicago Town Fully Loaded Deep Dish Pepperoni Pizzas 2 x 155g (310g),£1.25,(£4.03/kg),frozen,frozen_pizza,2024-11-19
Chicago Town Fully Loaded Deep Dish Mega Meaty Pizzas 2 x 157g (314g),£1.25,(£3.98/kg),frozen,frozen_pizza,2024-11-19
Chicago Town Tiger Crust Double Pepperoni Pizza,£2.00,(£6.25/kg),frozen,frozen_pizza,2024-11-19
Chicago Town Fully Loaded Deep Dish Chicken & Bacon Club Pizzas 2 x 156g (312g),£1.25,(£4.01/kg),frozen,frozen_pizza,2024-11-19
"Chicago Town Tiger Crust Bacon, Ham & Pineapple 380g",£2.00,(£5.26/kg),frozen,frozen_pizza,2024-11-19
Chicago Town Tiger Crust Cheese Medley 305g,£2.00,(£6.56/kg),frozen,frozen_pizza,2024-11-19
Chicago Town Tiger Crust Double Pepperoni 320g,£2.00,(£6.25/kg),frozen,frozen_pizza,2024-11-19
Chicago Town Memphis BBQ Pulled Pork Ultimate Stuffed Crust Pizza 695g,£4.50,(£6.47/kg),frozen,frozen_pizza,2024-11-19
Goodfella's Takeaway The Big Cheese Pizza,£4.50,(£8.11/kg),frozen,frozen_pizza,2024-11-19
Goodfella's Takeaway Classic Crust Fully Loaded Pepperoni Pizza,£4.50,(£8.59/kg),frozen,frozen_pizza,2024-11-19
Chicago Town Takeaway Large Stuffed Pepperoni Pizza,£3.00,(£4.65/kg),frozen,frozen_pizza,2024-11-19
Chicago Town Takeaway Medium Stuffed Crust Cheese Pizza,£3.15,(£6.56/kg),frozen,frozen_pizza,2024-11-19
Chicago Town Takeaway Medium Stuffed Crust Pepperoni Pizza,£3.15,(£6.43/kg),frozen,frozen_pizza,2024-11-19
Chicago Town Takeaway Stuffed Crust Magnificent Meat Feast Pizza 640g,£3.00,(£4.69/kg),frozen,frozen_pizza,2024-11-19
"Chicago Town Tiger Crust Bacon, Ham & Pineapple 380g",£2.00,(£5.26/kg),frozen,frozen_pizza,2024-11-19
Chicago Town Memphis BBQ Pulled Pork Ultimate Stuffed Crust Pizza 695g,£4.50,(£6.47/kg),frozen,frozen_pizza,2024-11-19
Chicago Town Weekender Tomato Stuffed Crust Salt & Pepper Chicken Large Pizza,£4.50,(£6.50/kg),frozen,frozen_pizza,2024-11-19
Chicago Town Tiger Crust Double Pepperoni Pizza,£2.00,(£6.25/kg),frozen,frozen_pizza,2024-11-19
Chicago Town Takeaway Large Cheesy Stuffed Pepperoni Pizza,£4.50,(£7.03/kg),frozen,frozen_pizza,2024-11-19
Chicago Town Takeaway Cheesy Stuffed Crust Cheese Pizza,£4.50,(£7.14/kg),frozen,frozen_pizza,2024-11-19
Chicago Town Takeaway Large Stuffed Cheese Pizza,£3.00,(£4.76/kg),frozen,frozen_pizza,2024-11-19
Chicago Town Takeaway Tomato Stuffed Crust Honey BBQ Salami Pizza,£3.00,(£4.72/kg),frozen,frozen_pizza,2024-11-19
Chicago Town Tomato Stuffed Crust Takeaway Chicken & Bacon Melt Pizza,£3.00,(£4.69/kg),frozen,frozen_pizza,2024-11-19
ASDA Takeaway Stuffed Crust BBQ Chicken & Bacon Pizza,£2.75,(£5.85/kg),frozen,frozen_pizza,2024-11-19
ASDA Takeaway Stuffed Crust Cheese Feast Pizza,£2.75,(£6.18/kg),frozen,frozen_pizza,2024-11-19
Chicago Town Tiger Crust Cheese Medley 305g,£2.00,(£6.56/kg),frozen,frozen_pizza,2024-11-19
ASDA Stonebaked Spicy Meat Feast Pizza,£1.55,(£4.43/kg),frozen,frozen_pizza,2024-11-19
ASDA Stonebaked Ham & Pineapple Pizza,£1.55,(£4.49/kg),frozen,frozen_pizza,2024-11-19
Chicago Town Tiger Crust Double Pepperoni 320g,£2.00,(£6.25/kg),frozen,frozen_pizza,2024-11-19
Goodfella's Takeaway Classic Crust Mighty Meaty Feast Pizza,£4.50,(£7.89/kg),frozen,frozen_pizza,2024-11-19
One Planet Pizza Sourdough Peppernomi Plant-Based Pizza,£4.00,(£12.86/kg),frozen,frozen_pizza,2024-11-19
Chicago Town Takeaway Vegan Medium Stuffed Sticky BBQ Jackfruit Pizza,£4.00,(£8.16/kg),frozen,frozen_pizza,2024-11-19
Schar Gluten-Free Pizza Margherita with Sourdough 300g,£3.25,(£10.83/kg),frozen,frozen_pizza,2024-11-19
ASDA Takeaway Stuffed Crust Cheese Feast Pizza,£2.75,(£6.18/kg),frozen,frozen_pizza,2024-11-19
Chicago Town Fully Loaded Deep Dish 2 Four Cheese Pizzas 2 x 148g (296g),£1.25,(£4.22/kg),frozen,frozen_pizza,2024-11-19
Goodfella's 2 Triple Cheese Pizza Pockets,£2.30,(£9.20/kg),frozen,frozen_pizza,2024-11-19
Chicago Town Takeaway Large Stuffed Cheese Pizza,£3.00,(£4.76/kg),frozen,frozen_pizza,2024-11-19
Chicago Town Cheese & Tomato Pizza Subs,£1.00,(£4.00/kg),frozen,frozen_pizza,2024-11-19
Kirsty's Classic Vegan Margherita Pizza,£3.50,(£11.11/kg),frozen,frozen_pizza,2024-11-19
Goodfella's Deep Pan Baked Deliciously Cheesy 421g,£2.50,(£5.94/kg),frozen,frozen_pizza,2024-11-19
ASDA 4 Cheese & Tomato Mini Pizzas,£2.50,(£7.02/kg),frozen,frozen_pizza,2024-11-19
Chicago Town Takeaway Cheesy Stuffed Crust Cheese Pizza,£4.50,(£7.14/kg),frozen,frozen_pizza,2024-11-19
Goodfella's Takeaway The Big Cheese Pizza,£4.50,(£8.11/kg),frozen,frozen_pizza,2024-11-19
Chicago Town Takeaway Medium Stuffed Crust Cheese Pizza,£3.15,(£6.56/kg),frozen,frozen_pizza,2024-11-19
Dr. Oetker Ristorante Mushroom Pizza,£3.00,(£8.22/kg),frozen,frozen_pizza,2024-11-19
ASDA Free From Margherita Pizza,£2.60,(£6.84/kg),frozen,frozen_pizza,2024-11-19
OMV! Deliciously Vegan Roasted Veg & Houmous Pizza,£2.00,(£5.33/kg),frozen,frozen_pizza,2024-11-19
Dr. Oetker Ristorante Margherita Pomodori Vegan Pizza,£3.25,(£9.56/kg),frozen,frozen_pizza,2024-11-19
One Planet Pizza Sourdough Peppernomi Plant-Based Pizza,£4.00,(£12.86/kg),frozen,frozen_pizza,2024-11-19
Goodfella's Gluten Free Margherita Pizza,£4.00,(£12.20/kg),frozen,frozen_pizza,2024-11-19
Chicago Town Takeaway Vegan Medium Stuffed Sticky BBQ Jackfruit Pizza,£4.00,(£8.16/kg),frozen,frozen_pizza,2024-11-19
ASDA Salted Caramel Bramley Apple Cobbler 570g,£4.50,(78.7p/100g),frozen,frozen_desserts,2024-11-19
ASDA Berry Strudel,£1.55,(25.8p/100g),frozen,frozen_desserts,2024-11-19
Aunt Bessie's Scrumptious Apple Crumble 500g,£2.00,(40.0p/100g),frozen,frozen_desserts,2024-11-19
ASDA Apple Strudel,£1.55,(25.8p/100g),frozen,frozen_desserts,2024-11-19
Aunt Bessie's Jam Roly Poly,£2.00,(66.7p/100g),frozen,frozen_desserts,2024-11-19
ASDA Apple Crumble Traybake,£3.00,(50.0p/100g),frozen,frozen_desserts,2024-11-19
ASDA Lemon Meringue Pie,£2.50,(52.6p/100g),frozen,frozen_desserts,2024-11-19
ASDA Extra Special Sticky Toffee Pudding,£3.80,(95.0p/100g),frozen,frozen_desserts,2024-11-19
Aunt Bessie's Bramley Apple Pie,£2.50,(45.5p/100g),frozen,frozen_desserts,2024-11-19
ASDA Extra Special Classic Crème Brûlée 440g,£5.00,(£1.14/100g),frozen,frozen_desserts,2024-11-19
JUST ESSENTIALS by ASDA Strawberry Cheesecake,£0.80,(21.3p/100g),frozen,frozen_desserts,2024-11-19
ASDA Millionaire's Cheesecake 450g,£2.75,(61.1p/100g),frozen,frozen_desserts,2024-11-19
ASDA Lemon Cheesecake,£2.30,(48.9p/100g),frozen,frozen_desserts,2024-11-19
ASDA Caramelised Biscuit Cheesecake 450g,£1.85,(41.1p/100g),frozen,frozen_desserts,2024-11-19
ASDA Triple Chocolate Cheesecake Serves 6,£2.75,(61.1p/100g),frozen,frozen_desserts,2024-11-19
ASDA New York Cheesecake,£2.75,(61.1p/100g),frozen,frozen_desserts,2024-11-19
ASDA Toffee Cheesecake Serves 5 375g,£2.30,(61.3p/100g),frozen,frozen_desserts,2024-11-19
ASDA Strawberry Cheesecake,£2.30,(46.0p/100g),frozen,frozen_desserts,2024-11-19
We Love Cake 2 Lemon Tarts 150g,£2.50,(£1.67/100g),frozen,frozen_desserts,2024-11-19
Daim 2 Cheesecakes,£3.40,(£2.00/100g),frozen,frozen_desserts,2024-11-19
We Love Cake Salted Caramel & Chocolate Tarts 170g,£2.50,(£1.47/100g),frozen,frozen_desserts,2024-11-19
Kirsty's Luxury Vegan Carrot Cake,£3.30,(£1.83/100g),frozen,frozen_desserts,2024-11-19
ASDA Extra Special Baked Sicilian Lemon Cheesecake 446g,£4.60,(£1.03/100g),frozen,frozen_desserts,2024-11-19
ASDA Extra Special Baked New York Cheesecake 475g,£4.60,(96.8p/100g),frozen,frozen_desserts,2024-11-19
ASDA Extra Special Raspberry Pistachio & Passion Fruit Pavlova Wreath 438g,£7.00,(£1.60/100g),frozen,frozen_desserts,2024-11-19
ASDA Extra Special 2 Sicilian Lemon & Raspberry Mini Roulades 180g,£3.50,(£1.94/100g),frozen,frozen_desserts,2024-11-19
ASDA Strawberry Gateau,£2.20,(58.7p/100g),frozen,frozen_desserts,2024-11-19
ASDA Black Forest Gateau Serves 8 620g,£3.00,(48.4p/100g),frozen,frozen_desserts,2024-11-19
ASDA Chocolate Gateau,£2.20,(62.9p/100g),frozen,frozen_desserts,2024-11-19
ASDA Chocolate Gateau Serves 8 600g,£3.00,(50.0p/100g),frozen,frozen_desserts,2024-11-19
ASDA Hot Chocolate Fudge Cake,£1.95,(43.3p/100g),frozen,frozen_desserts,2024-11-19
ASDA Extra Special Belgian White Chocolate & Raspberry Roulade,£5.00,(£1.10/100g),frozen,frozen_desserts,2024-11-19
ASDA Lemon Meringue Pie,£2.50,(52.6p/100g),frozen,frozen_desserts,2024-11-19
Daim Chocolate Cake with Crunchy Caramel 400g,£4.00,(£1.00/100g),frozen,frozen_desserts,2024-11-19
ASDA Extra Special Hand Finished Sicilian Lemon & Mascarpone Roulade,£5.00,(£1.17/100g),frozen,frozen_desserts,2024-11-19
ASDA Extra Special Salted Honeycomb Meringue Stack 500g,£6.00,(£1.20/100ml),frozen,frozen_desserts,2024-11-19
Viennetta Ice Cream Salted Caramel 650 ml,£2.00,(30.8p/100ml),frozen,frozen_desserts,2024-11-19
ASDA Choc Orange Profiteroles,£3.00,(£1.04/100g),frozen,frozen_desserts,2024-11-19
ASDA Extra Special Raspberry Pistachio & Passion Fruit Pavlova Wreath 438g,£7.00,(£1.60/100g),frozen,frozen_desserts,2024-11-19
ASDA Profiteroles & Chocolate Sauce 235g,£1.90,(80.8p/100g),frozen,frozen_desserts,2024-11-19
ASDA 12 Mini Chocolate Eclairs,£1.50,(£1.07/100g),frozen,frozen_desserts,2024-11-19
Viennetta Mint Ice Cream,£2.00,(30.8p/100ml),frozen,frozen_desserts,2024-11-19
ASDA 6 Chocolate Eclairs,£1.85,(£1.16/100g),frozen,frozen_desserts,2024-11-19
ASDA Free From 6 Donuts,£1.45,(73.6p/100g),frozen,frozen_desserts,2024-11-19
ASDA Extra Special 12 Macaron Selection,£3.50,(£2.65/100g),frozen,frozen_desserts,2024-11-19
Viennetta Vanilla Ice Cream,£2.00,(30.8p/100ml),frozen,frozen_desserts,2024-11-19
Genius Free From Frozen Shortcrust Pastry,£2.80,(£7.00/kg),frozen,frozen_desserts,2024-11-19
Daim Chocolate Cake with Crunchy Caramel 400g,£4.00,(£1.00/100g),frozen,frozen_desserts,2024-11-19
Schar Gluten-Free Pain Au 4 Chocolat 260g,£3.50,(£13.46/kg),frozen,frozen_desserts,2024-11-19
Genius Gluten Free Frozen Puff Pastry,£2.80,(£7.00/kg),frozen,frozen_desserts,2024-11-19
ASDA Free From 16 Cream Filled Profiteroles,£2.65,(90.8p/100g),frozen,frozen_desserts,2024-11-19
ASDA Frozen for Freshness Black Forest Fruits,£2.65,(53.0p/100g),frozen,frozen_fruit_pastries,2024-11-19
ASDA Frozen for Freshness Blueberries,£2.65,(75.7p/100g),frozen,frozen_fruit_pastries,2024-11-19
ASDA Frozen for Freshness Summer Fruits,£2.65,(53.0p/100g),frozen,frozen_fruit_pastries,2024-11-19
ASDA Frozen for Freshness Mango Chunks,£2.65,(53.0p/100g),frozen,frozen_fruit_pastries,2024-11-19
ASDA Raspberries,£2.65,(88.3p/100g),frozen,frozen_fruit_pastries,2024-11-19
ASDA Frozen for Freshness Blackberries,£2.65,(75.7p/100g),frozen,frozen_fruit_pastries,2024-11-19
ASDA Frozen for Freshness Pineapple Chunks,£2.65,(58.9p/100g),frozen,frozen_fruit_pastries,2024-11-19
ASDA Frozen for Freshness Strawberries,£1.89,(54.0p/100g),frozen,frozen_fruit_pastries,2024-11-19
ASDA Frozen for Freshness Morello Cherries 350g,£2.65,(75.7p/100g),frozen,frozen_fruit_pastries,2024-11-19
"The Health Menu by ASDA Refreshing Pineapple, Passion Fruit & Spirulina Smoothie Mix 4 x 120g (480g)",£2.95,(61.5p/100g),frozen,frozen_fruit_pastries,2024-11-19
ASDA Tropical Smoothie Mix 500g,£2.65,(53.0p/100g),frozen,frozen_fruit_pastries,2024-11-19
"The Health Menu by ASDA Zesty Mango, Pineapple & Ginger Smoothie Mix 4 x 120g (480g)",£2.95,(61.5p/100g),frozen,frozen_fruit_pastries,2024-11-19
ASDA Summer Fruits & Banana Smoothie Mix,£2.65,(53.0p/100g),frozen,frozen_fruit_pastries,2024-11-19
"The Health Menu by ASDA Fruity Strawberry, Raspberry & Protein Smoothie Mix 4 x 120g (480g)",£2.95,(61.5p/100g),frozen,frozen_fruit_pastries,2024-11-19
Griddle Original Waffles 200g,£2.00,(£1.00/100g),frozen,frozen_fruit_pastries,2024-11-19
Griddle 6 Blueberry Waffles 200g,£2.00,(£1.00/100g),frozen,frozen_fruit_pastries,2024-11-19
ASDA Bake at Home 8 Milk Chocolate Chip Cookies 320g,£2.65,(£8.28/kg),frozen,frozen_fruit_pastries,2024-11-19
ASDA Bake at Home 6 All-Butter Croissants 246g,£2.65,(£10.77/kg),frozen,frozen_fruit_pastries,2024-11-19
ASDA 6 Bake at Home All-Butter Pains Au Chocolat 276g,£3.00,(£10.87/kg),frozen,frozen_fruit_pastries,2024-11-19
ASDA Bake at Home 4 Cinnamon Swirls 318g,£2.85,(£8.96/kg),frozen,frozen_fruit_pastries,2024-11-19
ASDA Bake at Home 3 Chocolate Twists 285g,£2.85,(£10.00/kg),frozen,frozen_fruit_pastries,2024-11-19
Country Style 5 Fresh Cream Doughnuts,£1.40,(52.8p/100g),frozen,frozen_fruit_pastries,2024-11-19
Jus-Rol Ready Rolled Puff Pastry Sheets x2,£2.55,(£3.98/kg),frozen,frozen_fruit_pastries,2024-11-19
Pret 4 Almond Croissants 280g,£3.60,(£1.29/100g),frozen,frozen_fruit_pastries,2024-11-19
Pret 6 All Butter Croissants 330g,£3.60,(£1.09/100g),frozen,frozen_fruit_pastries,2024-11-19
ASDA Pizza Dough Balls,£2.50,(25.0p/100g),frozen,frozen_fruit_pastries,2024-11-19
ASDA Toast at Home 8 Mini Waffles,£1.50,(75.0p/100g),frozen,frozen_fruit_pastries,2024-11-19
Schar Gluten-Free Pain Au 4 Chocolat 260g,£3.50,(£13.46/kg),frozen,frozen_fruit_pastries,2024-11-19
Rowntree's 4 Fruit Pastille Lollies,£2.50,(96.2p/100ml),frozen,icecreams,2024-11-19
Mars Chocolate Caramel Ice Cream Bars 4pk (4 x 40g),£2.50,(£1.26/100ml),frozen,icecreams,2024-11-19
Ben & Jerry's Sundae Ice Cream Tub Marshmallow & S'more 427ml,£3.75,(87.8p/100ml),frozen,icecreams,2024-11-19
Wall's Soft Scoop Ice Cream Dessert Neapolitan 1.8 L,£2.75,(£1.53/lt),frozen,icecreams,2024-11-19
Haagen-Dazs Limited Edition Red Velvet Cheesecake Ice Cream 346g,£5.40,(£1.29/100ml),frozen,icecreams,2024-11-19
Ben & Jerry's Ice Cream Minter Wonderland 465 ML,£5.15,(£1.11/100ml),frozen,icecreams,2024-11-19
Haagen-Dazs Limited Edition Mint Chocolate 346g,£5.40,(£1.29/100ml),frozen,icecreams,2024-11-19
Cadbury Creme Egg Ice Creams 4 Pack,£3.50,(87.5p/100ml),frozen,icecreams,2024-11-19
Cadbury Creme Egg Ice Creams 4 x 90ml (360ml),£3.00,(83.3p/100ml),frozen,icecreams,2024-11-19
Cadbury Creme Egg Ice Cream,£4.00,(83.3p/100ml),frozen,icecreams,2024-11-19
Ben & Jerry's Ice Cream Cookie Dough 465 ML,£5.15,(£1.11/100ml),frozen,icecreams,2024-11-19
Ben & Jerry's Chocolate Fudge Brownie Ice Cream Tub,£5.15,(£1.11/100ml),frozen,icecreams,2024-11-19
Ben & Jerry's Phish Food Ice Cream Tub,£5.15,(£1.11/100ml),frozen,icecreams,2024-11-19
Haagen-Dazs Strawberry Cheesecake Ice Cream 460ml,£5.40,(£1.17/100ml),frozen,icecreams,2024-11-19
Haagen-Dazs Pralines & Cream Ice Cream 460ml,£5.40,(£1.17/100ml),frozen,icecreams,2024-11-19
Magnum Ice Cream Classic 6x 100 ml,£5.85,(97.5p/100ml),frozen,icecreams,2024-11-19
Magnum Ice Cream White 6 x 100 ml,£5.85,(97.5p/100ml),frozen,icecreams,2024-11-19
ASDA Really Creamy Vanilla Ice Cream 900ml,£2.50,(27.8p/100ml),frozen,icecreams,2024-11-19
ASDA Really Creamy Triple Chocolate Ice Cream 900ml,£2.50,(27.8p/100ml),frozen,icecreams,2024-11-19
ASDA Really Creamy Caramel Fudge Ice Cream 900ml,£2.50,(27.8p/100ml),frozen,icecreams,2024-11-19
ASDA Really Creamy Raspberry Pavlova Ice Cream 900ml,£2.50,(27.8p/100ml),frozen,icecreams,2024-11-19
ASDA Really Creamy Mint Choc Chip Ice Cream,£2.50,(27.8p/100ml),frozen,icecreams,2024-11-19
Cornetto Strawberry Ice Cream Cone,£3.25,(58.0p/100ml),frozen,icecreams,2024-11-19
Cornetto Soft Ice Cream Cone Chocolatey 4 x 140 ml,£3.25,(70.7p/100ml),frozen,icecreams,2024-11-19
Cadbury 4 Flake Ice Cream Cones,£4.25,(85.0p/100ml),frozen,icecreams,2024-11-19
Cadbury Dairy Milk Tub,£4.00,(83.3p/100ml),frozen,icecreams,2024-11-19
Nestle Fab 6 Strawberry Ice Lollies,£2.50,(71.8p/100ml),frozen,icecreams,2024-11-19
Carte D'Or Madagascan Vanilla Ice Cream Dessert,£3.75,(41.7p/100ml),frozen,icecreams,2024-11-19
Carte D'Or Indulgent Chocolate Ice Cream Dessert,£3.75,(41.7p/100ml),frozen,icecreams,2024-11-19
Carte D'Or Refreshing Mint Choc Chip Ice Cream Dessert,£3.75,(41.7p/100ml),frozen,icecreams,2024-11-19
Carte D'Or Delightful Strawberry Ice Cream Dessert,£3.75,(41.7p/100ml),frozen,icecreams,2024-11-19
Carte D'Or Rich Salted Caramel Ice Cream Dessert,£3.75,(41.7p/100ml),frozen,icecreams,2024-11-19
Rowntree's 4 Watermelon Ice Lollies,£2.50,(85.6p/100ml),frozen,icecreams,2024-11-19
ASDA Rocket Lollies 8 x 58ml (464ml),£1.60,(34.5p/100ml),frozen,icecreams,2024-11-19
Calippo Mini Ice Lollies Orange & Lemon-Lime 5x 80 ml,£2.50,(62.5p/100ml),frozen,icecreams,2024-11-19
Nobbly Bobbly Strawberry & Chocolate Nobbly Ice Lolly,£2.50,(£1.04/100ml),frozen,icecreams,2024-11-19
Kelly's Cornish Vanilla Dairy Ice Cream,£4.50,(22.5p/100ml),frozen,icecreams,2024-11-19
Carte D'Or Madagascan Vanilla Light Ice Cream Dessert,£3.75,(41.7p/100ml),frozen,icecreams,2024-11-19
Carte D'Or Ice Cream Dessert New York Cheesecake Inspired 825 ml,£3.00,(36.4p/100ml),frozen,icecreams,2024-11-19
Rowntree's Fruit Stack Ice Lollies 4 Pack,£2.50,(89.3p/100ml),frozen,icecreams,2024-11-19
Cornetto Cookie & Chocolate Ice Cream Cone,£3.25,(58.0p/100ml),frozen,icecreams,2024-11-19
Cadbury Dairy Milk Ice Creams 4 x 90ml (360ml),£3.00,(83.3p/100ml),frozen,icecreams,2024-11-19
Magnum Ice Cream Sticks Salted Caramel 3 x 100 ml,£3.25,(£1.08/100ml),frozen,icecreams,2024-11-19
Solero 3 Exotic Ice Cream Lollies,£2.75,(£1.02/100ml),frozen,icecreams,2024-11-19
Ben & Jerry's Chunky Monkey Ice Cream,£5.15,(£1.11/100ml),frozen,icecreams,2024-11-19
Ben & Jerry's Strawberry Cheesecake Ice Cream,£5.15,(£1.11/100ml),frozen,icecreams,2024-11-19
Magnum Ice Cream Sticks Mint 3 x 100 ml,£3.25,(£1.08/100ml),frozen,icecreams,2024-11-19
ASDA 8 x 35ml Assorted Milk Lollies,£1.40,(50.0p/100ml),frozen,icecreams,2024-11-19
Magnum Ice Cream Sticks Euphoria Pink Lemonade 3x 90 ml,£3.00,(£1.11/100ml),frozen,icecreams,2024-11-19
Magnum Ice Cream Sticks Double Raspberry 3x 85 ml,£3.00,(£1.18/100ml),frozen,icecreams,2024-11-19
Magnum Ice Cream Sticks Double Gold Caramel Billionaire 3x 85 ml,£3.00,(£11.76/lt),frozen,icecreams,2024-11-19
Cadbury Flake Ice Cream,£4.75,(99.0p/100ml),frozen,icecreams,2024-11-19
ASDA Assorted Fruit Splits Lollies 6 x 73ml (438ml),£1.40,(32.0p/100ml),frozen,icecreams,2024-11-19
ASDA 5 Bubblegum Ice Lollies,£1.20,(48.0p/100ml),frozen,icecreams,2024-11-19
Rowntree's Fruit Blaster,£2.50,(71.8p/100ml),frozen,icecreams,2024-11-19
Del Monte Cloudy Lemonade Ice Lollies 3 x 75ml (225ml),£1.75,(77.8p/100ml),frozen,icecreams,2024-11-19
Magnum Chill Ice Cream Sticks Blueberry Cookie 3x 90 ml,£3.00,(£1.11/100ml),frozen,icecreams,2024-11-19
Magnum Ice Cream Sticks Double Caramel 3 x 85 ml,£3.00,(£1.18/100ml),frozen,icecreams,2024-11-19
Ben & Jerry's Caramel Chew Chew Ice Cream Tub,£5.15,(£1.11/100ml),frozen,icecreams,2024-11-19
Oreo 4 Ice Cream with Oreo Cookie Pieces 360ml,£3.50,(97.2p/100ml),frozen,icecreams,2024-11-19
Rowntree's 4 Fruit Pastille Lollies,£2.50,(96.2p/100ml),frozen,icecreams,2024-11-19
Mars Chocolate Caramel Ice Cream Bars 4pk (4 x 40g),£2.50,(£1.26/100ml),frozen,icecreams,2024-11-19
Snickers Chocolate Peanut Ice Cream Bars 4pack (4 x 45.6g),£2.50,(£1.24/100ml),frozen,icecreams,2024-11-19
Twix Chocolate & Caramel Ice Cream 4pk,£2.50,(£1.45/100ml),frozen,icecreams,2024-11-19
Ben & Jerry's Sundae Ice Cream Tub Marshmallow & S'more 427ml,£3.75,(87.8p/100ml),frozen,icecreams,2024-11-19
Magnum Ice Cream Sticks Double Gold Caramel Billionaire 3x 85 ml,£3.00,(£11.76/lt),frozen,icecreams,2024-11-19
Ben & Jerry's Ice Cream Choco-lotta Cheesecake Sundae 427ml,£3.75,(87.8p/100ml),frozen,icecreams,2024-11-19
Ben & Jerry's Ice Cream Cookie Dough 465 ML,£5.15,(£1.11/100ml),frozen,icecreams,2024-11-19
Bounty Chocolate & Coconut Ice Cream Bars 4pk,£2.50,(£1.25/100ml),frozen,icecreams,2024-11-19
Magnum Ice Cream Sticks Double Sunlover 3 x 85 ml,£3.00,(£1.18/100ml),frozen,icecreams,2024-11-19
Magnum Ice Cream Sticks Double Caramel 3 x 85 ml,£3.00,(£1.18/100ml),frozen,icecreams,2024-11-19
Magnum Ice Cream Sticks Double Raspberry 3x 85 ml,£3.00,(£1.18/100ml),frozen,icecreams,2024-11-19
Rowntree's 4 Fruit Pastille Lollies,£2.50,(96.2p/100ml),frozen,icecreams,2024-11-19
Ben & Jerry's Ice Cream Cookie Dough 465 ML,£5.15,(£1.11/100ml),frozen,icecreams,2024-11-19
Ben & Jerry's Sundae Ice Cream Tub Marshmallow & S'more 427ml,£3.75,(87.8p/100ml),frozen,icecreams,2024-11-19
Rowntree's Fruit Push Up 4 x 90ml (360ml),£2.50,(69.4p/100ml),frozen,icecreams,2024-11-19
Cadbury Crunchie Blast Honeycomb Ice Cream with Popping Candy Cones 4 x 100ml,£3.00,(75.0p/100ml),frozen,icecreams,2024-11-19
Del Monte 3 100% Juice Orange Lollies,£1.75,(77.8p/100ml),frozen,icecreams,2024-11-19
ASDA Cider Flavour Lollies 6 x 73ml (438ml),£1.40,(32.0p/100ml),frozen,icecreams,2024-11-19
ASDA 5 Sour Watermelon Lollies,£1.35,(49.1p/100ml),frozen,icecreams,2024-11-19
Oreo Vanilla Flavour Ice Cream with Oreo Biscuit Pieces,£3.50,(72.9p/100ml),frozen,icecreams,2024-11-19
Little Moons Mochi Sorbet Refreshos Very Berry 6 x 32g (192g),£3.75,(£1.95/100g),frozen,icecreams,2024-11-19
ASDA 4 Chocolate & Hazelnut Ice Cream Cones,£1.60,(36.4p/100ml),frozen,icecreams,2024-11-19
ASDA 5 Strawberry Sprinkle Ice Lollies,£1.20,(40.0p/100ml),frozen,icecreams,2024-11-19
ASDA 4 Toffee Ice Cream Cones 4x110ml,£1.60,(36.4p/100ml),frozen,icecreams,2024-11-19
ASDA 4 Strawberry Ice Cream Cones 4x110ml,£1.60,(36.4p/100ml),frozen,icecreams,2024-11-19
ASDA 4 Mint Ice Cream Cones,£1.60,(36.4p/100ml),frozen,icecreams,2024-11-19
ASDA 3 Tropical Ice Creams 3x90ml,£1.60,(59.3p/100ml),frozen,icecreams,2024-11-19
ASDA 6 Milk Choc Ices 6x70ml,£1.60,(38.1p/100ml),frozen,icecreams,2024-11-19
Maltesers Ice Cream Bar 4 Pack,£2.50,(£1.25/100ml),frozen,icecreams,2024-11-19
ASDA Soft Scoop Neopolitan Ice Cream,£1.85,(9.2p/100ml),frozen,icecreams,2024-11-19
ASDA Spotty Lollies 4 x 47g (188g),£1.35,(56.2p/100ml),frozen,icecreams,2024-11-19
Peppa Pig Ice Cream Lollies Vanilla & Strawberry Flavour 6 x 32g,£1.90,(99.0p/100g),frozen,icecreams,2024-11-19
ASDA Vanilla Soft Scoop Ice Cream,£1.85,(9.2p/100ml),frozen,icecreams,2024-11-19
Snickers Chocolate Peanut Ice Cream Bars 4pack (4 x 45.6g),£2.50,(£1.24/100ml),frozen,icecreams,2024-11-19
Mars Chocolate Caramel Ice Cream Bars 4pk (4 x 40g),£2.50,(£1.26/100ml),frozen,icecreams,2024-11-19
Twix Chocolate & Caramel Ice Cream 4pk,£2.50,(£1.45/100ml),frozen,icecreams,2024-11-19
Bounty Chocolate & Coconut Ice Cream Bars 4pk,£2.50,(£1.25/100ml),frozen,icecreams,2024-11-19
ASDA Soft Scoop Raspberry Ripple Ice Cream,£1.85,(9.2p/100ml),frozen,icecreams,2024-11-19
Viennetta Ice Cream Salted Caramel 650 ml,£2.00,(30.8p/100ml),frozen,icecreams,2024-11-19
ASDA 3 x 110ml Milk Chocolate Coated Ice Creams,£2.10,(63.6p/100ml),frozen,icecreams,2024-11-19
Angel Delight Soft Serve Ice Cream Butterscotch Flavour 800ml,£2.00,(25.0p/100ml),frozen,icecreams,2024-11-19
Carte D'Or Ice Cream Dessert Baileys 825ml,£3.00,(36.4p/100ml),frozen,icecreams,2024-11-19
ASDA Loaded Cookie Dough Ice Cream,£2.75,(57.3p/100ml),frozen,icecreams,2024-11-19
Mr Freeze Freezepops,£1.60,(17.8p/100ml),frozen,icecreams,2024-11-19
Mackie's of Scotland Traditional Luxury Dairy Ice Cream,£3.20,(32.0p/100ml),frozen,icecreams,2024-11-19
Angel Delight Soft Serve Ice Cream Strawberry Flavour 800ml,£2.00,(25.0p/100ml),frozen,icecreams,2024-11-19
ASDA Heavenly Moments White Chocolate Dream 3 Pack,£2.10,(63.6p/100ml),frozen,icecreams,2024-11-19
Slush Puppie The Original Squeezee,£1.25,(20.8p/100ml),frozen,icecreams,2024-11-19
ASDA Loaded Choc Fudge Brownie Ice Cream 480ml,£2.75,(57.3p/100ml),frozen,icecreams,2024-11-19
ASDA 8 Mini Coated Ice Cream Selection 8x50ml,£3.75,(93.8p/100ml),frozen,icecreams,2024-11-19
Cadbury Crunchie Blast Ice Cream 4 x 90ml (360ml),£3.00,(83.3p/100ml),frozen,icecreams,2024-11-19
ASDA 6 Sour Fusion Lollies,£1.35,(54.0p/100ml),frozen,icecreams,2024-11-19
Cadbury 4 Dairy Milk Buttons Ice Cream Cones,£3.00,(75.0p/100ml),frozen,icecreams,2024-11-19
Wall's Twister Ice Lolly Berry-licious 4x 70 ml,£2.50,(89.3p/100ml),frozen,icecreams,2024-11-19
ASDA Heavenly Moments Chocolate Almond Crunch Ice Creams 3 Pack,£2.10,(63.6p/100ml),frozen,icecreams,2024-11-19
Mackie's of Scotland Raspberry Ripple Ice Cream,£3.20,(32.0p/100ml),frozen,icecreams,2024-11-19
Feast Ice Cream Stick Original 4x 90 ml,£3.25,(90.3p/100ml),frozen,icecreams,2024-11-19
Viennetta Vanilla Ice Cream,£2.00,(30.8p/100ml),frozen,icecreams,2024-11-19
Askey's Treat! Toffee Flavour Dessert Sauce,£1.75,(53.8p/100g),frozen,icecreams,2024-11-19
ASDA 6 Dark Choc Ices 6x70ml,£1.60,(38.1p/100ml),frozen,icecreams,2024-11-19
Magnum Ice Cream Sticks Almond 3x100ml,£3.25,(£1.08/100ml),frozen,icecreams,2024-11-19
Viennetta Mint Ice Cream,£2.00,(30.8p/100ml),frozen,icecreams,2024-11-19
ASDA 21 Cones Ice Cream,£1.20,(5.7p/each),frozen,icecreams,2024-11-19
Cornetto Ice cream cone Classico 6x 90 ml,£3.25,(60.2p/100ml),frozen,icecreams,2024-11-19
Carte D'Or Mini Indulgence Ice Cream Dessert Eton Mess 200 ml,£2.00,(£1.00/100ml),frozen,icecreams,2024-11-19
ASDA Really Creamy Salted Caramel Ice Cream 900ml,£2.50,(27.8p/100ml),frozen,icecreams,2024-11-19
ASDA 10 Waffle Cones,£1.40,(14.0p/each),frozen,icecreams,2024-11-19
Kelly's Cornish Clotted Cream,£3.60,(37.9p/100ml),frozen,icecreams,2024-11-19
Cornetto Ice Cream Cone Mint 6x 90 ml,£3.25,(60.2p/100ml),frozen,icecreams,2024-11-19
Twister Ice Lolly Fruit Zingerrr 4 x 70 ml,£2.50,(89.3p/100ml),frozen,icecreams,2024-11-19
Ferrero Rocher Classic 4 Pieces 200g,£5.00,(£1.79/100ml),frozen,icecreams,2024-11-19
Rowntree's 4 Fruit Pastille Lollies,£2.50,(96.2p/100ml),frozen,icecreams,2024-11-19
Mars Chocolate Caramel Ice Cream Bars 4pk (4 x 40g),£2.50,(£1.26/100ml),frozen,icecreams,2024-11-19
Snickers Chocolate Peanut Ice Cream Bars 4pack (4 x 45.6g),£2.50,(£1.24/100ml),frozen,icecreams,2024-11-19
Ben & Jerry's Ice Cream Cookie Dough 465 ML,£5.15,(£1.11/100ml),frozen,icecreams,2024-11-19
Ben & Jerry's Sundae Ice Cream Tub Marshmallow & S'more 427ml,£3.75,(87.8p/100ml),frozen,icecreams,2024-11-19
Bounty Chocolate & Coconut Ice Cream Bars 4pk,£2.50,(£1.25/100ml),frozen,icecreams,2024-11-19
Ben & Jerry's Ice Cream Choco-lotta Cheesecake Sundae 427ml,£3.75,(87.8p/100ml),frozen,icecreams,2024-11-19
Magnum Ice Cream Sticks Double Sunlover 3 x 85 ml,£3.00,(£1.18/100ml),frozen,icecreams,2024-11-19
Twix Chocolate & Caramel Ice Cream 4pk,£2.50,(£1.45/100ml),frozen,icecreams,2024-11-19
Magnum Ice Cream Sticks Double Gold Caramel Billionaire 3x 85 ml,£3.00,(£11.76/lt),frozen,icecreams,2024-11-19
Ben & Jerry's Phish Food Ice Cream Tub,£5.15,(£1.11/100ml),frozen,icecreams,2024-11-19
Rowntree's 4 Fruit Pastille Lollies,£2.50,(96.2p/100ml),frozen,icecreams,2024-11-19
Ben & Jerry's Ice Cream Cookie Dough 465 ML,£5.15,(£1.11/100ml),frozen,icecreams,2024-11-19
Ben & Jerry's Sundae Ice Cream Tub Marshmallow & S'more 427ml,£3.75,(87.8p/100ml),frozen,icecreams,2024-11-19
Mackie's of Scotland Traditional Luxury Dairy Ice Cream,£3.20,(32.0p/100ml),frozen,icecreams,2024-11-19
Slush Puppie The Original Squeezee,£1.25,(20.8p/100ml),frozen,icecreams,2024-11-19
George Home Stainless Steel Ice Cream Scoop,£2.00,(£2.00/each),frozen,icecreams,2024-11-19
ASDA Really Creamy Salted Caramel Ice Cream 900ml,£2.50,(27.8p/100ml),frozen,icecreams,2024-11-19
ASDA Loaded Chewy Choc Chimp Ice Cream 480ml,£2.75,(57.3p/100ml),frozen,icecreams,2024-11-19
Viennetta Mint Ice Cream,£2.00,(30.8p/100ml),frozen,icecreams,2024-11-19
Twister Ice Lolly Peek-A-Blue 4 x 70 ml,£2.50,(89.3p/100ml),frozen,icecreams,2024-11-19
ASDA Ice Cream Choc Sticks,£1.70,(17.0p/each),frozen,icecreams,2024-11-19
Magnum Ice Cream Sticks White Chocolate 3 x 100 ml,£3.25,(£1.08/100ml),frozen,icecreams,2024-11-19
Askey's Treat! Strawberry Flavour Dessert Sauce,£1.75,(53.8p/100g),frozen,icecreams,2024-11-19
ASDA 21 Cones Ice Cream,£1.20,(5.7p/each),frozen,icecreams,2024-11-19
Cornetto Ice Cream Cone Mint 6x 90 ml,£3.25,(60.2p/100ml),frozen,icecreams,2024-11-19
Magnum Ice Cream Sticks Classic 3x 100 ml,£3.25,(£1.08/100ml),frozen,icecreams,2024-11-19
Twister Ice Lolly Fruit Zingerrr 4 x 70 ml,£2.50,(89.3p/100ml),frozen,icecreams,2024-11-19
Wall's Soft Scoop Light Vanilla Ice Cream,£2.75,(15.3p/100ml),frozen,icecreams,2024-11-19
Ben & Jerry's Ice Cream Dulce De-lish Sundae 427ml,£3.75,(87.8p/100ml),frozen,icecreams,2024-11-19
ASDA Ice Cream Wafers,£0.95,(2.0p/each),frozen,icecreams,2024-11-19
Cadbury Dairy Milk Cone,£3.00,(68.2p/100ml),frozen,icecreams,2024-11-19
Ben & Jerry's Caramel Brownie Party Ice Cream,£5.15,(£1.11/100ml),frozen,icecreams,2024-11-19
Ben & Jerry's Choc-Dough Cool-lection Ice Cream Mini Cup Multipack 4 x 100ml,£5.25,(£1.31/100ml),frozen,icecreams,2024-11-19
Magnum White Chocolate Ice Cream,£2.20,(£2.00/100ml),frozen,icecreams,2024-11-19
Lakes Death by Chocolate Ice Cream 1 Litre,£5.50,(55.0p/100ml),frozen,icecreams,2024-11-19
Ben & Jerry's Ice Cream Tub Spectacu-love 465ml,£5.15,(£1.11/100ml),frozen,icecreams,2024-11-19
Nuii Caramel White Chocolate & Texan Pecan Ice Cream 3 x 90ml,£4.00,(£1.48/100ml),frozen,icecreams,2024-11-19
Oreo Stick Sandwich Ice Creams 4 Pack,£4.00,(£1.33/100ml),frozen,icecreams,2024-11-19
Lakes Ice Cream Luxury Cartmel Sticky Toffee Pudding 1 Litre,£5.50,(55.0p/100ml),frozen,icecreams,2024-11-19
Swedish Glace Vanilla Soy Ice Cream Alternative,£3.00,(40.0p/100ml),frozen,icecreams,2024-11-19
Halo Top Sea Salt Caramel Ice Cream,£3.75,(79.3p/100ml),frozen,icecreams,2024-11-19
Vimto Eezy Freezy Pyramids,£2.00,(40.3p/100ml),frozen,icecreams,2024-11-19
Kulfi Ice Original Malai Flavour Ice Cream with Real Almonds & Pistachios,£2.75,(£2.75/lt),frozen,icecreams,2024-11-19
Halo Top Ice Cream Gooey Brownie 460ml,£3.75,(81.5p/100ml),frozen,icecreams,2024-11-19
ASDA Soft Scoop Cornish Clotted Vanilla Ice Cream,£3.90,(19.5p/100ml),frozen,icecreams,2024-11-19
Solero Exotic Ice Cream,£1.80,(£2.00/100ml),frozen,icecreams,2024-11-19
Nuii Caramelised Salted Almond & New Zealand Honey 204g,£4.00,(£1.48/100ml),frozen,icecreams,2024-11-19
Nuii Ice Cream Adventure Salted Caramel & Australian Macadamia 270ml,£4.00,(£1.48/100ml),frozen,icecreams,2024-11-19
Haagen-Dazs Belgian Chocolate Ice Cream,£3.75,(81.5p/100ml),frozen,icecreams,2024-11-19
Magnum Ice Cream Sticks Double Sunlover 3 x 85 ml,£3.00,(£1.18/100ml),frozen,icecreams,2024-11-19
Cadbury Dairy Milk Caramel Ice Cream 4 x 90ml (360ml),£3.00,(83.3p/100ml),frozen,icecreams,2024-11-19
Magnum Mini Ice Cream Sticks Double Caramel Almond & Gold Caramel Billionaire 6x 55 ml,£4.50,(£1.36/100ml),frozen,icecreams,2024-11-19
Mackie's of Scotland Honeycomb Ice Cream,£3.20,(32.0p/100ml),frozen,icecreams,2024-11-19
Cadbury Caramilk Ice Creams 4 x 90ml (360ml),£3.00,(83.3p/100ml),frozen,icecreams,2024-11-19
Magnum Ice Cream Tub Double Salted Caramel 440 ml,£3.00,(68.2p/100ml),frozen,icecreams,2024-11-19
Haagen-Dazs Salted Caramel Ice Cream,£3.75,(81.5p/100ml),frozen,icecreams,2024-11-19
Cornetto Gluten Free Vegan 4 Ice Cream Cones,£3.50,(97.2p/100ml),frozen,icecreams,2024-11-19
Magnum Mini Ice Cream Sticks Classic 6x 55 ml,£4.50,(£1.36/100ml),frozen,icecreams,2024-11-19
Ben & Jerry's Ice Cream Tub Non Dairy Caramel Café Sundae 427ml,£3.75,(87.8p/100ml),frozen,icecreams,2024-11-19
George Home Stainless Steel Scoop,£4.00,(£4.00/each),frozen,icecreams,2024-11-19
Cornetto Ice cream cone Strawberry 6x 90 ml,£3.25,(60.2p/100ml),frozen,icecreams,2024-11-19
Cadbury Darkmilk Ice Creams,£3.00,(83.3p/100ml),frozen,icecreams,2024-11-19
Rowntree's Fruit Pastilles Ice Lollies,£3.60,(69.2p/100ml),frozen,icecreams,2024-11-19
Little Moons Mochi Sorbet Refreshos Pineapple & Mandarin 6 x 32g (192g),£3.75,(£1.95/100g),frozen,icecreams,2024-11-19
Haagen-Dazs Vanilla Ice Cream,£3.75,(81.5p/100ml),frozen,icecreams,2024-11-19
Ben & Jerry's Netflix & Chilll'd Ice Cream Tub,£5.15,(£1.11/100ml),frozen,icecreams,2024-11-19
Wall's Soft Scoop Vanilla Ice Cream,£2.75,(15.3p/100ml),frozen,icecreams,2024-11-19
Little Moons Vegan Passionfruit & Mango Mochi Ice Cream,£5.00,(£2.60/100g),frozen,icecreams,2024-11-19
Kulfi Ice Pistachio Milk Lollies with Real Pistachos,£2.55,(£2.55/each),frozen,icecreams,2024-11-19
Magnum Ice Cream Sticks Almond 6x 100 ml,£5.85,(97.5p/100ml),frozen,icecreams,2024-11-19
Rowntree's 4 Fruit Pastille Lollies,£2.50,(96.2p/100ml),frozen,icecreams,2024-11-19
Mars Chocolate Caramel Ice Cream Bars 4pk (4 x 40g),£2.50,(£1.26/100ml),frozen,icecreams,2024-11-19
Snickers Chocolate Peanut Ice Cream Bars 4pack (4 x 45.6g),£2.50,(£1.24/100ml),frozen,icecreams,2024-11-19
Ben & Jerry's Ice Cream Cookie Dough 465 ML,£5.15,(£1.11/100ml),frozen,icecreams,2024-11-19
Ben & Jerry's Sundae Ice Cream Tub Marshmallow & S'more 427ml,£3.75,(87.8p/100ml),frozen,icecreams,2024-11-19
Bounty Chocolate & Coconut Ice Cream Bars 4pk,£2.50,(£1.25/100ml),frozen,icecreams,2024-11-19
Ben & Jerry's Ice Cream Choco-lotta Cheesecake Sundae 427ml,£3.75,(87.8p/100ml),frozen,icecreams,2024-11-19
Magnum Ice Cream Sticks Double Sunlover 3 x 85 ml,£3.00,(£1.18/100ml),frozen,icecreams,2024-11-19
Twix Chocolate & Caramel Ice Cream 4pk,£2.50,(£1.45/100ml),frozen,icecreams,2024-11-19
Magnum Ice Cream Sticks Double Gold Caramel Billionaire 3x 85 ml,£3.00,(£11.76/lt),frozen,icecreams,2024-11-19
Ben & Jerry's Ice Cream Minter Wonderland 465 ML,£5.15,(£1.11/100ml),frozen,icecreams,2024-11-19
Rowntree's 4 Fruit Pastille Lollies,£2.50,(96.2p/100ml),frozen,icecreams,2024-11-19
Ben & Jerry's Ice Cream Cookie Dough 465 ML,£5.15,(£1.11/100ml),frozen,icecreams,2024-11-19
Ben & Jerry's Sundae Ice Cream Tub Marshmallow & S'more 427ml,£3.75,(87.8p/100ml),frozen,icecreams,2024-11-19
Cadbury Caramilk Ice Creams 4 x 90ml (360ml),£3.00,(83.3p/100ml),frozen,icecreams,2024-11-19
Kulfi Ice Pistachio Milk Lollies with Real Pistachos,£2.55,(£2.55/each),frozen,icecreams,2024-11-19
Little Moons Honey Roasted Pistachio Mochi Ice Cream,£5.00,(£2.60/100g),frozen,icecreams,2024-11-19
Kulfi Ice Pistachio Flavour Ice Cream with Real Pistachios,£2.75,(£2.75/lt),frozen,icecreams,2024-11-19
ASDA Cookie Dough Ice Cream 473ml,£2.90,(61.3p/100ml),frozen,icecreams,2024-11-19
Terry's Chocolate Orange Ice Cream 450ml,£3.00,(66.7p/100ml),frozen,icecreams,2024-11-19
Magnum Double Gold Caramel Billionaire Ice Cream Tub,£3.00,(68.2p/100ml),frozen,icecreams,2024-11-19
Mr Freeze Jubbly Strawberry Ice Lollies,£1.60,(32.3p/100ml),frozen,icecreams,2024-11-19
Haagen-Dazs Caramel Collection Mini Cup Ice Cream 4 x 95ml,£3.75,(98.7p/100ml),frozen,icecreams,2024-11-19
Ben & Jerry's Ice Cream Choco-lotta Cheesecake Sundae 427ml,£3.75,(87.8p/100ml),frozen,icecreams,2024-11-19
Cadbury Boost Ice Cream,£3.00,(83.3p/100ml),frozen,icecreams,2024-11-19
Kulfi Ice Mango Ice Lollies with Real Mangoes,£2.55,(£2.55/each),frozen,icecreams,2024-11-19
Halo Top Ice Cream Honeycomb Crunch 460ml,£3.75,(81.5p/100ml),frozen,icecreams,2024-11-19
Magnum Vegan Ice Cream Sticks Classic 3 x 90 ml,£4.00,(£1.48/100ml),frozen,icecreams,2024-11-19
Ben & Jerry's Cookie Vermont-ster Sundae Ice Cream,£3.75,(87.8p/100ml),frozen,icecreams,2024-11-19
Ben & Jerry's Half Baked Ice Cream Tub,£5.15,(£1.11/100ml),frozen,icecreams,2024-11-19
Ben & Jerry's Sundae Ice Cream Tub Non Dairy Oat of this Swirled 427ml,£3.75,(87.8p/100ml),frozen,icecreams,2024-11-19
Halo Top Ice Cream Chocolate Chip Cookie Dough 460ml,£3.75,(81.5p/100ml),frozen,icecreams,2024-11-19
Nuii White Chocolate & Scandinavian Mountain Cranberries 201g,£4.00,(£1.48/100ml),frozen,icecreams,2024-11-19
Cadbury Dairy Milk Choc Tops Cones 4 x 100ml (400ml),£3.00,(75.0p/100ml),frozen,icecreams,2024-11-19
English Lakes Luxury Ice Cream Thunder & Lightning 1 Litre,£5.50,(55.0p/100ml),frozen,icecreams,2024-11-19
R Whites Premium Lemonade Ice Lollies 3 x 78g (234g),£2.25,(£1.01/100ml),frozen,icecreams,2024-11-19
Magnum Vegan Ice Cream Sticks Raspberry Swirl 3 x 90 ml,£4.00,(£1.48/100ml),frozen,icecreams,2024-11-19
Oreo Ice Cream with Oreo Cookie Pieces 4 x 400ml,£3.50,(87.5p/100ml),frozen,icecreams,2024-11-19
Kelly's Cornish Honeycomb Crunch Ice Cream,£3.60,(37.9p/100ml),frozen,icecreams,2024-11-19
Mackie's of Scotland Traditional Dairy Ice Cream,£4.25,(21.2p/100ml),frozen,icecreams,2024-11-19
Little Moons Coconut Mochi Ice Cream,£5.00,(£2.60/100g),frozen,icecreams,2024-11-19
Ben & Jerry's Chocolate Chip Cookie Dough Chunks Tub,£3.75,(£2.21/100g),frozen,icecreams,2024-11-19
Haagen-Dazs Cookies & Cream Ice Cream,£3.75,(81.5p/100ml),frozen,icecreams,2024-11-19
Haagen-Dazs Mini Cups Fruit Collection Ice Cream 4 x 95ml,£5.40,(£1.42/100ml),frozen,icecreams,2024-11-19
ASDA Mango Sorbet 500ml,£2.55,(51.0p/100ml),frozen,icecreams,2024-11-19
Haagen-Dazs Strawberries & Cream Ice Cream 460ml,£3.75,(81.5p/100ml),frozen,icecreams,2024-11-19
ASDA Lemon Sorbet 500ml,£2.55,(51.0p/100ml),frozen,icecreams,2024-11-19
Ben & Jerry's Ice Cream Tub Non Dairy Cookies on Cookie Dough 465ml,£3.75,(80.7p/100ml),frozen,icecreams,2024-11-19
Little Moons Mochi Sorbet Refreshos Blood Orange and Pink Grapefruit 6 x 32g (192g),£3.75,(£1.95/100g),frozen,icecreams,2024-11-19
Robinsons Orange 4 x 60g (240g),£2.50,(£1.04/100ml),frozen,icecreams,2024-11-19
"Magnum Mini Ice Cream Sticks Classic, Almond & White Chocolate 6x 55 ml",£4.50,(£1.36/100ml),frozen,icecreams,2024-11-19
Cadbury 4 Dairy Milk Caramel Ice Cream Cones,£3.50,(87.5p/100ml),frozen,icecreams,2024-11-19
Wall's Twister Ice Lolly Mini Tropical 6x 50 ml,£2.50,(83.3p/100ml),frozen,icecreams,2024-11-19
Wall's Ice Lolly Mini Pineapple 6x 50 ml,£2.50,(83.3p/100ml),frozen,icecreams,2024-11-19
Calippo Ice Lolly Mini Cola 5x 80 ml,£2.50,(62.5p/100ml),frozen,icecreams,2024-11-19
Solero Ice Cream Sticks Red Berries 3x 90 ml,£2.75,(£1.02/100ml),frozen,icecreams,2024-11-19
ASDA 8 Neapolitan Choc Ice Cream Wafers 8x90ml,£2.30,(31.9p/100ml),frozen,icecreams,2024-11-19
ASDA Orange Juice Lollies 6 x 73ml (438ml),£1.40,(32.0p/100ml),frozen,icecreams,2024-11-19
"Wall's Mini Milk Vanilla, Strawberry & Chocolate Ice Cream Lollies 10 x 35ml",£2.50,(71.4p/100ml),frozen,icecreams,2024-11-19
Rowntree's 4 Fruit Pastille Lollies,£2.50,(96.2p/100ml),frozen,icecreams,2024-11-19
Mars Chocolate Caramel Ice Cream Bars 4pk (4 x 40g),£2.50,(£1.26/100ml),frozen,icecreams,2024-11-19
Snickers Chocolate Peanut Ice Cream Bars 4pack (4 x 45.6g),£2.50,(£1.24/100ml),frozen,icecreams,2024-11-19
Ben & Jerry's Ice Cream Cookie Dough 465 ML,£5.15,(£1.11/100ml),frozen,icecreams,2024-11-19
Ben & Jerry's Sundae Ice Cream Tub Marshmallow & S'more 427ml,£3.75,(87.8p/100ml),frozen,icecreams,2024-11-19
Bounty Chocolate & Coconut Ice Cream Bars 4pk,£2.50,(£1.25/100ml),frozen,icecreams,2024-11-19
Ben & Jerry's Ice Cream Choco-lotta Cheesecake Sundae 427ml,£3.75,(87.8p/100ml),frozen,icecreams,2024-11-19
Magnum Ice Cream Sticks Double Sunlover 3 x 85 ml,£3.00,(£1.18/100ml),frozen,icecreams,2024-11-19
Twix Chocolate & Caramel Ice Cream 4pk,£2.50,(£1.45/100ml),frozen,icecreams,2024-11-19
Magnum Ice Cream Sticks Double Gold Caramel Billionaire 3x 85 ml,£3.00,(£11.76/lt),frozen,icecreams,2024-11-19
Ben & Jerry's Phish Food Ice Cream Tub,£5.15,(£1.11/100ml),frozen,icecreams,2024-11-19
Kit Kat Chunky Milk Chocolate Bars Multipack,£1.50,(93.8p/100g),cupboard,treats_snacks,2024-11-19
Galaxy Smooth Milk Chocolate Bars Multipack,£1.75,(£1.04/100g),cupboard,treats_snacks,2024-11-19
Milky Way Nougat & Milk Chocolate Snack Bars Multipack 6 x 21.5g,£1.75,(£1.36/100g),cupboard,treats_snacks,2024-11-19
Cadbury Caramel Milk Chocolate Bars 4 Pack,£1.75,(£1.18/100g),cupboard,treats_snacks,2024-11-19
Cadbury Dairy Milk Little Bars Chocolate 6 Pack,£1.40,(£1.30/100g),cupboard,treats_snacks,2024-11-19
Cadbury Wispa Chocolate Bars 4 Pack,£1.75,(£1.57/100g),cupboard,treats_snacks,2024-11-19
Cadbury Curly Wurly Chocolate Bars 5 Pack,£1.40,(£1.30/100g),cupboard,treats_snacks,2024-11-19
Galaxy Ripple Chocolate Bars Multipack 4 x 30g,£1.75,(£1.46/100g),cupboard,treats_snacks,2024-11-19
Cadbury Dairy Milk Freddo Chocolate Bars 5 Pack,£1.40,(£1.56/100g),cupboard,treats_snacks,2024-11-19
Cadbury Fudge Chocolate Bars 5 Pack,£1.40,(£1.27/100g),cupboard,treats_snacks,2024-11-19
Cadbury Crunchie Milk Chocolate Bars 4 Pack,£1.75,(£1.37/100g),cupboard,treats_snacks,2024-11-19
Cadbury Twirl Chocolate Bars 10 Pack,£2.50,(£1.16/100g),cupboard,treats_snacks,2024-11-19
Kinder Bueno Hazelnuts & Milk Chocolate Bars Multipack 4x,£2.55,(£1.48/100g),cupboard,treats_snacks,2024-11-19
Cadbury Wispa Chocolate Bars 9 Pack,£2.50,(£1.17/100g),cupboard,treats_snacks,2024-11-19
Snickers Bars 4 x 41.7g (166.8g),£1.75,(£1.05/100g),cupboard,treats_snacks,2024-11-19
Cadbury Twirl Milk Chocolate Bars 4 Pack,£1.75,(£1.29/100g),cupboard,treats_snacks,2024-11-19
Aero Bubbly Peppermint Mint Chocolate Bars Multipack,£1.85,(£1.71/100g),cupboard,treats_snacks,2024-11-19
Mars 4 x 39.4g (157.6g),£1.75,(£1.11/100g),cupboard,treats_snacks,2024-11-19
Kinder Milk Chocolate Small Snack Bars Multipack 16x,£2.80,(£1.40/100g),cupboard,treats_snacks,2024-11-19
Bounty Coconut & Milk Chocolate Snack Bars Multipack 4 x 57g,£1.75,(76.8p/100g),cupboard,treats_snacks,2024-11-19
Kinder Milk Chocolate Medium Snack Bars Multipack 6x,£1.65,(£1.31/100g),cupboard,treats_snacks,2024-11-19
Fry's Turkish Delight 3 Pack,£1.35,(88.2p/100g),cupboard,treats_snacks,2024-11-19
Cadbury Flake Chocolate Bar 4 Pack,£1.75,(£1.72/100g),cupboard,treats_snacks,2024-11-19
Smarties Hexatube Milk Chocolate Multipack,£1.85,(£1.36/100g),cupboard,treats_snacks,2024-11-19
Cadbury Double Decker Chocolate Bars 4 Pack,£1.75,(£1.00/100g),cupboard,treats_snacks,2024-11-19
Cadbury Wispa Gold Chocolate Bars 4 Pack,£1.75,(£1.14/100g),cupboard,treats_snacks,2024-11-19
Cadbury Dairy Milk Chocolate Bars 4 Pack,£1.75,(£1.31/100g),cupboard,treats_snacks,2024-11-19
"Kit Kat 4 Finger Milk Chocolate Bar, 4 Pack",£1.50,(90.4p/100g),cupboard,treats_snacks,2024-11-19
Cadbury Dairy Milk Chocolate Bars 9 Pack,£3.00,(£1.23/100g),cupboard,treats_snacks,2024-11-19
Snickers Chocolate Snack Size Bars Multipack 9 x 35.5g,£2.90,(90.8p/100g),cupboard,treats_snacks,2024-11-19
"Mars Caramel, Nougat & Milk Chocolate Snack Bars Multipack 9 x 33.8g",£2.90,(95.3p/100g),cupboard,treats_snacks,2024-11-19
Kinder Bueno Hazelnuts & White Chocolate Bars Multipack 4x,£2.55,(£1.63/100g),cupboard,treats_snacks,2024-11-19
ASDA Caramel Nougat Bars 6 x 38g (228g),£1.65,(72.4p/100g),cupboard,treats_snacks,2024-11-19
ASDA Fun Size Milk Chocolate Bubblies 15 Pack,£2.20,(£1.47/100g),cupboard,treats_snacks,2024-11-19
"Kit Kat 2 Finger Milk Chocolate Biscuit Bar, 9 Pack",£1.65,(88.6p/100g),cupboard,treats_snacks,2024-11-19
ASDA Peanut Nougat Bars 6 x 38g (228g),£1.65,(72.4p/100g),cupboard,treats_snacks,2024-11-19
Toffee Crisp Biscuits 7 x 18.7g (130.9g),£1.35,(£1.03/100g),cupboard,treats_snacks,2024-11-19
ASDA Fun Size Chocolate Whirly Bars 15 Pack,£1.95,(81.2p/100g),cupboard,treats_snacks,2024-11-19
Lion Milk Chocolate Bars Multipack,£1.50,(89.3p/100g),cupboard,treats_snacks,2024-11-19
KitKat Chunky Crunchy Double Choc Bars 4 x 34g (136g),£1.50,(£1.10/100g),cupboard,treats_snacks,2024-11-19
Cadbury Crunchie Chocolate Bar 9 Pack 234.9g,£2.50,(£1.06/100g),cupboard,treats_snacks,2024-11-19
Terry's Chocolate Orange Milk Chocolate Bars 3 Pack,£1.35,(£1.29/100g),cupboard,treats_snacks,2024-11-19
Milkybar 6 x 12g (72g),£1.65,(£2.29/100g),cupboard,treats_snacks,2024-11-19
Cadbury Timeout Orange Milk Chocolate Covered Wafer 6 x 18g (108g),£1.35,(£1.25/100g),cupboard,treats_snacks,2024-11-19
Aero Peppermint 8 x 27g (216g),£2.50,(£1.16/100g),cupboard,treats_snacks,2024-11-19
Cadbury Picnic Chocolate Bar 4 Pack,£1.75,(£1.15/100g),cupboard,treats_snacks,2024-11-19
Toffee Crisp Bars 4 x 38g (152g),£1.50,(98.7p/100g),cupboard,treats_snacks,2024-11-19
Daim Chocolate Bar Multipack,£1.35,(£1.61/100g),cupboard,treats_snacks,2024-11-19
Kit Kat Chunky White Bars 4 x 40g (160g),£1.50,(93.8p/100g),cupboard,treats_snacks,2024-11-19
Fry's Chocolate Cream 3 Pack 147g,£1.35,(91.8p/100g),cupboard,treats_snacks,2024-11-19
Cadbury Boost Chocolate Bars 4 Pack,£1.75,(£1.18/100g),cupboard,treats_snacks,2024-11-19
Rolo Milk Chocolate & Caramel Multipack,£1.85,(£1.10/100g),cupboard,treats_snacks,2024-11-19
Cadbury Milk Chocolate Tree Decorations 72g,£1.75,(£2.43/100g),cupboard,treats_snacks,2024-11-19
Cadbury Double Decker Chocolate Bars 9 Pack,£3.00,(89.4p/100g),cupboard,treats_snacks,2024-11-19
Cadbury Delights Soft Nougat Hazelnut Flavour & Caramel Bars 5 x 22g (110g),£1.50,(£1.36/100g),cupboard,treats_snacks,2024-11-19
Kit Kat 2 Finger Milk Chocolate Biscuit Bars Bumper Multipack,£2.70,(93.2p/100g),cupboard,treats_snacks,2024-11-19
Skinny Dream Salted Caramel Chocolate Bars,£1.25,(£1.00/100g),cupboard,treats_snacks,2024-11-19
Maltesers and Friends Small Christmas Chocolate Selection Pack 73g,£1.25,(£1.71/100g),cupboard,treats_snacks,2024-11-19
Skinny Whip Mint & Dark Chocolate Bars,£1.15,(£1.15/100g),cupboard,treats_snacks,2024-11-19
Yorkie Milk Chocolate Bars Multipack,£1.85,(£1.34/100g),cupboard,treats_snacks,2024-11-19
Kit Kat Chunky Milk Chocolate Bars Multipack,£1.50,(93.8p/100g),cupboard,treats_snacks,2024-11-19
Galaxy Smooth Milk Chocolate Bars Multipack,£1.75,(£1.04/100g),cupboard,treats_snacks,2024-11-19
Milky Way Nougat & Milk Chocolate Snack Bars Multipack 6 x 21.5g,£1.75,(£1.36/100g),cupboard,treats_snacks,2024-11-19
Aero Milk Chocolate Bubbly Bar 4 Pack,£1.85,(£1.71/100g),cupboard,treats_snacks,2024-11-19
Galaxy Ripple Chocolate Bars Multipack 7 x 30g,£2.90,(£1.38/100g),cupboard,treats_snacks,2024-11-19
Kinder Bueno Hazelnuts & Milk Chocolate Bars Multipack 4x,£2.55,(£1.48/100g),cupboard,treats_snacks,2024-11-19
Bounty Coconut & Milk Chocolate Snack Bars Multipack 4 x 57g,£1.75,(76.8p/100g),cupboard,treats_snacks,2024-11-19
Kinder Bueno Hazelnuts & White Chocolate Bars Multipack 4x,£2.55,(£1.63/100g),cupboard,treats_snacks,2024-11-19
"Mars Caramel, Nougat & Milk Chocolate Snack Bars Multipack 9 x 33.8g",£2.90,(95.3p/100g),cupboard,treats_snacks,2024-11-19
"Kit Kat 4 Finger Milk Chocolate Bar, 4 Pack",£1.50,(90.4p/100g),cupboard,treats_snacks,2024-11-19
Galaxy Smooth Milk Chocolate Bars Multipack,£1.75,(£1.04/100g),cupboard,treats_snacks,2024-11-19
Kit Kat Chunky Milk Chocolate Bars Multipack,£1.50,(93.8p/100g),cupboard,treats_snacks,2024-11-19
Milky Way Nougat & Milk Chocolate Snack Bars Multipack 6 x 21.5g,£1.75,(£1.36/100g),cupboard,treats_snacks,2024-11-19
Skinny Whip Mint & Dark Chocolate Bars,£1.15,(£1.15/100g),cupboard,treats_snacks,2024-11-19
Caramac 3 x 30g (90g),£1.85,(£2.06/100g),cupboard,treats_snacks,2024-11-19
Cadbury Delights Soft Nougat Salted Caramel Bars 5 x 22g (110g),£1.50,(£1.36/100g),cupboard,treats_snacks,2024-11-19
Cadbury Delights Soft Nougat Orange & Caramel Bars 5 x 22g (110g),£1.50,(£1.36/100g),cupboard,treats_snacks,2024-11-19
M&M's Multipack Crispy Chocolate Santa 5 x 29g,£2.50,(£1.72/100g),cupboard,treats_snacks,2024-11-19
Kinnerton Bluey Milk Chocolate Treats 65g,£1.65,(£2.54/100g),cupboard,treats_snacks,2024-11-19
Skinny Dream Millionaire's Shortbread,£1.25,(£1.32/100g),cupboard,treats_snacks,2024-11-19
Kit Kat 2 Finger Dark Chocolate Biscuit Bars Multipack,£1.65,(88.6p/100g),cupboard,treats_snacks,2024-11-19
Snickers Creamy Peanut Butter & Milk Chocolate Snack Bars Multipack 146g (4 Pack),£1.75,(£1.20/100g),cupboard,treats_snacks,2024-11-19
Skinny Whip Coconut & Dark Chocolate Bars,£1.15,(£1.15/100g),cupboard,treats_snacks,2024-11-19
Nestle Walnut Whip 6 x 30g (180g),£3.00,(£1.67/100g),cupboard,treats_snacks,2024-11-19
Milky Way Nougat & Milk Chocolate Snack Bars Multipack 12 x 21.5g,£2.90,(£1.12/100g),cupboard,treats_snacks,2024-11-19
Skinny Crunch Peanut Butter Snack Bars 5x,£1.15,(£1.15/100g),cupboard,treats_snacks,2024-11-19
Yorkie Milk Chocolate Bars Multipack,£1.85,(£1.34/100g),cupboard,treats_snacks,2024-11-19
Lindt Lindor Milk Chocolate Bars Multipack 4 x 25g,£3.00,(£3.00/100g),cupboard,treats_snacks,2024-11-19
Galaxy Ripple Chocolate Bars Multipack 7 x 30g,£2.90,(£1.38/100g),cupboard,treats_snacks,2024-11-19
Cadbury Milk Chocolate Tree Decorations 72g,£1.75,(£2.43/100g),cupboard,treats_snacks,2024-11-19
Cadbury Delights Soft Nougat Hazelnut Flavour & Caramel Bars 5 x 22g (110g),£1.50,(£1.36/100g),cupboard,treats_snacks,2024-11-19
Toffee Crisp Bars 9 x 31g (279g),£2.50,(89.6p/100g),cupboard,treats_snacks,2024-11-19
Skinny Dream Salted Caramel Chocolate Bars,£1.25,(£1.00/100g),cupboard,treats_snacks,2024-11-19
Skinny Dream Rocky Road Bars,£1.25,(£1.25/100g),cupboard,treats_snacks,2024-11-19
Cadbury Chocolate Stocking Selection Box 170g,£2.50,(£1.47/100g),cupboard,treats_snacks,2024-11-19
Skinny Dream 5 x 24g,£1.25,(£1.04/100g),cupboard,treats_snacks,2024-11-19
Cadbury Chocolate Selection Box 78g,£1.25,(£1.60/100g),cupboard,treats_snacks,2024-11-19
Skinny Crunch Mint & Dark Chocolate Snack Bars,£1.15,(£1.21/100g),cupboard,treats_snacks,2024-11-19
Skinny Whip Toffee Chocolate Bars,£1.15,(£1.15/100g),cupboard,treats_snacks,2024-11-19
Aero Milk Chocolate Bubbly Bar 4 Pack,£1.85,(£1.71/100g),cupboard,treats_snacks,2024-11-19
Skinny Whip Double Chocolate Bars,£1.15,(£1.15/100g),cupboard,treats_snacks,2024-11-19
Skinny Whip Chocolate Orange Bars,£1.15,(£1.15/100g),cupboard,treats_snacks,2024-11-19
Galaxy Christmas Collection 234g,£2.50,(£1.07/100g),cupboard,treats_snacks,2024-11-19
Maltesers Chocolate Fun Size Bags Multipack 214.5g,£3.50,(£1.63/100g),cupboard,treats_snacks,2024-11-19
Kinder Surprise Eggs 3x,£2.70,(£4.50/100g),cupboard,treats_snacks,2024-11-19
Kit Kat 2 Finger Orange Chocolate Biscuit Bars Bumper Multipack,£2.70,(93.2p/100g),cupboard,treats_snacks,2024-11-19
Skinny Crunch Chocolate Orange Snack Bars Multipack,£1.15,(£1.15/100g),cupboard,treats_snacks,2024-11-19
"Snickers Fruit & Nut Milk Chocolate Snack Bars Multipack, 4x32g",£1.75,(£1.37/100g),cupboard,treats_snacks,2024-11-19
Terry's Chocolate Orange Advent Calendar 106g,£2.50,(£2.36/100g),cupboard,treats_snacks,2024-11-19
M&M's & Friends 137g,£2.00,(£1.46/100g),cupboard,treats_snacks,2024-11-19
Lindt Teddy Christmas Milk Chocolate 5 x 50g,£2.50,(£5.00/100g),cupboard,treats_snacks,2024-11-19
Amicelli 16 Hazelnut Creme Wafer Rolls Wrapped in Milk Chocolate 200g,£3.50,(£1.75/100g),cupboard,treats_snacks,2024-11-19
Lindt Lindor Milk Chocolate Christmas Advent Calendar 300g,£10.00,(£3.33/100g),cupboard,treats_snacks,2024-11-19
Reese's 2 Peanut Butter Enrobed in White Creme Trees King Size 68g,£1.25,(£1.84/100g),cupboard,treats_snacks,2024-11-19
Moo Free White Choccy Advent Calendar 70g,£4.90,(£7.00/100g),cupboard,treats_snacks,2024-11-19
Fry's Collection 249g,£3.00,(£1.20/100g),cupboard,treats_snacks,2024-11-19
Ritter Sport Mini Crunchy Mix 9 x 16.67g (150g),£3.50,(£2.33/100g),cupboard,treats_snacks,2024-11-19
Amicelli 16 Limited Edition Milk Creme Wafer Rolls Wrapped in Milk Chocolate 200g,£3.50,(£1.75/100g),cupboard,treats_snacks,2024-11-19
Kinnerton Peppa Pig 24 Milk Chocolates 40g,£1.50,(£3.75/100g),cupboard,treats_snacks,2024-11-19
Galaxy Advent Calendar 110g,£2.50,(£2.27/100g),cupboard,treats_snacks,2024-11-19
NOMO Choc Lollies 3 x 12g (36g),£2.15,(£5.97/100g),cupboard,treats_snacks,2024-11-19
Reese's Anything But Ordinary Peanut Butter Cups 245g,£5.00,(£2.04/100g),cupboard,treats_snacks,2024-11-19
Milkybar White Chocolate Advent Calendar 85g,£2.50,(£2.94/100g),cupboard,treats_snacks,2024-11-19
Cadbury Dairy Milk Fruitier & Nuttier 4 x 30g (120g),£2.25,(£1.88/100g),cupboard,treats_snacks,2024-11-19
Cadbury Dairy Milk Chocolate Chunks Advent Calendar 258g,£5.50,(£2.13/100g),cupboard,treats_snacks,2024-11-19
Cadbury Dairy Milk Mixed Chocolate 348 Gr,£8.00,(£2.30/100g),cupboard,treats_snacks,2024-11-19
Moo Free Choccy Advent Calendar 70g,£4.90,(£7.00/100g),cupboard,treats_snacks,2024-11-19
"Snickers Crisp Fruit & Nut Multipack Chocolate Bar Snack, 4 x 32g",£2.20,(£1.72/100g),cupboard,treats_snacks,2024-11-19
Kinder 6 x 15g (90g),£2.25,(£2.50/100g),cupboard,treats_snacks,2024-11-19
Cadbury Dairy Milk Fruitier & Nuttier Orange Trail Mix,£2.25,(£2.25/100g),cupboard,treats_snacks,2024-11-19
Kit Kat Chunky Milk Chocolate Bars Multipack,£1.50,(93.8p/100g),cupboard,treats_snacks,2024-11-19
Aero Milk Chocolate Bubbly Bar 4 Pack,£1.85,(£1.71/100g),cupboard,treats_snacks,2024-11-19
Galaxy Smooth Milk Chocolate Bars Multipack,£1.75,(£1.04/100g),cupboard,treats_snacks,2024-11-19
Milky Way Nougat & Milk Chocolate Snack Bars Multipack 6 x 21.5g,£1.75,(£1.36/100g),cupboard,treats_snacks,2024-11-19
"Kit Kat 4 Finger Milk Chocolate Bar, 4 Pack",£1.50,(90.4p/100g),cupboard,treats_snacks,2024-11-19
Bounty Coconut & Milk Chocolate Snack Bars Multipack 4 x 57g,£1.75,(76.8p/100g),cupboard,treats_snacks,2024-11-19
Kinder Bueno Hazelnuts & White Chocolate Bars Multipack 4x,£2.55,(£1.63/100g),cupboard,treats_snacks,2024-11-19
Kinder Bueno Hazelnuts & Milk Chocolate Bars Multipack 4x,£2.55,(£1.48/100g),cupboard,treats_snacks,2024-11-19
Galaxy Ripple Chocolate Bars Multipack 7 x 30g,£2.90,(£1.38/100g),cupboard,treats_snacks,2024-11-19
"Mars Caramel, Nougat & Milk Chocolate Snack Bars Multipack 9 x 33.8g",£2.90,(95.3p/100g),cupboard,treats_snacks,2024-11-19
Galaxy Smooth Milk Chocolate Bars Multipack,£1.75,(£1.04/100g),cupboard,treats_snacks,2024-11-19
Milky Way Nougat & Milk Chocolate Snack Bars Multipack 6 x 21.5g,£1.75,(£1.36/100g),cupboard,treats_snacks,2024-11-19
Aero Milk Chocolate Bubbly Bar 4 Pack,£1.85,(£1.71/100g),cupboard,treats_snacks,2024-11-19
Tony's Chocolonely Countdown Calendar 216g,£10.00,(£4.63/100g),cupboard,treats_snacks,2024-11-19
Kinder 6 x 15g (90g),£2.25,(£2.50/100g),cupboard,treats_snacks,2024-11-19
Cadbury Dairy Milk Fruitier & Nuttier Chocolate Trail Mix Bag,£2.25,(£2.25/100g),cupboard,treats_snacks,2024-11-19
Nestle The Christmas Selection 129.4g,£2.00,(£1.55/100g),cupboard,treats_snacks,2024-11-19
Cadbury Favourites Selection 370g,£5.00,(£1.35/100g),cupboard,treats_snacks,2024-11-19
Aero Festive Selection 360g,£4.00,(£1.11/100g),cupboard,treats_snacks,2024-11-19
Cadbury Dairy Milk Creamy Advent Calendar 170g,£4.00,(£2.35/100g),cupboard,treats_snacks,2024-11-19
Lindt Santa Sleigh Christmas Milk Chocolate 5 x 50g,£2.50,(£5.00/100g),cupboard,treats_snacks,2024-11-19
Kinder 144g,£4.50,(£3.12/100g),cupboard,treats_snacks,2024-11-19
Cadbury Advent Calendar 308g,£8.00,(£2.60/100g),cupboard,treats_snacks,2024-11-19
Cadbury Dairy Milk Froitier & Nottier 4 x 30g (120g),£2.25,(£1.88/100g),cupboard,treats_snacks,2024-11-19
NOMO Christmas Selection Box 6 Treats 76g,£4.50,(£5.92/100g),cupboard,treats_snacks,2024-11-19
Cadbury Buttons Chocolate Selection Box 340g,£5.00,(£1.47/100g),cupboard,treats_snacks,2024-11-19
Kinder Surprise 100g,£4.50,(£4.50/100g),cupboard,treats_snacks,2024-11-19
Kinnerton Paw Patrol Milk Chocolate Treats 65g,£1.65,(£2.54/100g),cupboard,treats_snacks,2024-11-19
Kinder Santa Figures 110g,£2.25,(£2.05/100g),cupboard,treats_snacks,2024-11-19
NOMO 24 Creamy Choc Drops Advent Calendar 80g,£5.50,(£6.88/100g),cupboard,treats_snacks,2024-11-19
Twix & Friends Christmas Selection 140g,£2.00,(£1.43/100g),cupboard,treats_snacks,2024-11-19
Celebrations Chocolate Christmas Tree Advent Calendar 215g,£5.00,(£2.33/100g),cupboard,treats_snacks,2024-11-19
Mummy Meegz Choccy Balls 3 x 12g (36g),£1.50,(£4.17/100g),cupboard,treats_snacks,2024-11-19
NOMO Mini Bars 140g,£5.45,(£3.89/100g),cupboard,treats_snacks,2024-11-19
Reese's Ultimate Selection Box Peanut Butter Cups 284g,£4.00,(£1.41/100g),cupboard,treats_snacks,2024-11-19
Reese's 2 Milk Chocolate & Peanut Butter Trees King Size 68g,£1.25,(£1.84/100g),cupboard,treats_snacks,2024-11-19
Aero Milk Chocolate Bubbly Bar 4 Pack,£1.85,(£1.71/100g),cupboard,treats_snacks,2024-11-19
Galaxy Smooth Milk Chocolate Bars Multipack,£1.75,(£1.04/100g),cupboard,treats_snacks,2024-11-19
Milky Way Nougat & Milk Chocolate Snack Bars Multipack 6 x 21.5g,£1.75,(£1.36/100g),cupboard,treats_snacks,2024-11-19
Bounty Coconut & Milk Chocolate Snack Bars Multipack 4 x 57g,£1.75,(76.8p/100g),cupboard,treats_snacks,2024-11-19
"Mars Caramel, Nougat & Milk Chocolate Snack Bars Multipack 9 x 33.8g",£2.90,(95.3p/100g),cupboard,treats_snacks,2024-11-19
Kit Kat Chunky Milk Chocolate Bars Multipack,£1.50,(93.8p/100g),cupboard,treats_snacks,2024-11-19
Kinder Bueno Hazelnuts & White Chocolate Bars Multipack 4x,£2.55,(£1.63/100g),cupboard,treats_snacks,2024-11-19
Kinder Bueno Hazelnuts & Milk Chocolate Bars Multipack 4x,£2.55,(£1.48/100g),cupboard,treats_snacks,2024-11-19
"Kit Kat 4 Finger Milk Chocolate Bar, 4 Pack",£1.50,(90.4p/100g),cupboard,treats_snacks,2024-11-19
Galaxy Ripple Chocolate Bars Multipack 7 x 30g,£2.90,(£1.38/100g),cupboard,treats_snacks,2024-11-19
Lindt CLASSIC RECIPE MILK SHARING BAR 190g,£3.75,(£1.97/100g),cupboard,treats_snacks,2024-11-19
Toblerone Golden Caramel with Honey & Almond Nougat Bar 360g,£5.50,(£1.53/100g),cupboard,treats_snacks,2024-11-19
Toblerone Milk Chocolate Large Bar,£5.50,(£1.53/100g),cupboard,treats_snacks,2024-11-19
JUST ESSENTIALS by ASDA Milk Chocolate Sharing Bar,£0.49,(49.0p/100g),cupboard,treats_snacks,2024-11-19
Cadbury Dairy Milk Sharing Chocolate Bar,£2.50,(£1.39/100g),cupboard,treats_snacks,2024-11-19
Terry's Chocolate Mint Milk 145g,£1.25,(86.2p/100g),cupboard,treats_snacks,2024-11-19
Cadbury Dairy Milk Marvellous Creations Jelly Popping Candy Sharing Chocolate Bar,£2.50,(£1.56/100g),cupboard,treats_snacks,2024-11-19
Galaxy Smooth Milk Chocolate Large Gifting Bar,£3.50,(97.2p/100g),cupboard,treats_snacks,2024-11-19
Milka Hazelnut Sharing Chocolate Bar,£1.30,(£1.30/100g),cupboard,treats_snacks,2024-11-19
Cadbury Dairy Milk Fruit & Nut Chocolate Bar,£2.50,(£1.39/100g),cupboard,treats_snacks,2024-11-19
Cadbury Dairy Milk Wholenut Chocolate Bar,£2.50,(£1.39/100g),cupboard,treats_snacks,2024-11-19
Terry's Chocolate Orange Snowy Crunch 90g,£1.00,(£1.11/100g),cupboard,treats_snacks,2024-11-19
Galaxy Cookie Crumble Chocolate Block Bar,£1.35,(£1.18/100g),cupboard,treats_snacks,2024-11-19
Galaxy Smooth Milk Chocolate Block Sharing Bar 180g,£2.00,(£1.11/100g),cupboard,treats_snacks,2024-11-19
Cadbury Limited Edition Top Deck Milk Chocolate and White Chocolate 110g,£1.65,(£1.50/100g),cupboard,treats_snacks,2024-11-19
Milka Happy Cows Milk and White Chocolate Bar,£1.35,(£1.35/100g),cupboard,treats_snacks,2024-11-19
Maltesers Teasers Milk Chocolate & Honeycomb Block Bar,£1.35,(£1.35/100g),cupboard,treats_snacks,2024-11-19
Milka Alpine Milk Chocolate Bar 100g,£1.35,(£1.35/100g),cupboard,treats_snacks,2024-11-19
Aero Peppermint Mint Chocolate Sharing Bar,£1.35,(£1.50/100g),cupboard,treats_snacks,2024-11-19
Galaxy Smooth Caramel 135g,£1.35,(£1.00/100g),cupboard,treats_snacks,2024-11-19
Cadbury Dairy Milk Winter Wonderland 100g,£1.65,(£1.65/100g),cupboard,treats_snacks,2024-11-19
Cadbury Dairy Milk Crunchie Bits Chocolate Bar,£2.50,(£1.39/100g),cupboard,treats_snacks,2024-11-19
Reese's Peanut Butter Bar 90g,£1.75,(£1.94/100g),cupboard,treats_snacks,2024-11-19
Munchies Gooey Caramel & Biscuit Sharing Bar,£1.35,(£1.55/100g),cupboard,treats_snacks,2024-11-19
Cadbury Dairy Milk Caramel Chocolate Bar,£2.50,(£1.39/100g),cupboard,treats_snacks,2024-11-19
Cadbury Dairy Milk with Daim Chocolate Bar,£1.65,(£1.38/100g),cupboard,treats_snacks,2024-11-19
Cadbury Dairy Milk Mini Snowballs Bar 110g,£1.65,(£1.50/100g),cupboard,treats_snacks,2024-11-19
Aero Shaero Together Peppermint 145g,£2.00,(£1.38/100g),cupboard,treats_snacks,2024-11-19
Aero Milk Chocolate Sharing Bar,£1.35,(£1.50/100g),cupboard,treats_snacks,2024-11-19
Terry's Milk Chocolate Orange Sharing Bar,£1.25,(£1.39/100g),cupboard,treats_snacks,2024-11-19
Walkers Milk Chocolate Turkish Delight 150g,£1.30,(86.7p/100g),cupboard,treats_snacks,2024-11-19
Aero Hazelnut Flavour Choco 90g,£1.35,(£1.50/100g),cupboard,treats_snacks,2024-11-19
Cadbury Dairy Milk 360g,£4.50,(£1.25/100g),cupboard,treats_snacks,2024-11-19
Cadbury Dairy Milk Caramel Chocolate Bar,£1.65,(£1.38/100g),cupboard,treats_snacks,2024-11-19
Galaxy Smooth Milk Chocolate Block Bar 100g,£1.35,(£1.35/100g),cupboard,treats_snacks,2024-11-19
ASDA White Chocolate 200g,£2.30,(£1.15/100g),cupboard,treats_snacks,2024-11-19
Cadbury Dairy Milk & More Caramel Nut Crunch 200g,£3.00,(£1.50/100g),cupboard,treats_snacks,2024-11-19
Cadbury Limited Edition Dairy Milk Winter Mint Crisp 360g,£4.50,(£1.25/100g),cupboard,treats_snacks,2024-11-19
Cadbury Dairy Milk & More Nutty Praline Crisp 180g,£3.00,(£1.67/100g),cupboard,treats_snacks,2024-11-19
Cadbury Dairy Milk Fruit and Nut Chocolate Bar,£1.65,(£1.50/100g),cupboard,treats_snacks,2024-11-19
Cadbury Dairy Milk Chocolate Bar,£1.65,(£1.50/100g),cupboard,treats_snacks,2024-11-19
Cadbury Bournville Classic Dark Chocolate Bar,£2.50,(£1.39/100g),cupboard,treats_snacks,2024-11-19
Cadbury White Chocolate Bar with Oreo,£1.65,(£1.38/100g),cupboard,treats_snacks,2024-11-19
ASDA Milk Chocolate 200g,£2.30,(£1.15/100g),cupboard,treats_snacks,2024-11-19
Cadbury Dairy Milk Whole Nut Chocolate Bar,£1.65,(£1.38/100g),cupboard,treats_snacks,2024-11-19
Cadbury Dairy Milk Salted Caramel,£1.65,(£1.38/100g),cupboard,treats_snacks,2024-11-19
Cadbury Caramilk Golden Caramel Chocolate Bar,£2.50,(£1.56/100g),cupboard,treats_snacks,2024-11-19
Hershey's Cookies 'n' Creme,£1.75,(£1.94/100g),cupboard,treats_snacks,2024-11-19
Ritter Sport Rum Raisins Hazelnuts 100g,£1.90,(£1.90/100g),cupboard,treats_snacks,2024-11-19
ASDA Fruit & Nut Milk Chocolate 200g,£2.30,(£1.15/100g),cupboard,treats_snacks,2024-11-19
Galaxy Smooth Mint Chocolate Block Bar ,£1.35,(£1.23/100g),cupboard,treats_snacks,2024-11-19
ASDA Dark Chocolate 200g,£2.30,(£1.15/100g),cupboard,treats_snacks,2024-11-19
Ritter Sport Colourful Variety Marzipan 100g,£1.90,(£1.90/100g),cupboard,treats_snacks,2024-11-19
Ritter Sport Nut Selection Whole Hazelnuts 100g,£2.20,(£2.20/100g),cupboard,treats_snacks,2024-11-19
Lindt Excellence Dark Sea Salt Chocolate Bar 100g,£2.50,(£2.50/100g),cupboard,treats_snacks,2024-11-19
Kinder Surprise Chocolate Santa Figure 75g,£2.50,(£3.33/100g),cupboard,treats_snacks,2024-11-19
Lindt Lindor Milk Chocolate Bar 100g,£2.75,(£2.75/100g),cupboard,treats_snacks,2024-11-19
Ritter Sport Butter Biscuit 100g,£1.90,(£1.90/100g),cupboard,treats_snacks,2024-11-19
Green & Black's Organic Milk Chocolate Bar 90g,£2.75,(£3.06/100g),cupboard,treats_snacks,2024-11-19
Ritter Sport Sport Nut Selection White Whole Hazelnuts,£2.20,(£2.20/100g),cupboard,treats_snacks,2024-11-19
Lindt CLASSIC RECIPE MILK SHARING BAR 190g,£3.75,(£1.97/100g),cupboard,treats_snacks,2024-11-19
Toblerone Golden Caramel with Honey & Almond Nougat Bar 360g,£5.50,(£1.53/100g),cupboard,treats_snacks,2024-11-19
Toblerone Milk Chocolate Large Bar,£5.50,(£1.53/100g),cupboard,treats_snacks,2024-11-19
Toblerone White Chocolate with Honey & Almond Nougat Bar 360g,£5.50,(£1.53/100g),cupboard,treats_snacks,2024-11-19
Toblerone Orange Twist Sharing Chocolate Bar,£5.50,(£1.53/100g),cupboard,treats_snacks,2024-11-19
Galaxy Smooth Milk Chocolate Block Bar 100g,£1.35,(£1.35/100g),cupboard,treats_snacks,2024-11-19
Lindt CLASSIC RECIPE MILK SHARING BAR 190g,£3.75,(£1.97/100g),cupboard,treats_snacks,2024-11-19
Toblerone Golden Caramel with Honey & Almond Nougat Bar 360g,£5.50,(£1.53/100g),cupboard,treats_snacks,2024-11-19
Toblerone Milk Chocolate Large Bar,£5.50,(£1.53/100g),cupboard,treats_snacks,2024-11-19
Ritter Sport Butter Biscuit 100g,£1.90,(£1.90/100g),cupboard,treats_snacks,2024-11-19
Ritter Sport Sport Nut Selection White Whole Hazelnuts,£2.20,(£2.20/100g),cupboard,treats_snacks,2024-11-19
ASDA Marvellous Popcorn Milk Chocolate Slab 100g,£2.50,(£2.50/100g),cupboard,treats_snacks,2024-11-19
Ombar Oat M'lk Smooth & Creamy Chocolate 70g,£2.00,(£2.86/100g),cupboard,treats_snacks,2024-11-19
M&M's Milk Chocolate Christmas Santa Shape with Mini Chocolate M&M’s 100g,£1.85,(£1.85/100g),cupboard,treats_snacks,2024-11-19
Montezuma's Organic 74% Happy Hippy Orange & Geranium Dark Chocolate 90g,£3.00,(£3.33/100g),cupboard,treats_snacks,2024-11-19
Vego Organic Almond Bliss White Chocolate Bar,£1.75,(£3.50/100g),cupboard,treats_snacks,2024-11-19
Green & Black's Organic Ginger Dark Chocolate Bar 90g,£2.75,(£3.06/100g),cupboard,treats_snacks,2024-11-19
Lotus Biscoff Milk Chocolate with Biscoff Crumbs 180g,£3.00,(£1.67/100g),cupboard,treats_snacks,2024-11-19
Lindt Santa Christmas Milk Chocolate 125g,£3.00,(£2.40/100g),cupboard,treats_snacks,2024-11-19
Lindt Les Grandes Dark Chocolate Hazelnut Bar 150g,£4.25,(£2.83/100g),cupboard,treats_snacks,2024-11-19
Lindt Excellence Dark 85% Cocoa Chocolate Bar 100g,£2.50,(£2.50/100g),cupboard,treats_snacks,2024-11-19
Green & Black's Organic Milk Chocolate Bar 90g,£2.75,(£3.06/100g),cupboard,treats_snacks,2024-11-19
Feastables MrBeast Bar Deez Nuts Milk Chocolate with Peanut Butter 60g,£2.00,(£3.33/100g),cupboard,treats_snacks,2024-11-19
ASDA Extra Special Peruvian Dark Chocolate,£1.85,(£1.85/100g),cupboard,treats_snacks,2024-11-19
ASDA Wholenut Milk Chocolate 200g,£2.30,(£1.15/100g),cupboard,treats_snacks,2024-11-19
Milkybar Reindeer White 44g,£1.00,(£2.27/100g),cupboard,treats_snacks,2024-11-19
Kinder Milky Caramel 110g,£2.25,(£2.05/100g),cupboard,treats_snacks,2024-11-19
Milkybar 90g,£1.35,(£1.50/100g),cupboard,treats_snacks,2024-11-19
Lindt Excellence Milk Extra Creamy Chocolate Bar 100g,£2.50,(£2.50/100g),cupboard,treats_snacks,2024-11-19
Cadbury White 180g,£2.50,(£1.39/100g),cupboard,treats_snacks,2024-11-19
Aero Festive Orange 90g,£1.35,(£1.50/100g),cupboard,treats_snacks,2024-11-19
ASDA Swiss Mountain Bar 360g,£3.75,(£1.04/100g),cupboard,treats_snacks,2024-11-19
Cadbury Caramilk Golden Caramel Chocolate Bar,£1.65,(£1.83/100g),cupboard,treats_snacks,2024-11-19
Milka Bubbly White Chocolate Sharing Bar,£1.30,(£1.37/100g),cupboard,treats_snacks,2024-11-19
Lindt & Sprüngl CLASSIC RECIPE HAZELNUTS 190g,£3.75,(£1.97/100g),cupboard,treats_snacks,2024-11-19
Feastables MrBeast Bar Milk Chocolate 60g,£2.00,(£3.33/100g),cupboard,treats_snacks,2024-11-19
Green & Black's Organic White Chocolate Bar 90g,£2.75,(£3.06/100g),cupboard,treats_snacks,2024-11-19
Ritter Sport Sweet n' Salty 218g,£3.00,(£1.38/100g),cupboard,treats_snacks,2024-11-19
Lindt Excellence Milk Sea Salt Caramel Chocolate Bar 100g,£2.50,(£2.50/100g),cupboard,treats_snacks,2024-11-19
Green & Black's Organic Smooth Mint Chocolate 90g,£2.75,(£3.06/100g),cupboard,treats_snacks,2024-11-19
Ritter Sport Coffee Duo 218g,£3.00,(£1.38/100g),cupboard,treats_snacks,2024-11-19
Lindt Les Grandes Milk Chocolate Hazelnut Bar 150g,£4.25,(£2.83/100g),cupboard,treats_snacks,2024-11-19
Galaxy Salted Caramel & Milk Chocolate Block Bar Vegetarian 135g,£1.35,(£1.00/100g),cupboard,treats_snacks,2024-11-19
Tony's Chocolonely Fairtrade Milk Caramel Biscuit,£3.00,(£1.67/100g),cupboard,treats_snacks,2024-11-19
Ritter Sport Orange Chocolate Bar,£1.90,(£1.90/100g),cupboard,treats_snacks,2024-11-19
Ferrero Rocher Dark Chocolate & Hazelnut Sharing Bar,£2.45,(£2.72/100g),cupboard,treats_snacks,2024-11-19
Milkybar Reindeer White 88g,£2.00,(£2.27/100g),cupboard,treats_snacks,2024-11-19
Toblerone Orange Twist Sharing Chocolate Bar,£5.50,(£1.53/100g),cupboard,treats_snacks,2024-11-19
ASDA Crunchy Pretzel Milk Chocolate Slab 100g,£2.50,(£2.50/100g),cupboard,treats_snacks,2024-11-19
Lotus Biscoff White Chocolate with Biscoff Cream 180g,£3.00,(£1.67/100g),cupboard,treats_snacks,2024-11-19
Tony's Chocolonely Fairtrade Milk Chocolate Caramel Sea Salt,£3.00,(£1.67/100g),cupboard,treats_snacks,2024-11-19
Tony's Chocolonely Fairtrade Milk Creamy Hazelnut Crunch,£3.00,(£1.67/100g),cupboard,treats_snacks,2024-11-19
Feastables MrBeast Bar Crunch Milk Chocolate with Puffed Rice 60g,£2.00,(£3.33/100g),cupboard,treats_snacks,2024-11-19
Cadbury Mini Snow Balls 360g,£4.50,(£1.25/100g),cupboard,treats_snacks,2024-11-19
Galaxy Vegan Crumbled Cookie Chocolate Bar,£2.20,(£2.20/100g),cupboard,treats_snacks,2024-11-19
Tony's Chocolonely Fairtrade Milk Crispy Wafer 180g,£3.00,(£1.67/100g),cupboard,treats_snacks,2024-11-19
Tony's Chocolonely Fairtrade Milk Chocolate,£3.00,(£1.67/100g),cupboard,treats_snacks,2024-11-19
Lindt Excellence Intense Dark 90% Cocoa Chocolate Bar 100g,£2.50,(£2.50/100g),cupboard,treats_snacks,2024-11-19
Ferrero Rocher Milk Chocolate & Hazelnut Sharing Bar,£2.00,(£2.22/100g),cupboard,treats_snacks,2024-11-19
Tony's Chocolonely Fairtrade White Raspberry Popping Candy 180g,£3.50,(£1.94/100g),cupboard,treats_snacks,2024-11-19
ASDA Extra Special Gianduja Chocolate 100g,£1.85,(£1.85/100g),cupboard,treats_snacks,2024-11-19
JUST ESSENTIALS by ASDA Dark Chocolate Sharing Bar,£0.49,(49.0p/100g),cupboard,treats_snacks,2024-11-19
ASDA Extra Special Extra Creamy Milk Chocolate 100g,£1.85,(£1.85/100g),cupboard,treats_snacks,2024-11-19
Thorntons Cheeky Reindeer Milk Chocolate 90g,£2.50,(£2.78/100g),cupboard,treats_snacks,2024-11-19
Lindt CLASSIC RECIPE MILK 100g,£1.80,(£1.80/100g),cupboard,treats_snacks,2024-11-19
NOMO Cookie Dough 150g,£3.60,(£2.40/100g),cupboard,treats_snacks,2024-11-19
Lindt CLASSIC RECIPE MILK SHARING BAR 190g,£3.75,(£1.97/100g),cupboard,treats_snacks,2024-11-19
Toblerone Golden Caramel with Honey & Almond Nougat Bar 360g,£5.50,(£1.53/100g),cupboard,treats_snacks,2024-11-19
Toblerone Milk Chocolate Large Bar,£5.50,(£1.53/100g),cupboard,treats_snacks,2024-11-19
Toblerone Orange Twist Sharing Chocolate Bar,£5.50,(£1.53/100g),cupboard,treats_snacks,2024-11-19
Toblerone White Chocolate with Honey & Almond Nougat Bar 360g,£5.50,(£1.53/100g),cupboard,treats_snacks,2024-11-19
Galaxy Smooth Milk Chocolate Block Bar 100g,£1.35,(£1.35/100g),cupboard,treats_snacks,2024-11-19
Lindt CLASSIC RECIPE MILK SHARING BAR 190g,£3.75,(£1.97/100g),cupboard,treats_snacks,2024-11-19
Toblerone Golden Caramel with Honey & Almond Nougat Bar 360g,£5.50,(£1.53/100g),cupboard,treats_snacks,2024-11-19
Toblerone Milk Chocolate Large Bar,£5.50,(£1.53/100g),cupboard,treats_snacks,2024-11-19
Ritter Sport Sport Cornflakes,£1.90,(£1.90/100g),cupboard,treats_snacks,2024-11-19
Feastables MrBeast Bar Crunch Milk Chocolate with Puffed Rice 60g,£2.00,(£3.33/100g),cupboard,treats_snacks,2024-11-19
Cadbury Mini Snow Balls 360g,£4.50,(£1.25/100g),cupboard,treats_snacks,2024-11-19
Lindt Excellence Intense Dark 90% Cocoa Chocolate Bar 100g,£2.50,(£2.50/100g),cupboard,treats_snacks,2024-11-19
Tony's Chocolonely Fairtrade Milk Chocolate,£3.00,(£1.67/100g),cupboard,treats_snacks,2024-11-19
Tony's Chocolonely Fairtrade Milk Crispy Wafer 180g,£3.00,(£1.67/100g),cupboard,treats_snacks,2024-11-19
Ferrero Rocher Milk Chocolate & Hazelnut Sharing Bar,£2.00,(£2.22/100g),cupboard,treats_snacks,2024-11-19
Milkybar Gold Caramel Flavour White Chocolate Sharing Bar,£1.35,(£1.59/100g),cupboard,treats_snacks,2024-11-19
ASDA Extra Special Ecuadorian Dark Chocolate with Sea Salt 100g,£1.85,(£1.85/100g),cupboard,treats_snacks,2024-11-19
ASDA Extra Special Orange Dark Chocolate 100g,£1.85,(£1.85/100g),cupboard,treats_snacks,2024-11-19
Cadbury Dairy Milk Large Chocolate Hollow Santa 100g,£2.25,(£2.25/100g),cupboard,treats_snacks,2024-11-19
ASDA Happy Birthday Bonanza Bar 160g,£2.50,(£1.56/100g),cupboard,treats_snacks,2024-11-19
Walkers Mint Cream 150g,£1.30,(86.7p/100g),cupboard,treats_snacks,2024-11-19
Tony's Chocolonely Milk Chocolate Chip Cookie 180g,£3.00,(£1.67/100g),cupboard,treats_snacks,2024-11-19
Lindt Excellence Dark Chilli Chocolate Bar 100g,£2.50,(£2.50/100g),cupboard,treats_snacks,2024-11-19
Lindt EXCELLENCE Dark Orange Chocolate Bar 100g,£2.50,(£2.50/100g),cupboard,treats_snacks,2024-11-19
Raffaello Coconut and Almond 90g,£2.00,(£2.22/100g),cupboard,treats_snacks,2024-11-19
ASDA Extra Special Madagascan Dark Chocolate,£1.85,(£1.85/100g),cupboard,treats_snacks,2024-11-19
Cadbury Plant Chocolate Bar 90g,£2.50,(£2.78/100g),cupboard,treats_snacks,2024-11-19
Galaxy Vegan Salted Caramel Chocolate Bar,£2.20,(£2.20/100g),cupboard,treats_snacks,2024-11-19
Cadbury Caramilk Crispy 85g,£1.65,(£1.94/100g),cupboard,treats_snacks,2024-11-19
Lindt Excellence Dark 70% Cocoa Chocolate Bar 100g,£2.50,(£2.50/100g),cupboard,treats_snacks,2024-11-19
ASDA Free From Choc Bar 100g,£2.20,(£2.20/100g),cupboard,treats_snacks,2024-11-19
Lindt Excellence Dark Mint Chocolate Bar 100g ?,£2.50,(£2.50/100g),cupboard,treats_snacks,2024-11-19
Lindt Excellence Dark Caramel Sea Salt Chocolate Bar 100g,£2.50,(£2.50/100g),cupboard,treats_snacks,2024-11-19
Lotus Biscoff Milk Chocolate with Biscoff Cream 180g,£3.00,(£1.67/100g),cupboard,treats_snacks,2024-11-19
Rhythm 108 Swiss Vegan Hazelnut Truffle Bar with M'lk Chocolate,£3.00,(£3.00/100g),cupboard,treats_snacks,2024-11-19
Green & Black's Organic 70% Dark Chocolate Bar 90g,£2.75,(£3.06/100g),cupboard,treats_snacks,2024-11-19
ASDA Hollow Reindeer 100g,£0.89,(89.0p/100g),cupboard,treats_snacks,2024-11-19
Lindt CLASSIC RECIPE MILK SHARING BAR 190g,£3.75,(£1.97/100g),cupboard,treats_snacks,2024-11-19
Toblerone Golden Caramel with Honey & Almond Nougat Bar 360g,£5.50,(£1.53/100g),cupboard,treats_snacks,2024-11-19
Toblerone Milk Chocolate Large Bar,£5.50,(£1.53/100g),cupboard,treats_snacks,2024-11-19
Toblerone Orange Twist Sharing Chocolate Bar,£5.50,(£1.53/100g),cupboard,treats_snacks,2024-11-19
Toblerone White Chocolate with Honey & Almond Nougat Bar 360g,£5.50,(£1.53/100g),cupboard,treats_snacks,2024-11-19
Galaxy Smooth Milk Chocolate Block Bar 100g,£1.35,(£1.35/100g),cupboard,treats_snacks,2024-11-19
Galaxy Minstrels Milk Chocolate Buttons Sharing Pouch Bag,£2.75,(£1.27/100g),cupboard,treats_snacks,2024-11-19
M&M's Crunchy Peanut & Milk Chocolate Sharing Bag,£2.75,(£1.25/100g),cupboard,treats_snacks,2024-11-19
M&M's Minis Milk Chocolate More to Share Pouch Bag 176g,£2.75,(£1.56/100g),cupboard,treats_snacks,2024-11-19
Reese's Peanut Butter Cups Milk Chocolate Peanut Butter Miniature Cups 62g,£1.00,(£1.61/100g),cupboard,treats_snacks,2024-11-19
ASDA Moreish Milk Chocolate Sprouts 80g,£1.00,(£1.25/100g),cupboard,treats_snacks,2024-11-19
Cadbury Dairy Milk Giant Buttons Chocolate Share Bag,£1.75,(£1.47/100g),cupboard,treats_snacks,2024-11-19
Maltesers Chocolate Pouch Bag,£1.65,(£1.62/100g),cupboard,treats_snacks,2024-11-19
Terry's Chocolate Mint Minis Mint Crisp 80g,£1.25,(£1.56/100g),cupboard,treats_snacks,2024-11-19
ASDA Chocolate Raisins 150g,£1.25,(83.3p/100g),cupboard,treats_snacks,2024-11-19
Milky Way Magic Stars Milk Chocolate Bites Pouch Bag 100g,£1.65,(£1.65/100g),cupboard,treats_snacks,2024-11-19
Cadbury Dairy Milk Caramel Nibbles Chocolate Share Bag,£1.75,(£1.46/100g),cupboard,treats_snacks,2024-11-19
Revels Large Pouch 205g,£2.75,(£1.34/100g),cupboard,treats_snacks,2024-11-19
Cadbury Dairy Milk Mega Buttons Chocolate Sharing Bag,£2.65,(£1.38/100g),cupboard,treats_snacks,2024-11-19
Aero Strawberry Flavour Melts 86g,£1.50,(£1.74/100g),cupboard,treats_snacks,2024-11-19
Cadbury Twirl Bites Milk Chocolate Share Bag,£1.75,(£1.61/100g),cupboard,treats_snacks,2024-11-19
Cadbury Oreo Bites Chocolate Bag,£1.75,(£1.59/100g),cupboard,treats_snacks,2024-11-19
Cadbury Chocolate Mini Snowballs Bag 80g,£1.65,(£2.06/100g),cupboard,treats_snacks,2024-11-19
Galaxy Minstrels Chocolate Pouch Bag,£1.65,(£1.32/100g),cupboard,treats_snacks,2024-11-19
Flipz Pretzels Milk Chocolate Snacks,£1.25,(£1.39/100g),cupboard,treats_snacks,2024-11-19
Munchies Milk Chocolate & Caramel Sharing Pouch,£1.50,(£1.44/100g),cupboard,treats_snacks,2024-11-19
Cadbury Crunchie Rocks Milk Chocolate Bag,£1.75,(£1.59/100g),cupboard,treats_snacks,2024-11-19
M&M's Crispy Chocolate More to Share Pouch Bag 213g,£2.75,(£1.29/100g),cupboard,treats_snacks,2024-11-19
Aero Bubbles Peppermint Mint Chocolate Sharing Bag,£1.50,(£1.63/100g),cupboard,treats_snacks,2024-11-19
Milkybar White Chocolate Giant Buttons Sharing Bag,£1.65,(£1.76/100g),cupboard,treats_snacks,2024-11-19
M&M's Crispy Milk Chocolate Bites Pouch Bag 107g,£1.65,(£1.54/100g),cupboard,treats_snacks,2024-11-19
Revels Chocolate Pouch Bag,£1.65,(£1.47/100g),cupboard,treats_snacks,2024-11-19
Cadbury Dairy Milk Buttons Twisted Chocolate Bag,£1.75,(£1.67/100g),cupboard,treats_snacks,2024-11-19
Terry's Chocolate Orange Minis Exploding Candy 105g,£1.50,(£1.43/100g),cupboard,treats_snacks,2024-11-19
Caramac Caramel 86g,£1.50,(£1.74/100g),cupboard,treats_snacks,2024-11-19
ASDA Milk Chocolate Buttons 30g,£0.55,(£1.83/100g),cupboard,treats_snacks,2024-11-19
Smarties Milk Chocolate Sharing Pouch,£1.50,(£1.43/100g),cupboard,treats_snacks,2024-11-19
Milkybar Festive Friends 57g,£1.25,(£2.19/100g),cupboard,treats_snacks,2024-11-19
ASDA Chocolate Peanuts 150g,£1.25,(83.3p/100g),cupboard,treats_snacks,2024-11-19
Maltesers Milk Chocolate & Honeycomb Sharing Bag,£2.75,(£1.57/100g),cupboard,treats_snacks,2024-11-19
Cadbury Dairy Milk Buttons,£2.65,(£1.43/100g),cupboard,treats_snacks,2024-11-19
Aero Orange Bubbles 70g,£1.25,(£1.79/100g),cupboard,treats_snacks,2024-11-19
Galaxy Counters Chocolate Pouch,£1.65,(£1.35/100g),cupboard,treats_snacks,2024-11-19
Munchies Munchies Milk Chocolate & Caramel Sharing Bag 194g,£2.50,(£1.29/100g),cupboard,treats_snacks,2024-11-19
ASDA Tasty White Chocolate Coins 75g,£0.85,(£1.13/100g),cupboard,treats_snacks,2024-11-19
Cadbury Curly Wurly Squirlies Chocolate Share Bag,£1.75,(£1.59/100g),cupboard,treats_snacks,2024-11-19
M&M's Peanut 125g,£1.65,(£1.32/100g),cupboard,treats_snacks,2024-11-19
Cadbury Dairy Milk Caramel Nibbles Chocolate Sharing Bag,£2.65,(£1.42/100g),cupboard,treats_snacks,2024-11-19
Terry's Chocolate Orange Minis Sharing Bag,£1.50,(£1.20/100g),cupboard,treats_snacks,2024-11-19
Maltesers Mini Reindeers 59g,£1.25,(£2.12/100g),cupboard,treats_snacks,2024-11-19
Cadbury Bitsa Wispa Chocolate Share Bag,£1.75,(£1.59/100g),cupboard,treats_snacks,2024-11-19
ASDA Chocolate Honeycomb 140g,£1.60,(£1.14/100g),cupboard,treats_snacks,2024-11-19
ASDA Milk Chocolate Giant Buttons 110g,£1.55,(£1.41/100g),cupboard,treats_snacks,2024-11-19
M&M's Minis Milk Chocolate Bites Pouch Bag 115g,£1.65,(£1.43/100g),cupboard,treats_snacks,2024-11-19
Reese's Minis Unwrapped Chocolate Peanut Butter Cups,£1.85,(£2.06/100g),cupboard,treats_snacks,2024-11-19
Cadbury Eclairs Classic Chocolate Bag 130g,£1.35,(£1.04/100g),cupboard,treats_snacks,2024-11-19
M&M's Chocolate Pouch Bag 125g,£1.65,(£1.32/100g),cupboard,treats_snacks,2024-11-19
Flipz Salted Caramel Flavour Coated Pretzels,£1.25,(£1.39/100g),cupboard,treats_snacks,2024-11-19
Smarties White Chocolate 120g,£1.35,(£1.12/100g),cupboard,treats_snacks,2024-11-19
Cadbury Crunchie Bits 300g,£3.50,(£1.17/100g),cupboard,treats_snacks,2024-11-19
Cadbury Dairy Milk Freddo & Friends 300g,£3.50,(£1.17/100g),cupboard,treats_snacks,2024-11-19
Munchies Cookie Dough Ice Cream 97g,£1.50,(£1.55/100g),cupboard,treats_snacks,2024-11-19
Cadbury Dairy Milk Buttons Mint Chocolate Bag,£1.75,(£1.59/100g),cupboard,treats_snacks,2024-11-19
Cadbury Dairy Milk Orange Giant Buttons Chocolate Bag,£1.75,(£1.59/100g),cupboard,treats_snacks,2024-11-19
Daim Mini Chocolate Bag 200g,£2.65,(£1.32/100g),cupboard,treats_snacks,2024-11-19
Cadbury Caramilk Buttons Golden Caramel Chocolate Bag,£1.75,(£1.67/100g),cupboard,treats_snacks,2024-11-19
Galaxy Minstrels Milk Chocolate Buttons Sharing Pouch Bag,£2.75,(£1.27/100g),cupboard,treats_snacks,2024-11-19
M&M's Crunchy Peanut & Milk Chocolate Sharing Bag,£2.75,(£1.25/100g),cupboard,treats_snacks,2024-11-19
M&M's Minis Milk Chocolate More to Share Pouch Bag 176g,£2.75,(£1.56/100g),cupboard,treats_snacks,2024-11-19
Maltesers Milk Chocolate & Honeycomb Sharing Bag,£2.75,(£1.57/100g),cupboard,treats_snacks,2024-11-19
Lindt Choco Wafer Milk Chocolate & Hazelnut Sharing Box 135g,£4.00,(£2.96/100g),cupboard,treats_snacks,2024-11-19
Milkybar Festive Friends 262g,£3.50,(£1.34/100g),cupboard,treats_snacks,2024-11-19
"Toblerone Milk, White & Dark 280g",£3.50,(£1.25/100g),cupboard,treats_snacks,2024-11-19
Galaxy Minstrels Milk Chocolate Buttons Sharing Pouch Bag,£2.75,(£1.27/100g),cupboard,treats_snacks,2024-11-19
M&M's Minis Milk Chocolate More to Share Pouch Bag 176g,£2.75,(£1.56/100g),cupboard,treats_snacks,2024-11-19
M&M's Crunchy Peanut & Milk Chocolate Sharing Bag,£2.75,(£1.25/100g),cupboard,treats_snacks,2024-11-19
Cadbury Caramilk Buttons Golden Caramel Chocolate Bag,£1.75,(£1.67/100g),cupboard,treats_snacks,2024-11-19
Cadbury Heroes 300g,£3.50,(£1.17/100g),cupboard,treats_snacks,2024-11-19
Celebrations 325g,£3.50,(£1.08/100g),cupboard,treats_snacks,2024-11-19
Aero Melts Milk Chocolate Sharing Bag,£1.50,(£1.63/100g),cupboard,treats_snacks,2024-11-19
Cadbury Dairy Milk Orange Giant Buttons Chocolate Bag,£1.75,(£1.59/100g),cupboard,treats_snacks,2024-11-19
Munchies Cookie Dough Ice Cream 97g,£1.50,(£1.55/100g),cupboard,treats_snacks,2024-11-19
Cadbury Darkmilk Giant Buttons Chocolate Bag,£1.75,(£1.67/100g),cupboard,treats_snacks,2024-11-19
Milkybar Raspberry Ripple Ice Cream 86g,£1.50,(£1.74/100g),cupboard,treats_snacks,2024-11-19
Reese's Pieces Peanut Butter In a Crunchy Shell,£1.85,(£2.06/100g),cupboard,treats_snacks,2024-11-19
Cadbury White Giant Buttons Chocolate Bag,£1.75,(£1.59/100g),cupboard,treats_snacks,2024-11-19
Aero Shaero Together Peppermint 145g,£2.00,(£1.38/100g),cupboard,treats_snacks,2024-11-19
Tony's Chocolonely Littl' Bits Milk Caramel Sea Salt & Biscuit Mix 100g,£2.50,(£2.50/100g),cupboard,treats_snacks,2024-11-19
Lindt Lindor Milk Mini Truffles 80g,£1.80,(£2.25/100g),cupboard,treats_snacks,2024-11-19
Maltesers Mint Mini Reindeers,£1.25,(£2.12/100g),cupboard,treats_snacks,2024-11-19
ASDA Merry Munch Mix 200g,£2.50,(£1.25/100g),cupboard,treats_snacks,2024-11-19
Tony's Chocolonely Littl' Bits Triple Chocolate Mix 100g,£2.50,(£2.50/100g),cupboard,treats_snacks,2024-11-19
Mallow & Marsh Dark Chocolate Over Raspberry Mallows 100g,£2.50,(£2.50/100g),cupboard,treats_snacks,2024-11-19
KitKat Christmas Break 264g,£3.50,(£1.33/100g),cupboard,treats_snacks,2024-11-19
Quality Street Favourites Creme Selection 281g,£3.50,(£1.25/100g),cupboard,treats_snacks,2024-11-19
Mallow & Marsh Milk Chocolate Over Vanilla Mallows 100g,£2.50,(£2.50/100g),cupboard,treats_snacks,2024-11-19
M&M's Crispy Milk Chocolate Party Mix Bulk Snack Bag 850g,£8.00,(94.1p/100g),cupboard,treats_snacks,2024-11-19
"Maltesers Christmas Mix, Mint Chocolate & Milk Chocolate Selection Pouch 240g",£3.50,(£1.46/100g),cupboard,treats_snacks,2024-11-19
Tony's Chocolonely Rainbow Mix 135g,£3.50,(£2.59/100g),cupboard,treats_snacks,2024-11-19
Quality Street 750g,£5.00,(66.7p/100g),cupboard,treats_snacks,2024-11-19
OMV! Deliciously Vegan Blonde Choc Giant Buttons 80g,£2.00,(£2.50/100g),cupboard,treats_snacks,2024-11-19
ASDA Free From Choc Orange Buttons,£0.60,(£2.40/100g),cupboard,treats_snacks,2024-11-19
ASDA Free From Giant Choc Buttons 119g,£2.50,(£2.10/100g),cupboard,treats_snacks,2024-11-19
Lindt LINDOR ASSORTED 80g,£1.80,(£2.25/100g),cupboard,treats_snacks,2024-11-19
"Moo Free Rocky Jumble Choccy Covered Bunnycomb, Raisins and Rice Balls 100g",£3.00,(£3.00/100g),cupboard,treats_snacks,2024-11-19
Forest Feast Peanut Butter & Milk Chocolate Dates 140g,£3.85,(£2.75/100g),cupboard,treats_snacks,2024-11-19
Cadbury Dairy Milk Fruitier & Nuttier Orange Trail Mix,£2.25,(£2.25/100g),cupboard,treats_snacks,2024-11-19
Quality Street 300g,£3.50,(£1.17/100g),cupboard,treats_snacks,2024-11-19
ASDA Free From White Choc Buttons 25g,£0.60,(£2.40/100g),cupboard,treats_snacks,2024-11-19
Moo Free Choccy Chums 20g,£0.60,(£3.00/100g),cupboard,treats_snacks,2024-11-19
Kinder Bueno Eggs 80g,£2.50,(£3.12/100g),cupboard,treats_snacks,2024-11-19
Cadbury White Mega Buttons 192g,£2.65,(£1.38/100g),cupboard,treats_snacks,2024-11-19
Kinder Joy Funko 20g,£1.00,(£5.00/100g),cupboard,treats_snacks,2024-11-19
Terry's Orange Chocolate Segsations 300g,£3.50,(£1.17/100g),cupboard,treats_snacks,2024-11-19
M&M's Salted Caramel Chocolate Pouch Bag 102g,£1.65,(£1.62/100g),cupboard,treats_snacks,2024-11-19
"Toblerone Milk, White & Dark 280g",£3.50,(£1.25/100g),cupboard,treats_snacks,2024-11-19
Lindt Choco Wafer Milk Chocolate & Hazelnut Sharing Box 135g,£4.00,(£2.96/100g),cupboard,treats_snacks,2024-11-19
Reese's Peanut Butter Cups Milk Chocolate & White Peanut Butter Cup Miniatures 255g,£3.50,(£1.37/100g),cupboard,treats_snacks,2024-11-19
ASDA Milk Chocolate Coins 75g,£0.85,(£1.13/100g),cupboard,treats_snacks,2024-11-19
Cadbury Dairy Milk Fruitier & Nuttier Chocolate Trail Mix Bag,£2.25,(£2.25/100g),cupboard,treats_snacks,2024-11-19
Lindt LINDOR Milk Chocolate Truffles Box 37g,£1.15,(£3.11/100g),cupboard,treats_snacks,2024-11-19
ASDA Free From Choc Buttons,£0.60,(£2.40/100g),cupboard,treats_snacks,2024-11-19
M&M's Chocolate Party Bulk Bag,£8.00,(80.0p/100g),cupboard,treats_snacks,2024-11-19
ASDA Tasty Milk Chocolate 80g,£1.00,(£1.25/100g),cupboard,treats_snacks,2024-11-19
Milkybar Giant Buttons & Aero Peppermint Bubbles Sharing Bags Bundle,£3.15,null,cupboard,treats_snacks,2024-11-19
M&M's Minis Milk Chocolate Party Mix Bulk Snack Bag 800g,£8.00,(£1.00/100g),cupboard,treats_snacks,2024-11-19
Cadbury Roses 290g,£3.50,(£1.21/100g),cupboard,treats_snacks,2024-11-19
Forest Feast 60% Cocoa Dark Chocolate Sour Cherries 120g,£3.85,(£3.21/100g),cupboard,treats_snacks,2024-11-19
Quality Street Favourites Golden Selection 283g,£3.50,(£1.24/100g),cupboard,treats_snacks,2024-11-19
Ferrero Rocher Original Golden Moments 90g,£2.75,(£3.06/100g),cupboard,treats_snacks,2024-11-19
Cadbury Dairy Milk Little Robins 77g,£1.65,(£2.14/100g),cupboard,treats_snacks,2024-11-19
Lily O'Briens Creamy Caramel & Sea Salt 100g,£1.50,(£1.50/100g),cupboard,treats_snacks,2024-11-19
ASDA White Chocolate Buttons 30g,£0.55,(£1.83/100g),cupboard,treats_snacks,2024-11-19
Galaxy Minstrels Milk Chocolate Buttons Sharing Pouch Bag,£2.75,(£1.27/100g),cupboard,treats_snacks,2024-11-19
M&M's Minis Milk Chocolate More to Share Pouch Bag 176g,£2.75,(£1.56/100g),cupboard,treats_snacks,2024-11-19
M&M's Crunchy Peanut & Milk Chocolate Sharing Bag,£2.75,(£1.25/100g),cupboard,treats_snacks,2024-11-19
Maltesers Milk Chocolate & Honeycomb Sharing Bag,£2.75,(£1.57/100g),cupboard,treats_snacks,2024-11-19
Lindt Choco Wafer Milk Chocolate & Hazelnut Sharing Box 135g,£4.00,(£2.96/100g),cupboard,treats_snacks,2024-11-19
Milkybar Festive Friends 262g,£3.50,(£1.34/100g),cupboard,treats_snacks,2024-11-19
"Toblerone Milk, White & Dark 280g",£3.50,(£1.25/100g),cupboard,treats_snacks,2024-11-19
Galaxy Minstrels Milk Chocolate Buttons Sharing Pouch Bag,£2.75,(£1.27/100g),cupboard,treats_snacks,2024-11-19
M&M's Minis Milk Chocolate More to Share Pouch Bag 176g,£2.75,(£1.56/100g),cupboard,treats_snacks,2024-11-19
M&M's Crunchy Peanut & Milk Chocolate Sharing Bag,£2.75,(£1.25/100g),cupboard,treats_snacks,2024-11-19
Cadbury Dairy Milk Little Robins 77g,£1.65,(£2.14/100g),cupboard,treats_snacks,2024-11-19
Cadbury Roses 290g,£3.50,(£1.21/100g),cupboard,treats_snacks,2024-11-19
Forest Feast 60% Cocoa Dark Chocolate Sour Cherries 120g,£3.85,(£3.21/100g),cupboard,treats_snacks,2024-11-19
Moo Free Free Snowballs 35g,£1.50,(£4.29/100g),cupboard,treats_snacks,2024-11-19
M&M's Minis Milk Chocolate Party Mix Bulk Snack Bag 800g,£8.00,(£1.00/100g),cupboard,treats_snacks,2024-11-19
M&M's Chocolate Party Bulk Bag,£8.00,(80.0p/100g),cupboard,treats_snacks,2024-11-19
Cadbury Fruitier & Nuttier & Buttons Bundle,£4.90,null,cupboard,treats_snacks,2024-11-19
Cadbury Puds Minis 73g,£1.65,(£2.26/100g),cupboard,treats_snacks,2024-11-19
Smarties Milk Chocolate Tube 120g,£1.35,(£1.12/100g),cupboard,treats_snacks,2024-11-19
Aero Bubbles Peppermint Tube 70g,£1.35,(£1.93/100g),cupboard,treats_snacks,2024-11-19
Milkybar Giant Buttons & Aero Peppermint Bubbles Sharing Bags Bundle,£3.15,null,cupboard,treats_snacks,2024-11-19
M&M's Chocolate More to Share Pouch Bag,£2.75,(£1.25/100g),cupboard,treats_snacks,2024-11-19
Cadbury Heroes Chocolate Box 290g,£3.50,(£1.21/100g),cupboard,treats_snacks,2024-11-19
Smarties Orange 120g,£1.35,(£1.12/100g),cupboard,treats_snacks,2024-11-19
Galaxy Minstrels Milk Chocolate Buttons Sharing Pouch Bag,£2.75,(£1.27/100g),cupboard,treats_snacks,2024-11-19
M&M's Minis Milk Chocolate More to Share Pouch Bag 176g,£2.75,(£1.56/100g),cupboard,treats_snacks,2024-11-19
M&M's Crunchy Peanut & Milk Chocolate Sharing Bag,£2.75,(£1.25/100g),cupboard,treats_snacks,2024-11-19
Maltesers Milk Chocolate & Honeycomb Sharing Bag,£2.75,(£1.57/100g),cupboard,treats_snacks,2024-11-19
Lindt Choco Wafer Milk Chocolate & Hazelnut Sharing Box 135g,£4.00,(£2.96/100g),cupboard,treats_snacks,2024-11-19
Milkybar Festive Friends 262g,£3.50,(£1.34/100g),cupboard,treats_snacks,2024-11-19
"Toblerone Milk, White & Dark 280g",£3.50,(£1.25/100g),cupboard,treats_snacks,2024-11-19
M&M's Crispy Milk Chocolate Christmas Santa Treat 29g,£0.60,(£2.07/100g),cupboard,treats_snacks,2024-11-19
Cadbury Milk Chocolate Puds 35g,£0.50,(£1.43/100g),cupboard,treats_snacks,2024-11-19
Cadbury Dairy Milk Little Chocolate Bar,£0.30,(£1.67/100g),cupboard,treats_snacks,2024-11-19
Kinnerton Character Lolly,£1.35,(£4.50/100g),cupboard,treats_snacks,2024-11-19
Cadbury Dairy Milk Freddo Chocolate Bar,£0.30,(£1.67/100g),cupboard,treats_snacks,2024-11-19
Kinder Bueno Milk Chocolate and Hazelnuts Single Bar 2 Finger,£0.75,(£1.74/100g),cupboard,treats_snacks,2024-11-19
Hot Wheels Surprise Eggs 20g,£1.00,(£5.00/100g),cupboard,treats_snacks,2024-11-19
Galaxy Vegan Salted Caramel 40g,£1.50,(£3.75/100g),cupboard,treats_snacks,2024-11-19
Cadbury Curly Wurly Milk Chocolate Bar,£0.30,(£1.36/100g),cupboard,treats_snacks,2024-11-19
Kinder Surprise Egg,£1.10,(£5.50/100g),cupboard,treats_snacks,2024-11-19
Milky Way Magic Stars Dairy Free,£0.75,(£3.00/100g),cupboard,treats_snacks,2024-11-19
NOMO Vegan & Caramel Choc Bar,£1.20,(£3.16/100g),cupboard,treats_snacks,2024-11-19
Deliciously Ella Chocolate Orange Dipped Almonds 27g,£1.50,(£5.56/100g),cupboard,treats_snacks,2024-11-19
ASDA Large Milk Chocolate Coin 80g,£0.90,(£1.12/100g),cupboard,treats_snacks,2024-11-19
ASDA Free From Choc Lollipop 30g,£1.25,(£4.17/100g),cupboard,treats_snacks,2024-11-19
KitKat Milk Chocolate Santa 29g,£0.60,(£2.07/100g),cupboard,treats_snacks,2024-11-19
Moo Free Jingle Chums 15g,£0.80,(£5.33/100g),cupboard,treats_snacks,2024-11-19
Misfits Plant-Powered Choc Protein Bar White Choc Cookies 'N Cream Flavour,£2.20,(£4.89/100g),cupboard,treats_snacks,2024-11-19
NOMO Coconut 33g,£1.50,(£3.95/100g),cupboard,treats_snacks,2024-11-19
ROM Chocolate Bar with Rum Filling 30g,£0.65,(£2.17/100g),cupboard,treats_snacks,2024-11-19
NOMO Crispy Mo Creamy Choc with Crispy Pieces 15g,£0.80,(£5.33/100g),cupboard,treats_snacks,2024-11-19
Kinder Bueno White Chocolate and Hazelnuts Single Bar 2 Finger,£0.75,(£1.92/100g),cupboard,treats_snacks,2024-11-19
Galaxy Vegan Fruit & Nut 40g,£1.50,(£3.75/100g),cupboard,treats_snacks,2024-11-19
Maltesers Mint Reindeer Chocolate Christmas Treat 29g,£0.60,(£2.07/100g),cupboard,treats_snacks,2024-11-19
Kit Kat Chunky Duo Chocolate Bar,£1.10,(£1.72/100g),cupboard,treats_snacks,2024-11-19
Misfits Plant-Powered Choc Protein Bar Chocolate Caramel Flavour,£2.20,(£4.89/100g),cupboard,treats_snacks,2024-11-19
"Snickers Crisp Fruit & Nut Milk Chocolate Snack Bar, 40g",£0.85,(£2.12/100g),cupboard,treats_snacks,2024-11-19
Pip & Nut Dark Chocolate Almond Butter 31g,£1.10,(£3.55/100g),cupboard,treats_snacks,2024-11-19
Cadbury Fudge Milk Chocolate Bar,£0.30,(£1.36/100g),cupboard,treats_snacks,2024-11-19
Maltesers Reindeer Chocolate Christmas Treat 29g,£0.60,(£2.07/100g),cupboard,treats_snacks,2024-11-19
Misfits Plant-Powered Choc Protein Bar Chocolate Speculoos Flavour,£2.20,(£4.89/100g),cupboard,treats_snacks,2024-11-19
Cadbury Dairy Milk Freddo Caramel Chocolate Bar,£0.30,(£1.54/100g),cupboard,treats_snacks,2024-11-19
Star Choc Lollipop 30g,£1.25,(£4.17/100g),cupboard,treats_snacks,2024-11-19
Kinder Surprise 100g,£4.50,(£4.50/100g),cupboard,treats_snacks,2024-11-19
Pip & Nut Dark Chocolate Peanut Butter 31g,£1.10,(£3.55/100g),cupboard,treats_snacks,2024-11-19
Cadbury Dairy Milk Coins 70g,£1.65,(£2.36/100g),cupboard,treats_snacks,2024-11-19
Moo Free Dairy Free & Vegan Original Chocolate Bar,£1.92,(£2.40/100g),cupboard,treats_snacks,2024-11-19
Moo Free Mini Bar Dairy Free & Vegan Chocolate Bunnycomb,£0.64,(£3.20/100g),cupboard,treats_snacks,2024-11-19
Rhythm 108 Swiss Vegan Hazelnut Truffle Bar with M'lk Chocolate,£3.00,(£3.00/100g),cupboard,treats_snacks,2024-11-19
Cadbury Bournville Classic Dark Chocolate Bar,£2.50,(£1.39/100g),cupboard,treats_snacks,2024-11-19
ASDA Extra Special Madagascan Dark Chocolate,£1.85,(£1.85/100g),cupboard,treats_snacks,2024-11-19
Lindt EXCELLENCE Dark Orange Chocolate Bar 100g,£2.50,(£2.50/100g),cupboard,treats_snacks,2024-11-19
Terry's Chocolate Orange Dark,£1.25,(79.6p/100g),cupboard,treats_snacks,2024-11-19
Kit Kat 2 Finger Dark Chocolate Biscuit Bars Multipack,£1.65,(88.6p/100g),cupboard,treats_snacks,2024-11-19
Ferrero Rocher Dark Chocolate & Hazelnut Sharing Bar,£2.45,(£2.72/100g),cupboard,treats_snacks,2024-11-19
Montezuma's Absolute Black Darkest Dark 90g,£3.00,(£3.33/100g),cupboard,treats_snacks,2024-11-19
Green & Black's Organic 85% Dark Chocolate Bar 90g,£2.75,(£3.06/100g),cupboard,treats_snacks,2024-11-19
Lindt Excellence Dark Sea Salt Chocolate Bar 100g,£2.50,(£2.50/100g),cupboard,treats_snacks,2024-11-19
Green & Black's Organic Ginger Dark Chocolate Bar 90g,£2.75,(£3.06/100g),cupboard,treats_snacks,2024-11-19
"Thorntons Continental Milk, Dark, White Chocolate Gift Box",£7.50,(£2.84/100g),cupboard,treats_snacks,2024-11-19
Lindt Les Grandes Dark Chocolate Hazelnut Bar 150g,£4.25,(£2.83/100g),cupboard,treats_snacks,2024-11-19
Montezuma's Organic 74% Happy Hippy Orange & Geranium Dark Chocolate 90g,£3.00,(£3.33/100g),cupboard,treats_snacks,2024-11-19
Lindt Excellence Dark 85% Cocoa Chocolate Bar 100g,£2.50,(£2.50/100g),cupboard,treats_snacks,2024-11-19
Fry's Collection 249g,£3.00,(£1.20/100g),cupboard,treats_snacks,2024-11-19
Dr Oetker Extra Dark Chocolate 100g,£1.95,(£1.95/100g),cupboard,treats_snacks,2024-11-19
After Eight Dark Mint Chocolate Carton Box,£3.00,(£1.00/100g),cupboard,treats_snacks,2024-11-19
ASDA Dark Chocolate 200g,£2.30,(£1.15/100g),cupboard,treats_snacks,2024-11-19
Dr Oetker Dark Chocolate 100g,£1.95,(£1.95/100g),cupboard,treats_snacks,2024-11-19
After Eight Winter Pralinés 57g,£1.25,(£2.19/100g),cupboard,treats_snacks,2024-11-19
Green & Black's Organic Smooth Mint Chocolate 90g,£2.75,(£3.06/100g),cupboard,treats_snacks,2024-11-19
JUST ESSENTIALS by ASDA Dark Chocolate Sharing Bar,£0.49,(49.0p/100g),cupboard,treats_snacks,2024-11-19
"Thorntons Classic Milk, Dark, White Chocolate Gift Box",£6.50,(£2.48/100g),cupboard,treats_snacks,2024-11-19
Green & Black's Organic Classic Miniature Chocolate Bar Collection,£5.00,(£2.78/100g),cupboard,treats_snacks,2024-11-19
ASDA Chocolate Mint Thins 180g,£1.75,(97.2p/100g),cupboard,treats_snacks,2024-11-19
Elizabeth Shaw 26 Dark Chocolate Mint Honeycomb Crisp 162g,£3.00,(£1.85/100g),cupboard,treats_snacks,2024-11-19
Pip & Nut Dark Chocolate Almond Butter 31g,£1.10,(£3.55/100g),cupboard,treats_snacks,2024-11-19
Bendicks Bittermints 200g,£4.00,(£2.00/100g),cupboard,treats_snacks,2024-11-19
Nestle Black Magic Dark Chocolate Box,£5.00,(£1.44/100g),cupboard,treats_snacks,2024-11-19
Lindt Excellence Intense Dark 90% Cocoa Chocolate Bar 100g,£2.50,(£2.50/100g),cupboard,treats_snacks,2024-11-19
Pip & Nut Dark Chocolate Peanut Butter 31g,£1.10,(£3.55/100g),cupboard,treats_snacks,2024-11-19
Lindt Excellence Dark 70% Cocoa Chocolate Bar 100g,£2.50,(£2.50/100g),cupboard,treats_snacks,2024-11-19
After Eight Dark & Milk Peppermint Chocolate Box 199g,£6.00,(£3.02/100g),cupboard,treats_snacks,2024-11-19
Green & Black's Organic 70% Dark Chocolate Bar 90g,£2.75,(£3.06/100g),cupboard,treats_snacks,2024-11-19
Lindt Excellence Dark Chilli Chocolate Bar 100g,£2.50,(£2.50/100g),cupboard,treats_snacks,2024-11-19
Lindt Excellence Dark Caramel Sea Salt Chocolate Bar 100g,£2.50,(£2.50/100g),cupboard,treats_snacks,2024-11-19
Lindt Excellence Dark Mint Chocolate Bar 100g ?,£2.50,(£2.50/100g),cupboard,treats_snacks,2024-11-19
Nerds Gummy Clusters Fruit-Flavour Candy 113g,£2.00,(£1.77/100g),cupboard,treats_snacks,2024-11-19
Maynards Bassetts Liquorice Allsorts 165g,£1.50,(90.9p/100g),cupboard,treats_snacks,2024-11-19
Maynards Bassetts Wine Gums 165g,£1.50,(90.9p/100g),cupboard,treats_snacks,2024-11-19
ASDA Rainbow Belts 50g,£0.40,(80.0p/100g),cupboard,treats_snacks,2024-11-19
ASDA Mini Mushrooms 50g,£0.40,(80.0p/100g),cupboard,treats_snacks,2024-11-19
Rowntree's Jelly Tots Sweets Sharing Bag,£1.50,(£1.00/100g),cupboard,treats_snacks,2024-11-19
ASDA Super Sour Watermelons 150g,£1.00,(66.7p/100g),cupboard,treats_snacks,2024-11-19
ASDA Strawberry Flavour Cables 50g,£0.40,(80.0p/100g),cupboard,treats_snacks,2024-11-19
ASDA Jolly Jingle the Reindeer Fruity Sweets 130g,£1.00,(76.9p/100g),cupboard,treats_snacks,2024-11-19
ASDA Mini Gems 160g,£0.88,(55.0p/100g),cupboard,treats_snacks,2024-11-19
Rowntree's Randoms Ice Cream 120g,£1.00,(83.3p/100g),cupboard,treats_snacks,2024-11-19
ASDA Sour Snakes 50g,£0.40,(80.0p/100g),cupboard,treats_snacks,2024-11-19
ASDA Dolly Mixture 50g,£0.40,(80.0p/100g),cupboard,treats_snacks,2024-11-19
SweetZone Fizzy Blue Raspberry Bottles,£1.35,(79.4p/100g),cupboard,treats_snacks,2024-11-19
Haribo Limited Edition ELf Surprises 160g,£1.25,(78.1p/100g),cupboard,treats_snacks,2024-11-19
Maoam Bloxx 4 x 22g (88g),£0.70,(79.5p/100g),cupboard,treats_snacks,2024-11-19
Rowntree's Randoms Juicers Sweets Sharing Bag,£1.00,(71.4p/100g),cupboard,treats_snacks,2024-11-19
Swizzels Squashies Drumstick Strawberry & Cream Flavour 140g,£1.15,(82.1p/100g),cupboard,treats_snacks,2024-11-19
ASDA Blackcurrant & Liquorice 200g,£1.25,(62.5p/100g),cupboard,treats_snacks,2024-11-19
ASDA Mint Selection 200g,£1.10,(55.0p/100g),cupboard,treats_snacks,2024-11-19
Swizzels Refreshers Lemon Flavour Chewy Sweets with Fizzy Sherbet Centre 100g,£1.35,(£1.35/100g),cupboard,treats_snacks,2024-11-19
ASDA Giant Shrimps & Bananas Foam Sweets,£1.10,(68.8p/100g),cupboard,treats_snacks,2024-11-19
Swizzels Love Hearts,£0.30,(76.9p/100g),cupboard,treats_snacks,2024-11-19
ASDA Jelly Beans 50g,£0.40,(80.0p/100g),cupboard,treats_snacks,2024-11-19
ASDA Strawberry Flavour Laces 50g,£0.40,(80.0p/100g),cupboard,treats_snacks,2024-11-19
Rowntree's Fruit Pastilles Strawberry & Blackcurrant Sweets Sharing Pouch,£1.50,(£1.05/100g),cupboard,treats_snacks,2024-11-19
Haribo Starmix 175g,£1.25,(71.4p/100g),cupboard,treats_snacks,2024-11-19
Swizzels Squashies Cherry Cola Flavour Drumstick 140g,£1.15,(82.1p/100g),cupboard,treats_snacks,2024-11-19
Rowntree's Fruit Pastilles Sweets Sharing Pouch,£1.50,(£1.05/100g),cupboard,treats_snacks,2024-11-19
ASDA American Hard Gums 190g,£1.25,(65.8p/100g),cupboard,treats_snacks,2024-11-19
Swizzels Squashies Drumstick Original Raspberry & Milk Flavour 140g,£1.15,(82.1p/100g),cupboard,treats_snacks,2024-11-19
ASDA Pick & Mix 50g,£0.40,(80.0p/100g),cupboard,treats_snacks,2024-11-19
ASDA Milk Flavour Bottles 50g,£0.40,(80.0p/100g),cupboard,treats_snacks,2024-11-19
ASDA Fizzy Mix 150g,£1.00,(66.7p/100g),cupboard,treats_snacks,2024-11-19
Rowntree's Randoms Sweets Sharing Bag,£1.00,(66.7p/100g),cupboard,treats_snacks,2024-11-19
ASDA Fizzy Cola Flavour Bottles 50g,£0.40,(80.0p/100g),cupboard,treats_snacks,2024-11-19
Haribo Soda Twist Zing 175g,£1.25,(71.4p/100g),cupboard,treats_snacks,2024-11-19
Bebeto Big Fizzy Mix 150g,£1.00,(66.7p/100g),cupboard,treats_snacks,2024-11-19
Millions Strawberry 45g,£0.50,(£1.11/100g),cupboard,treats_snacks,2024-11-19
Swizzels Parma Violets,£0.30,(75.0p/100g),cupboard,treats_snacks,2024-11-19
ASDA Fruit Pastilles 170g,£1.30,(76.5p/100g),cupboard,treats_snacks,2024-11-19
Haribo Giant Strawbs 175g,£1.25,(71.4p/100g),cupboard,treats_snacks,2024-11-19
Nerds Gummy Clusters Fruit-Flavour Candy 113g,£2.00,(£1.77/100g),cupboard,treats_snacks,2024-11-19
Maynards Bassetts Fizzy Fish Jellies 130g,£1.35,(£1.04/100g),cupboard,treats_snacks,2024-11-19
Maynards Bassetts Mini Gems 130g,£1.35,(£1.04/100g),cupboard,treats_snacks,2024-11-19
Maynards Bassetts Wine Gums 165g,£1.50,(90.9p/100g),cupboard,treats_snacks,2024-11-19
Maynards Bassetts Jelly Babies 165g,£1.50,(90.9p/100g),cupboard,treats_snacks,2024-11-19
Maynards Bassetts Liquorice Allsorts 165g,£1.50,(90.9p/100g),cupboard,treats_snacks,2024-11-19
Maynards Bassetts Sports Mix 165g,£1.50,(90.9p/100g),cupboard,treats_snacks,2024-11-19
Sour Patch Kids Fruit Mix Flavour Sweets,£1.50,(£1.15/100g),cupboard,treats_snacks,2024-11-19
Sour Patch Kids Sweets,£1.50,(£1.15/100g),cupboard,treats_snacks,2024-11-19
Starburst Chewy Sweets Fruit Flavoured Pouch Bag 138g,£1.25,(90.6p/100g),cupboard,treats_snacks,2024-11-19
Sour Patch Kids Strawberry Flavour Sweets 130g,£1.50,(£1.15/100g),cupboard,treats_snacks,2024-11-19
Sour Patch Kids Watermelon Flavour Sweets 130g,£1.50,(£1.15/100g),cupboard,treats_snacks,2024-11-19
Nerds Gummy Clusters Fruit-Flavour Candy 113g,£2.00,(£1.77/100g),cupboard,treats_snacks,2024-11-19
Maynards Bassetts Liquorice Allsorts 165g,£1.50,(90.9p/100g),cupboard,treats_snacks,2024-11-19
Maynards Bassetts Wine Gums 165g,£1.50,(90.9p/100g),cupboard,treats_snacks,2024-11-19
Starburst Chewy Sweets Fruit Flavoured Pouch Bag 138g,£1.25,(90.6p/100g),cupboard,treats_snacks,2024-11-19
Haribo Giant Strawbs 175g,£1.25,(71.4p/100g),cupboard,treats_snacks,2024-11-19
Swizzels Refreshers Lemon Flavour Chewy Sweets with Fizzy Sherbet Centre 100g,£1.35,(£1.35/100g),cupboard,treats_snacks,2024-11-19
Haribo Limited Edition Merry-Mix 160g,£1.25,(78.1p/100g),cupboard,treats_snacks,2024-11-19
ASDA Jolly Jingle the Reindeer Fruity Sweets 130g,£1.00,(76.9p/100g),cupboard,treats_snacks,2024-11-19
ASDA Blackcurrant & Liquorice 200g,£1.25,(62.5p/100g),cupboard,treats_snacks,2024-11-19
Swizzels Orange & Cherry Double Dip 19g,£0.30,(£1.58/100g),cupboard,treats_snacks,2024-11-19
ASDA Fizzy Cola Flavour Bottles 50g,£0.40,(80.0p/100g),cupboard,treats_snacks,2024-11-19
ASDA Dairy Toffee 180g,£1.10,(61.1p/100g),cupboard,treats_snacks,2024-11-19
ASDA Milk Flavour Bottles 50g,£0.40,(80.0p/100g),cupboard,treats_snacks,2024-11-19
Zed Candy 4 Pack Jawbreakers Assorted Flavours 132g,£1.25,(94.7p/100g),cupboard,treats_snacks,2024-11-19
ASDA 12 Dazzling Peppermint Candy Canes 144g,£1.00,(69.4p/100g),cupboard,treats_snacks,2024-11-19
Haribo Limited Edition ELf Surprises 160g,£1.25,(78.1p/100g),cupboard,treats_snacks,2024-11-19
Rowntree's Fruit Pastilles Strawberry & Blackcurrant Sweets Sharing Pouch,£1.50,(£1.05/100g),cupboard,treats_snacks,2024-11-19
ASDA Sherbet Lemons 200g,£1.20,(60.0p/100g),cupboard,treats_snacks,2024-11-19
ASDA Fruit Pastilles 170g,£1.30,(76.5p/100g),cupboard,treats_snacks,2024-11-19
Swizzels Love Hearts,£0.30,(76.9p/100g),cupboard,treats_snacks,2024-11-19
SweetZone Fizzy Blue Raspberry Bottles,£1.35,(79.4p/100g),cupboard,treats_snacks,2024-11-19
Fruittella Strawberry 4 x 41g,£1.25,(76.2p/100g),cupboard,treats_snacks,2024-11-19
Maoam Joystixx 140g,£1.25,(89.3p/100g),cupboard,treats_snacks,2024-11-19
ASDA Pick & Mix 50g,£0.40,(80.0p/100g),cupboard,treats_snacks,2024-11-19
Werthers Original Butter Candy Sweets,£1.50,(£1.11/100g),cupboard,treats_snacks,2024-11-19
ASDA Sour Snakes 50g,£0.40,(80.0p/100g),cupboard,treats_snacks,2024-11-19
Swizzels Squashies Drumstick Original Raspberry & Milk Flavour 140g,£1.15,(82.1p/100g),cupboard,treats_snacks,2024-11-19
Maoam Pinballs 140g,£1.25,(89.3p/100g),cupboard,treats_snacks,2024-11-19
ASDA Liquorice Allsorts 250g,£1.10,(44.0p/100g),cupboard,treats_snacks,2024-11-19
Swizzels Drumstick Soft Chew Sweets,£0.40,(93.0p/100g),cupboard,treats_snacks,2024-11-19
Haribo Supermix 175g,£1.25,(71.4p/100g),cupboard,treats_snacks,2024-11-19
ASDA Fizzy Mix 150g,£1.00,(66.7p/100g),cupboard,treats_snacks,2024-11-19
Fruittella Duo Stix Sweets 160g,£1.50,(93.8p/100g),cupboard,treats_snacks,2024-11-19
Haribo Goldbears 175g,£1.25,(71.4p/100g),cupboard,treats_snacks,2024-11-19
ASDA Dairy Fudge 200g,£1.30,(65.0p/100g),cupboard,treats_snacks,2024-11-19
ASDA Marshmallows 180g,£1.35,(75.0p/100g),cupboard,treats_snacks,2024-11-19
Bebeto Fizzy Gummy Sweets Party Mix Tub,£2.00,(50.0p/100g),cupboard,treats_snacks,2024-11-19
Swizzels Squashies Drumstick Strawberry & Cream Flavour 140g,£1.15,(82.1p/100g),cupboard,treats_snacks,2024-11-19
Swizzels Limited Edition Strawberry Ice Cream and Apple Pie Flavours Squashies 120g,£1.00,(83.3p/100g),cupboard,treats_snacks,2024-11-19
Nerds Gummy Clusters Fruit-Flavour Candy 113g,£2.00,(£1.77/100g),cupboard,treats_snacks,2024-11-19
Maynards Bassetts Fizzy Fish Jellies 130g,£1.35,(£1.04/100g),cupboard,treats_snacks,2024-11-19
Maynards Bassetts Mini Gems 130g,£1.35,(£1.04/100g),cupboard,treats_snacks,2024-11-19
Maynards Bassetts Liquorice Allsorts 165g,£1.50,(90.9p/100g),cupboard,treats_snacks,2024-11-19
Maynards Bassetts Wine Gums 165g,£1.50,(90.9p/100g),cupboard,treats_snacks,2024-11-19
Maynards Bassetts Jelly Babies 165g,£1.50,(90.9p/100g),cupboard,treats_snacks,2024-11-19
Maynards Bassetts Sports Mix 165g,£1.50,(90.9p/100g),cupboard,treats_snacks,2024-11-19
Sour Patch Kids Sweets,£1.50,(£1.15/100g),cupboard,treats_snacks,2024-11-19
Sour Patch Kids Strawberry Flavour Sweets 130g,£1.50,(£1.15/100g),cupboard,treats_snacks,2024-11-19
Sour Patch Kids Fruit Mix Flavour Sweets,£1.50,(£1.15/100g),cupboard,treats_snacks,2024-11-19
Sour Patch Kids Watermelon Flavour Sweets 130g,£1.50,(£1.15/100g),cupboard,treats_snacks,2024-11-19
Nerds Gummy Clusters Fruit-Flavour Candy 113g,£2.00,(£1.77/100g),cupboard,treats_snacks,2024-11-19
Maynards Bassetts Liquorice Allsorts 165g,£1.50,(90.9p/100g),cupboard,treats_snacks,2024-11-19
Maynards Bassetts Wine Gums 165g,£1.50,(90.9p/100g),cupboard,treats_snacks,2024-11-19
ASDA Dairy Toffee 180g,£1.10,(61.1p/100g),cupboard,treats_snacks,2024-11-19
Rowntree's Fruit Pastilles Strawberry & Blackcurrant Sweets Sharing Pouch,£1.50,(£1.05/100g),cupboard,treats_snacks,2024-11-19
Fruittella Duo Stix Sweets 160g,£1.50,(93.8p/100g),cupboard,treats_snacks,2024-11-19
Haribo Balla Stixx Strawberry Flavour Sweets,£1.25,(89.3p/100g),cupboard,treats_snacks,2024-11-19
Swizzels Banana & Blueberry Flavour Drumstick Squashies 120g,£1.15,(95.8p/100g),cupboard,treats_snacks,2024-11-19
Werthers Original Butter Candy Sweets,£1.50,(£1.11/100g),cupboard,treats_snacks,2024-11-19
Sour Patch Kids Watermelon Flavour Sweets 130g,£1.50,(£1.15/100g),cupboard,treats_snacks,2024-11-19
Swizzels Drumstick Soft Chew Sweets,£0.40,(93.0p/100g),cupboard,treats_snacks,2024-11-19
Maynards Bassetts Jelly Babies 165g,£1.50,(90.9p/100g),cupboard,treats_snacks,2024-11-19
Swizzels Refreshers Pack,£0.40,(93.0p/100g),cupboard,treats_snacks,2024-11-19
Cadbury Eclairs Classic Chocolate Bag 130g,£1.35,(£1.04/100g),cupboard,treats_snacks,2024-11-19
Haribo Supermix 175g,£1.25,(71.4p/100g),cupboard,treats_snacks,2024-11-19
ASDA Blackcurrant & Liquorice 200g,£1.25,(62.5p/100g),cupboard,treats_snacks,2024-11-19
Swizzels Drumstick Squashies Rhubarb & Custard Flavour 140g,£1.15,(82.1p/100g),cupboard,treats_snacks,2024-11-19
Haribo Tropi-Slices 150g,£1.25,(£1.25/100g),cupboard,treats_snacks,2024-11-19
ASDA Yummy Christmas Tree Fizzy Sweets 130g,£1.00,(76.9p/100g),cupboard,treats_snacks,2024-11-19
Sour Patch Kids Sweets,£1.50,(£1.15/100g),cupboard,treats_snacks,2024-11-19
Swizzels Limited Edition Strawberry Ice Cream and Apple Pie Flavours Squashies 120g,£1.00,(83.3p/100g),cupboard,treats_snacks,2024-11-19
Rowntree's Berry Hearts Sweets Sharing Bag,£1.00,(87.0p/100g),cupboard,treats_snacks,2024-11-19
Maoam Pinballs 140g,£1.25,(89.3p/100g),cupboard,treats_snacks,2024-11-19
Bebeto Party Mix Gummy Mix,£2.00,(50.0p/100g),cupboard,treats_snacks,2024-11-19
Maynards Bassetts Sports Mix 165g,£1.50,(90.9p/100g),cupboard,treats_snacks,2024-11-19
Haribo Share the Happy 22 x Mini Bags Multipack Sweets,£3.00,(85.2p/100g),cupboard,treats_snacks,2024-11-19
Bebeto Fizzy Gummy Sweets Party Mix Tub,£2.00,(50.0p/100g),cupboard,treats_snacks,2024-11-19
ASDA Mint Selection 200g,£1.10,(55.0p/100g),cupboard,treats_snacks,2024-11-19
Starburst Fruit Chews Strawberry Sharing Bag 138g,£1.25,(90.6p/100g),cupboard,treats_snacks,2024-11-19
ASDA Rhubarb & Custard 200g,£1.20,(60.0p/100g),cupboard,treats_snacks,2024-11-19
SweetZone Party Mix,£1.35,(75.0p/100g),cupboard,treats_snacks,2024-11-19
"Mars ,Maltesers, M&M's, Twix & More Fun Size Milk Chocolate Party Bags Multipack",£8.25,(£1.38/100g),cupboard,treats_snacks,2024-11-19
Mentos Discovery Chewy Dragees 5 x 37.5g,£1.80,(96.0p/100g),cupboard,treats_snacks,2024-11-19
Chupa Chups 10 Strawberry Love Lollipops 120g,£1.50,(£1.10/100g),cupboard,treats_snacks,2024-11-19
Sour Patch Kids Strawberry Flavour Sweets 130g,£1.50,(£1.15/100g),cupboard,treats_snacks,2024-11-19
Nerds Gummy Clusters Fruit-Flavour Candy 113g,£2.00,(£1.77/100g),cupboard,treats_snacks,2024-11-19
Maynards Bassetts Fizzy Fish Jellies 130g,£1.35,(£1.04/100g),cupboard,treats_snacks,2024-11-19
Maynards Bassetts Mini Gems 130g,£1.35,(£1.04/100g),cupboard,treats_snacks,2024-11-19
Maynards Bassetts Liquorice Allsorts 165g,£1.50,(90.9p/100g),cupboard,treats_snacks,2024-11-19
Maynards Bassetts Wine Gums 165g,£1.50,(90.9p/100g),cupboard,treats_snacks,2024-11-19
Maynards Bassetts Jelly Babies 165g,£1.50,(90.9p/100g),cupboard,treats_snacks,2024-11-19
Maynards Bassetts Sports Mix 165g,£1.50,(90.9p/100g),cupboard,treats_snacks,2024-11-19
Sour Patch Kids Sweets,£1.50,(£1.15/100g),cupboard,treats_snacks,2024-11-19
Sour Patch Kids Strawberry Flavour Sweets 130g,£1.50,(£1.15/100g),cupboard,treats_snacks,2024-11-19
Sour Patch Kids Fruit Mix Flavour Sweets,£1.50,(£1.15/100g),cupboard,treats_snacks,2024-11-19
Sour Patch Kids Watermelon Flavour Sweets 130g,£1.50,(£1.15/100g),cupboard,treats_snacks,2024-11-19
Nerds Gummy Clusters Fruit-Flavour Candy 113g,£2.00,(£1.77/100g),cupboard,treats_snacks,2024-11-19
Maynards Bassetts Liquorice Allsorts 165g,£1.50,(90.9p/100g),cupboard,treats_snacks,2024-11-19
Maynards Bassetts Wine Gums 165g,£1.50,(90.9p/100g),cupboard,treats_snacks,2024-11-19
SweetZone Party Mix,£1.35,(75.0p/100g),cupboard,treats_snacks,2024-11-19
Pez Fruit Mix,£1.05,(£2.06/100g),cupboard,treats_snacks,2024-11-19
BAKE by ASDA White Mini Mallows 150g,£1.30,(86.7p/100g),cupboard,treats_snacks,2024-11-19
Candy Kittens Sour Watermelon Gourmet Sweets 500g,£7.00,(£1.40/100g),cupboard,treats_snacks,2024-11-19
ASDA Extra Special Peanut Brittle Bar 100g,£2.20,(£2.20/100g),cupboard,treats_snacks,2024-11-19
SweetZone Mega Stix,£1.35,(67.5p/100g),cupboard,treats_snacks,2024-11-19
Milkybar Rowntree's Jelly & Ice Cream 95g,£1.50,(£1.58/100g),cupboard,treats_snacks,2024-11-19
Swizzels Drumstick Squashies Mini Bags Raspberry & Milk Flavour 20 Pack,£2.55,(91.1p/100g),cupboard,treats_snacks,2024-11-19
Uncle Joe's Favourites Throat and Chest,£1.00,(92.6p/100g),cupboard,treats_snacks,2024-11-19
Maynards Bassetts Mini Gems 130g,£1.35,(£1.04/100g),cupboard,treats_snacks,2024-11-19
Rowntree's Randoms Festives 130g,£1.25,(96.2p/100g),cupboard,treats_snacks,2024-11-19
Juicy Drop Chews with Sour Gel Pen,£1.35,(£2.01/100g),cupboard,treats_snacks,2024-11-19
"Mars , Snickers, Twix, Maltesers & Milky Way Funsize Milk Chocolate Bars 20 packs",£5.00,(£1.40/100g),cupboard,treats_snacks,2024-11-19
Decorated Strawberry Flavour Marshmallow Lollipop 45g,£1.00,(£2.22/100g),cupboard,treats_snacks,2024-11-19
ASDA Liquorice Bites 250g,£1.25,(50.0p/100g),cupboard,treats_snacks,2024-11-19
Swizzels Strawberry & Cream Flavour Squashies Drumstick 100g,£1.35,(£1.35/100g),cupboard,treats_snacks,2024-11-19
Pimlico Confectioners Fruit Jellies 450g,£2.20,(48.9p/100g),cupboard,treats_snacks,2024-11-19
ASDA Giant Candy Cane 80g,£1.25,(£1.56/100g),cupboard,treats_snacks,2024-11-19
The Jelly Bean Factory 36 Gourmet Flavours,£1.50,(£1.33/100g),cupboard,treats_snacks,2024-11-19
Chupa Chups Single Assorted Lollipop 12g,£0.25,(£2.08/100g),cupboard,treats_snacks,2024-11-19
ASDA Extra Special Black Forest Fudge Bar 120g,£2.00,(£1.67/100g),cupboard,treats_snacks,2024-11-19
Haribo Selection Box 182g,£2.00,(£1.10/100g),cupboard,treats_snacks,2024-11-19
ASDA Extra Special Handmade Clotted Cream Fudge 150g,£2.00,(£1.33/100g),cupboard,treats_snacks,2024-11-19
Push Pop Flip 25g,£1.65,(£6.60/100g),cupboard,treats_snacks,2024-11-19
Haribo Fruitilicious 150g,£1.25,(83.3p/100g),cupboard,treats_snacks,2024-11-19
Hi-Chew Grape 50g,£1.25,(£2.50/100g),cupboard,treats_snacks,2024-11-19
Toffifee Christmas Box A Hazelnut in Caramel with Creamy Nougat and Chocolate 3 x 125g (375g),£4.00,(£1.07/100g),cupboard,treats_snacks,2024-11-19
Surprise Egg 10g,£0.90,(£9.00/100g),cupboard,treats_snacks,2024-11-19
Mallow & Marsh Dark Chocolate Over Raspberry Mallows 100g,£2.50,(£2.50/100g),cupboard,treats_snacks,2024-11-19
Mallow & Marsh Milk Chocolate Over Vanilla Mallows 100g,£2.50,(£2.50/100g),cupboard,treats_snacks,2024-11-19
Vimto Double Spray Original & Cherry Mixed Fruit Flavoured Liquid Candy Spray,£1.00,(£8.33/100ml),cupboard,treats_snacks,2024-11-19
E. Wedel Creamy Flavour Marshmallow in Milk Chocolate 340g,£4.50,(£1.32/100g),cupboard,treats_snacks,2024-11-19
Bodrum Rose Luxury Turkish Delight,£1.50,(75.0p/100g),cupboard,treats_snacks,2024-11-19
Rowntree's Safari Mix Sweets Sharing Bag,£1.00,(87.0p/100g),cupboard,treats_snacks,2024-11-19
Zed Candy Screamers Fruit Flavour Sour Gel 45g,£1.25,(£2.78/100g),cupboard,treats_snacks,2024-11-19
Swizzels Sweet Shop Favourites 375g,£3.50,(93.3p/100g),cupboard,treats_snacks,2024-11-19
Skittles Squishy Cloudz Fruits Sweets Pouch Bag,£1.25,(£1.33/100g),cupboard,treats_snacks,2024-11-19
Candy Kittens Wild Strawberry Gourmet Sweets 140g,£2.50,(£1.79/100g),cupboard,treats_snacks,2024-11-19
Chupa Chups 10 Sour Assorted Flavour Lollipops 120g,£1.25,(£1.04/100g),cupboard,treats_snacks,2024-11-19
ASDA Extra Special Handmade Christmas Pudding Fudge 150g,£2.00,(£1.33/100g),cupboard,treats_snacks,2024-11-19
Rowntree's Fruit Gums Vegan Friendly Sweets Sharing Bag,£1.50,(£1.00/100g),cupboard,treats_snacks,2024-11-19
Skittles Sweets Dessert Flavoured Treat Bag,£1.25,(82.2p/100g),cupboard,treats_snacks,2024-11-19
ASDA Jingle the Reindeer Fruity Gummy Sweets 75g,£2.50,(£3.33/100g),cupboard,treats_snacks,2024-11-19
Nerds Gummy Clusters Fruit-Flavour Candy 113g,£2.00,(£1.77/100g),cupboard,treats_snacks,2024-11-19
Maynards Bassetts Fizzy Fish Jellies 130g,£1.35,(£1.04/100g),cupboard,treats_snacks,2024-11-19
Maynards Bassetts Mini Gems 130g,£1.35,(£1.04/100g),cupboard,treats_snacks,2024-11-19
Maynards Bassetts Liquorice Allsorts 165g,£1.50,(90.9p/100g),cupboard,treats_snacks,2024-11-19
Maynards Bassetts Wine Gums 165g,£1.50,(90.9p/100g),cupboard,treats_snacks,2024-11-19
Maynards Bassetts Jelly Babies 165g,£1.50,(90.9p/100g),cupboard,treats_snacks,2024-11-19
Maynards Bassetts Sports Mix 165g,£1.50,(90.9p/100g),cupboard,treats_snacks,2024-11-19
Sour Patch Kids Sweets,£1.50,(£1.15/100g),cupboard,treats_snacks,2024-11-19
Sour Patch Kids Strawberry Flavour Sweets 130g,£1.50,(£1.15/100g),cupboard,treats_snacks,2024-11-19
Sour Patch Kids Fruit Mix Flavour Sweets,£1.50,(£1.15/100g),cupboard,treats_snacks,2024-11-19
Sour Patch Kids Watermelon Flavour Sweets 130g,£1.50,(£1.15/100g),cupboard,treats_snacks,2024-11-19
Nerds Gummy Clusters Fruit-Flavour Candy 113g,£2.00,(£1.77/100g),cupboard,treats_snacks,2024-11-19
Maynards Bassetts Liquorice Allsorts 165g,£1.50,(90.9p/100g),cupboard,treats_snacks,2024-11-19
Maynards Bassetts Wine Gums 165g,£1.50,(90.9p/100g),cupboard,treats_snacks,2024-11-19
Zed Candy Screamers Shake N Spray Sour Purple Razz,£1.25,(£2.08/100ml),cupboard,treats_snacks,2024-11-19
Barratt Wham with Sour Crystals 300g,£3.00,(£1.00/100g),cupboard,treats_snacks,2024-11-19
ASDA Extra Special Blonde Cream Liqueur Fudge 150g,£2.00,(£1.33/100g),cupboard,treats_snacks,2024-11-19
Uncle Joe's Favourites Treacle Caramels,£1.25,(£1.20/100g),cupboard,treats_snacks,2024-11-19
Rowntree's Fruit Gums Vegan Friendly Sweets Sharing Bag,£1.50,(£1.00/100g),cupboard,treats_snacks,2024-11-19
Rowntree's Fruit Pastilles 115g,£1.35,(£1.17/100g),cupboard,treats_snacks,2024-11-19
Pez Assorted Character Dispenser,£1.60,(£9.41/100g),cupboard,treats_snacks,2024-11-19
ASDA Extra Special Handmade Figgy Fudge 150g,£2.00,(£1.33/100g),cupboard,treats_snacks,2024-11-19
Candy Kittens Sour Watermelon Gourmet Sweets 140g,£2.50,(£1.79/100g),cupboard,treats_snacks,2024-11-19
Sour Patch Kids 350g,£3.25,(92.9p/100g),cupboard,treats_snacks,2024-11-19
Skittles Squishy Cloudz Crazy Sours Sweets Pouch Bag,£1.25,(£1.33/100g),cupboard,treats_snacks,2024-11-19
Skittles Sweets Dessert Flavoured Treat Bag,£1.25,(82.2p/100g),cupboard,treats_snacks,2024-11-19
Barratt Liquorice Novelties Pick 'n' Mix Sweets Carton,£3.00,(75.0p/100g),cupboard,treats_snacks,2024-11-19
ASDA Jingle the Reindeer Fruity Gummy Sweets 75g,£2.50,(£3.33/100g),cupboard,treats_snacks,2024-11-19
Haribo Funtasia 150g,£1.25,(83.3p/100g),cupboard,treats_snacks,2024-11-19
Sultan Baci Baci Halva with Pistachios,£3.40,(97.1p/100g),cupboard,treats_snacks,2024-11-19
ASDA Extra Special Almond & Hazelnut Nougat Bar,£2.20,(£2.20/100g),cupboard,treats_snacks,2024-11-19
Decorated Strawberry Flavour Marshmallow Lollipop 45g,£1.00,(£2.22/100g),cupboard,treats_snacks,2024-11-19
Haribo Zingfest 150g,£1.25,(83.3p/100g),cupboard,treats_snacks,2024-11-19
Haribo Sour Sparks 175g,£1.25,(71.4p/100g),cupboard,treats_snacks,2024-11-19
"Jealous Sweets Grizzly Bears Lemon, Apple, Orange, Strawberry 125g",£2.50,(£2.00/100g),cupboard,treats_snacks,2024-11-19
Rowntree's Tropical Tots Vegan Friendly Sweets Sharing Bag,£1.50,(£1.07/100g),cupboard,treats_snacks,2024-11-19
Skittles Vegan Chewy Crazy Sour Sweets Fruit Flavoured Pouch Bag,£1.25,(91.9p/100g),cupboard,treats_snacks,2024-11-19
Candy Kittens Shox Gourmet Sours Sweets,£2.50,(£1.79/100g),cupboard,treats_snacks,2024-11-19
Rowntree's Jelly Tots 115g,£1.35,(£1.17/100g),cupboard,treats_snacks,2024-11-19
Haribo Box of Happy 120g,£2.00,(£1.67/100g),cupboard,treats_snacks,2024-11-19
Maynards Bassetts Fizzy Fish Jellies 130g,£1.35,(£1.04/100g),cupboard,treats_snacks,2024-11-19
Toxic Waste Hazardously Sour Candy 42g,£1.25,(£2.98/100g),cupboard,treats_snacks,2024-11-19
Skittles and Friends Sweets Medium Christmas Selection Box 150.5g,£2.00,(£1.33/100g),cupboard,treats_snacks,2024-11-19
Sultan Baci Baci Plain Halva,£2.50,(71.4p/100g),cupboard,treats_snacks,2024-11-19
Skittles Vegan Chewy Sour Sweets Fruit Flavoured Pouch Bag,£1.25,(94.7p/100g),cupboard,treats_snacks,2024-11-19
Pimlico Confectioners Galactic Mix 450g,£2.20,(48.9p/100g),cupboard,treats_snacks,2024-11-19
Fruit-tella Simply Strawberry 170g,£1.50,(88.2p/100g),cupboard,treats_snacks,2024-11-19
ASDA Mini Mallows 110g,£1.00,(90.9p/100g),cupboard,treats_snacks,2024-11-19
Bebeto Strawberry Trunks Soft Candy,£2.00,(40.0p/100g),cupboard,treats_snacks,2024-11-19
Bebeto Sweet Shop 400g,£1.75,(43.8p/100g),cupboard,treats_snacks,2024-11-19
Haribo Tangfastics 120g,£1.00,(83.3p/100g),cupboard,treats_snacks,2024-11-19
Nerds Gummy Clusters Fruit-Flavour Candy 113g,£2.00,(£1.77/100g),cupboard,treats_snacks,2024-11-19
Maynards Bassetts Fizzy Fish Jellies 130g,£1.35,(£1.04/100g),cupboard,treats_snacks,2024-11-19
Maynards Bassetts Mini Gems 130g,£1.35,(£1.04/100g),cupboard,treats_snacks,2024-11-19
Maynards Bassetts Liquorice Allsorts 165g,£1.50,(90.9p/100g),cupboard,treats_snacks,2024-11-19
Maynards Bassetts Wine Gums 165g,£1.50,(90.9p/100g),cupboard,treats_snacks,2024-11-19
Maynards Bassetts Jelly Babies 165g,£1.50,(90.9p/100g),cupboard,treats_snacks,2024-11-19
Maynards Bassetts Sports Mix 165g,£1.50,(90.9p/100g),cupboard,treats_snacks,2024-11-19
Sour Patch Kids Sweets,£1.50,(£1.15/100g),cupboard,treats_snacks,2024-11-19
Sour Patch Kids Strawberry Flavour Sweets 130g,£1.50,(£1.15/100g),cupboard,treats_snacks,2024-11-19
Sour Patch Kids Fruit Mix Flavour Sweets,£1.50,(£1.15/100g),cupboard,treats_snacks,2024-11-19
Sour Patch Kids Watermelon Flavour Sweets 130g,£1.50,(£1.15/100g),cupboard,treats_snacks,2024-11-19
Nerds Gummy Clusters Fruit-Flavour Candy 113g,£2.00,(£1.77/100g),cupboard,treats_snacks,2024-11-19
Maynards Bassetts Liquorice Allsorts 165g,£1.50,(90.9p/100g),cupboard,treats_snacks,2024-11-19
Maynards Bassetts Wine Gums 165g,£1.50,(90.9p/100g),cupboard,treats_snacks,2024-11-19
Fruit-tella Simply Strawberry 170g,£1.50,(88.2p/100g),cupboard,treats_snacks,2024-11-19
Bebeto Strawberry Trunks Soft Candy,£2.00,(40.0p/100g),cupboard,treats_snacks,2024-11-19
Maynards Bassetts Wine Gums Juicies 130g,£1.35,(£1.04/100g),cupboard,treats_snacks,2024-11-19
Bebeto Fizzy Rainbow Cables 400g,£2.00,(50.0p/100g),cupboard,treats_snacks,2024-11-19
Rocky Mountain Mega Marshmallows,£2.25,(66.2p/100g),cupboard,treats_snacks,2024-11-19
Mentos Chewy Fruit Sweets Multipack,£1.80,(94.7p/100g),cupboard,treats_snacks,2024-11-19
Vimto Bon Bons,£1.85,(£1.32/100g),cupboard,treats_snacks,2024-11-19
Bebeto Pick & Mix Party Pack Gummy Sweets Bag,£4.00,(53.3p/100g),cupboard,treats_snacks,2024-11-19
Nerds Candy Grape & Strawberry Candy 46.7g,£1.29,(£2.80/100g),cupboard,treats_snacks,2024-11-19
Skittles Vegan Chewy Sour Sweets Fruit Flavoured Pouch Bag,£1.25,(94.7p/100g),cupboard,treats_snacks,2024-11-19
Storck Toffifee 15 Pieces 125g,£1.50,(£1.20/100g),cupboard,treats_snacks,2024-11-19
Pimlico Confectioners Galactic Mix 450g,£2.20,(48.9p/100g),cupboard,treats_snacks,2024-11-19
Skittles and Friends Sweets Medium Christmas Selection Box 150.5g,£2.00,(£1.33/100g),cupboard,treats_snacks,2024-11-19
Toxic Waste Hazardously Sour Candy 42g,£1.25,(£2.98/100g),cupboard,treats_snacks,2024-11-19
Mentos Fanta Orange Flavour Chewy Dragees 140g,£1.25,(89.3p/100g),cupboard,treats_snacks,2024-11-19
Haribo Jelly Babies Double Trouble 175g,£1.25,(71.4p/100g),cupboard,treats_snacks,2024-11-19
Fry's Turkish Delight 3 Pack,£1.35,(88.2p/100g),cupboard,treats_snacks,2024-11-19
Candy Kittens Eton Mess Gourmet Sweets 140g,£2.50,(£1.79/100g),cupboard,treats_snacks,2024-11-19
ASDA Decorated Strawberry Flavour Marshmallow Lollipop 33g,£1.00,(£1.01/100g),cupboard,treats_snacks,2024-11-19
Starburst Minis Original Sweets Pouch Bag,£1.25,(91.2p/100g),cupboard,treats_snacks,2024-11-19
Sour Patch Kids Fruit Mix Flavour Sweets,£1.50,(£1.15/100g),cupboard,treats_snacks,2024-11-19
Juicy Drop Gummy Dipperz,£1.99,(£2.07/100g),cupboard,treats_snacks,2024-11-19
Candy Kittens The Sweet Factory 264g,£10.00,(£3.79/100g),cupboard,treats_snacks,2024-11-19
Swizzels Scrumptious Sweets,£2.50,(71.2p/100g),cupboard,treats_snacks,2024-11-19
Swizzels Big Party Mix 900g,£5.99,(66.6p/100g),cupboard,treats_snacks,2024-11-19
Haribo Starmix Multipack Bag 176g,£1.80,(£1.02/100g),cupboard,treats_snacks,2024-11-19
Maynards Bassetts Sports Mix Juicies 130g,£1.35,(£1.04/100g),cupboard,treats_snacks,2024-11-19
Zed Candy Screamers Shake N Spray Sour Blue Razz,£1.25,(£2.08/100ml),cupboard,treats_snacks,2024-11-19
ASDA Flying Saucers 23g,£0.75,(£3.26/100g),cupboard,treats_snacks,2024-11-19
BAKE by ASDA Pink & White Mini Mallows 150g,£1.40,(93.3p/100g),cupboard,treats_snacks,2024-11-19
Barratt Retros Chews Assortment,£3.00,(£1.00/100g),cupboard,treats_snacks,2024-11-19
Maynards Bassetts Jelly Babies 350g,£3.25,(92.9p/100g),cupboard,treats_snacks,2024-11-19
SweetZone Rainbow Belts,£1.35,(79.4p/100g),cupboard,treats_snacks,2024-11-19
Swizzels An Assortment of Family Favourite Sweets 650g,£5.00,(76.9p/100g),cupboard,treats_snacks,2024-11-19
Big Baby Pop Raspberry and Cola 32g,£1.30,(£4.06/100g),cupboard,treats_snacks,2024-11-19
E. Wedel Vanilla Flavour Marshmallow in Dark Chocolate 340g,£4.50,(£1.32/100g),cupboard,treats_snacks,2024-11-19
Werthers Original Sugar Free Creamy Toffees Sweets,£1.50,(£1.88/100g),cupboard,treats_snacks,2024-11-19
Cadbury Eclairs 350g,£3.25,(92.9p/100g),cupboard,treats_snacks,2024-11-19
Skittles Vegan Chewy Sweets Fruit Flavoured Pouch Bag,£1.25,(94.7p/100g),cupboard,treats_snacks,2024-11-19
Nerds Gummy Clusters Fruit-Flavour Candy 113g,£2.00,(£1.77/100g),cupboard,treats_snacks,2024-11-19
Maynards Bassetts Fizzy Fish Jellies 130g,£1.35,(£1.04/100g),cupboard,treats_snacks,2024-11-19
Maynards Bassetts Mini Gems 130g,£1.35,(£1.04/100g),cupboard,treats_snacks,2024-11-19
Maynards Bassetts Liquorice Allsorts 165g,£1.50,(90.9p/100g),cupboard,treats_snacks,2024-11-19
Maynards Bassetts Wine Gums 165g,£1.50,(90.9p/100g),cupboard,treats_snacks,2024-11-19
Maynards Bassetts Jelly Babies 165g,£1.50,(90.9p/100g),cupboard,treats_snacks,2024-11-19
Maynards Bassetts Sports Mix 165g,£1.50,(90.9p/100g),cupboard,treats_snacks,2024-11-19
Sour Patch Kids Sweets,£1.50,(£1.15/100g),cupboard,treats_snacks,2024-11-19
Sour Patch Kids Strawberry Flavour Sweets 130g,£1.50,(£1.15/100g),cupboard,treats_snacks,2024-11-19
Sour Patch Kids Fruit Mix Flavour Sweets,£1.50,(£1.15/100g),cupboard,treats_snacks,2024-11-19
Sour Patch Kids Watermelon Flavour Sweets 130g,£1.50,(£1.15/100g),cupboard,treats_snacks,2024-11-19
Nerds Gummy Clusters Fruit-Flavour Candy 113g,£2.00,(£1.77/100g),cupboard,treats_snacks,2024-11-19
Maynards Bassetts Liquorice Allsorts 165g,£1.50,(90.9p/100g),cupboard,treats_snacks,2024-11-19
Maynards Bassetts Wine Gums 165g,£1.50,(90.9p/100g),cupboard,treats_snacks,2024-11-19
Skittles Vegan Chewy Sweets Fruit Flavoured Pouch Bag,£1.25,(94.7p/100g),cupboard,treats_snacks,2024-11-19
Rowntree's Randoms Fizzy Cactuz 130g,£1.50,(£1.15/100g),cupboard,treats_snacks,2024-11-19
Toxic Waste Red Sour Candy 42g,£1.25,(£2.98/100g),cupboard,treats_snacks,2024-11-19
Uncle Joe's Favourites Winter Nips,£1.00,(92.6p/100g),cupboard,treats_snacks,2024-11-19
Swizzels Squashies Original Raspberry & Milk Flavour Drumstick 280g,£2.50,(89.3p/100g),cupboard,treats_snacks,2024-11-19
Pimlico Confectioners Fizzy Fruit Punch 450g,£2.20,(48.9p/100g),cupboard,treats_snacks,2024-11-19
OMV! Deliciously Vegan Handmade Salted Maple Flavour Fudge 150g,£2.00,(£1.33/100g),cupboard,treats_snacks,2024-11-19
Haribo Starmix Sweets Gift Box,£2.50,(65.8p/100g),cupboard,treats_snacks,2024-11-19
Maltesers Chocolate Fun Size Bags Multipack 214.5g,£3.50,(£1.63/100g),cupboard,treats_snacks,2024-11-19
Dandies Vegan Vanilla Flavoured Marshmallows,£3.00,(£1.50/100g),cupboard,treats_snacks,2024-11-19
ASDA Extra Special Handmade Salted Caramel Fudge 150g,£2.00,(£1.33/100g),cupboard,treats_snacks,2024-11-19
Werthers Orginal Butter Candies Sugar Free Sweets,£1.50,(£1.88/100g),cupboard,treats_snacks,2024-11-19
ASDA Chocolate Eclairs 170g,£1.60,(94.1p/100g),cupboard,treats_snacks,2024-11-19
Hi-Chew Strawberry 50g,£1.25,(£2.50/100g),cupboard,treats_snacks,2024-11-19
SweetZone Fizzy Mix,£1.35,(75.0p/100g),cupboard,treats_snacks,2024-11-19
Nerds Rainbow Candy 141.7g,£2.50,(£1.77/100g),cupboard,treats_snacks,2024-11-19
Werthers Original Creamy Filling Sweets,£1.50,(£1.20/100g),cupboard,treats_snacks,2024-11-19
Maynards Bassetts Wine Gums 350g,£3.25,(92.9p/100g),cupboard,treats_snacks,2024-11-19
Swizzels Sweet Shop 220g,£6.00,(£2.73/100g),cupboard,treats_snacks,2024-11-19
Maoam Pinballs Chewy Sweets Pack,£0.50,(£1.56/100g),cupboard,treats_snacks,2024-11-19
ASDA Extra Special Raspberry & Dark Chocolate Nougat 100g,£2.20,(£2.20/100g),cupboard,treats_snacks,2024-11-19
Skittles Chewies Fruits Sweets Pouch Bag,£1.25,(91.2p/100g),cupboard,treats_snacks,2024-11-19
Bazooka Candy Brands Juicy Drop Blasts 140g,£1.30,(92.9p/100g),cupboard,treats_snacks,2024-11-19
Nerds Gummy Clusters Fruit-Flavour Candy 113g,£2.00,(£1.77/100g),cupboard,treats_snacks,2024-11-19
Maynards Bassetts Fizzy Fish Jellies 130g,£1.35,(£1.04/100g),cupboard,treats_snacks,2024-11-19
Maynards Bassetts Mini Gems 130g,£1.35,(£1.04/100g),cupboard,treats_snacks,2024-11-19
Maynards Bassetts Liquorice Allsorts 165g,£1.50,(90.9p/100g),cupboard,treats_snacks,2024-11-19
Maynards Bassetts Wine Gums 165g,£1.50,(90.9p/100g),cupboard,treats_snacks,2024-11-19
Maynards Bassetts Jelly Babies 165g,£1.50,(90.9p/100g),cupboard,treats_snacks,2024-11-19
Maynards Bassetts Sports Mix 165g,£1.50,(90.9p/100g),cupboard,treats_snacks,2024-11-19
Sour Patch Kids Sweets,£1.50,(£1.15/100g),cupboard,treats_snacks,2024-11-19
Sour Patch Kids Strawberry Flavour Sweets 130g,£1.50,(£1.15/100g),cupboard,treats_snacks,2024-11-19
Sour Patch Kids Fruit Mix Flavour Sweets,£1.50,(£1.15/100g),cupboard,treats_snacks,2024-11-19
Sour Patch Kids Watermelon Flavour Sweets 130g,£1.50,(£1.15/100g),cupboard,treats_snacks,2024-11-19
Celebrations Milk Chocolate & Biscuit Bars Sharing Tub 550g,£6.00,(£1.09/100g),cupboard,treats_snacks,2024-11-19
Maltesers Chocolate Box,£2.75,(£1.49/100g),cupboard,treats_snacks,2024-11-19
Celebrations Milk Chocolate Selection Box of Mini Chocolate & Biscuit Bars 185g,£2.50,(£1.35/100g),cupboard,treats_snacks,2024-11-19
Ferrero Rocher Chocolate Pralines Gift Box 24 Pieces 300g,£6.50,(£2.17/100g),cupboard,treats_snacks,2024-11-19
Maltesers Teasers Milk Chocolate & Honeycomb Centerpiece Gift Box 335g,£4.50,(£1.34/100g),cupboard,treats_snacks,2024-11-19
Cadbury Heroes Chocolate Tub 550g,£6.00,(£1.09/100g),cupboard,treats_snacks,2024-11-19
Quality Street Matchmakers Cool Mint Chocolate Box,£1.35,(£1.12/100g),cupboard,treats_snacks,2024-11-19
Cadbury Roses Chocolate Tub 550g,£6.00,(£1.09/100g),cupboard,treats_snacks,2024-11-19
Terry's Chocolate Orange Milk,£1.25,(79.6p/100g),cupboard,treats_snacks,2024-11-19
Guylian 22 Belgian Chocolates the Original Seashells,£5.00,(£2.00/100g),cupboard,treats_snacks,2024-11-19
Cadbury Milk Tray Chocolate Box 360g,£4.00,(£1.11/100g),cupboard,treats_snacks,2024-11-19
Storck Toffifee 15 Pieces 125g,£1.50,(£1.20/100g),cupboard,treats_snacks,2024-11-19
After Eight Dark Mint Chocolate Carton Box,£3.00,(£1.00/100g),cupboard,treats_snacks,2024-11-19
ASDA Chocolate Mint Thins 180g,£1.75,(97.2p/100g),cupboard,treats_snacks,2024-11-19
Cadbury Heroes 300g,£3.50,(£1.17/100g),cupboard,treats_snacks,2024-11-19
Lindt Lindor Limited Edition Irish Cream 200g,£4.50,(£2.25/100g),cupboard,treats_snacks,2024-11-19
Lindt Lindor Assorted Chocolate Truffles Box 200g,£4.50,(£2.25/100g),cupboard,treats_snacks,2024-11-19
Quality Street Chocolate Tub 600g,£6.00,(£1.00/100g),cupboard,treats_snacks,2024-11-19
Ferrero Rocher Chocolate Pralines Gift Box 16 Pieces,£5.00,(£2.50/100g),cupboard,treats_snacks,2024-11-19
Lindt LINDOR RASPBERRY & CREAM 200g,£4.50,(£2.25/100g),cupboard,treats_snacks,2024-11-19
Quality Street Matchmakers Chocolate Hazelnut Flavour 120g,£1.35,(£1.12/100g),cupboard,treats_snacks,2024-11-19
Cadbury Milk Tray Chocolate Box 78g,£1.75,(£2.24/100g),cupboard,treats_snacks,2024-11-19
Smarties Elf Treats 120g,£1.35,(£1.12/100g),cupboard,treats_snacks,2024-11-19
Toblerone Truffles Chocolate Box 180g,£4.00,(£2.22/100g),cupboard,treats_snacks,2024-11-19
Lindt LINDOR Milk Chocolate Truffles Box 37g,£1.15,(£3.11/100g),cupboard,treats_snacks,2024-11-19
Cadbury Dairy Milk Freddo & Friends 300g,£3.50,(£1.17/100g),cupboard,treats_snacks,2024-11-19
Cadbury Treatsize Multipack Chocolate 207g,£3.00,(£1.45/100g),cupboard,treats_snacks,2024-11-19
ASDA Delish Milk Chocolate Popping Puddings 100g,£1.00,(£1.00/100g),cupboard,treats_snacks,2024-11-19
Bendicks Mint Collection 200g,£4.00,(£2.00/100g),cupboard,treats_snacks,2024-11-19
George Home Large Deer Gift Bag,£1.00,(£1.00/each),cupboard,treats_snacks,2024-11-19
George Home Christmas Gold Gift Box,£1.00,(£1.00/each),cupboard,treats_snacks,2024-11-19
George Home Large Green Gift Bag,£1.00,(£1.00/each),cupboard,treats_snacks,2024-11-19
Lindt Lindor Assorted Chocolate Truffles Box 337g,£7.40,(£2.20/100g),cupboard,treats_snacks,2024-11-19
George Home Christmas Bottle Bags - Set of 6,£2.00,(33.3p/each),cupboard,treats_snacks,2024-11-19
George Home Large Landscape Tree Print Gift Bag,£1.00,(£1.00/each),cupboard,treats_snacks,2024-11-19
Terry's Chocolate Orange Truffles,£3.50,(£1.75/100g),cupboard,treats_snacks,2024-11-19
Lindt Lindor Salted Caramel Chocolate Truffles Box 200g,£4.50,(£2.25/100g),cupboard,treats_snacks,2024-11-19
Lindt LINDOR EXTRA DARK 200g,£4.50,(£2.25/100g),cupboard,treats_snacks,2024-11-19
Guylian Temptations Assortment About 20 Single Wrapped Chocolates,£5.00,(£2.50/100g),cupboard,treats_snacks,2024-11-19
George Butterfly Large Bag,£1.40,(£1.40/each),cupboard,treats_snacks,2024-11-19
Peter Rabbit Large Gift Bag,£1.40,(£1.40/each),cupboard,treats_snacks,2024-11-19
George Craft Stripe Large Gift Bag,£1.40,(£1.40/each),cupboard,treats_snacks,2024-11-19
Lindt Lindor Milk & White Chocolate Truffles Box 200g,£4.50,(£2.25/100g),cupboard,treats_snacks,2024-11-19
George Craft Stripe Bottle Bag,£1.00,(£1.00/each),cupboard,treats_snacks,2024-11-19
Milkybar 80g,£1.35,(£1.69/100g),cupboard,treats_snacks,2024-11-19
George Dino Large Bag,£1.40,(£1.40/each),cupboard,treats_snacks,2024-11-19
George Occasions XL Bag,£1.70,(£1.70/each),cupboard,treats_snacks,2024-11-19
George Premium Little Something Stripe Small Portrait Bag,£1.60,(£1.60/each),cupboard,treats_snacks,2024-11-19
Lily O'Briens Milk Chocolate Truffles 200g,£3.50,(£1.75/100g),cupboard,treats_snacks,2024-11-19
Pimlico Confectioners Fruit Jellies 450g,£2.20,(48.9p/100g),cupboard,treats_snacks,2024-11-19
Celebrations Milk Chocolate & Biscuit Bars Sharing Tub 550g,£6.00,(£1.09/100g),cupboard,treats_snacks,2024-11-19
Maltesers Chocolate Box,£2.75,(£1.49/100g),cupboard,treats_snacks,2024-11-19
Toblerone Truffles Chocolate Box 180g,£4.00,(£2.22/100g),cupboard,treats_snacks,2024-11-19
Celebrations Milk Chocolate Selection Box of Mini Chocolate & Biscuit Bars 185g,£2.50,(£1.35/100g),cupboard,treats_snacks,2024-11-19
Milkybar Festive Friends 262g,£3.50,(£1.34/100g),cupboard,treats_snacks,2024-11-19
"Toblerone Milk, White & Dark 280g",£3.50,(£1.25/100g),cupboard,treats_snacks,2024-11-19
Toblerone Golden Caramel with Honey & Almond Nougat Bar 360g,£5.50,(£1.53/100g),cupboard,treats_snacks,2024-11-19
Celebrations Milk Chocolate & Biscuit Bars Sharing Tub 550g,£6.00,(£1.09/100g),cupboard,treats_snacks,2024-11-19
Maltesers Chocolate Box,£2.75,(£1.49/100g),cupboard,treats_snacks,2024-11-19
Celebrations Milk Chocolate Selection Box of Mini Chocolate & Biscuit Bars 185g,£2.50,(£1.35/100g),cupboard,treats_snacks,2024-11-19
George Dino Large Bag,£1.40,(£1.40/each),cupboard,treats_snacks,2024-11-19
Boofle XL Gift Bag,£1.70,(£1.70/each),cupboard,treats_snacks,2024-11-19
ASDA Extra Special Handmade Clotted Cream Fudge 150g,£2.00,(£1.33/100g),cupboard,treats_snacks,2024-11-19
George Home Premium Striped Bottle Bag,£1.60,(£1.60/each),cupboard,treats_snacks,2024-11-19
Moo Free Crimbo Choccy Pud 80g,£4.75,(£5.94/100g),cupboard,treats_snacks,2024-11-19
M&M's Milk Chocolate Christmas Santa Shape with Mini Chocolate M&M’s 100g,£1.85,(£1.85/100g),cupboard,treats_snacks,2024-11-19
George Large Gift Bag,£1.40,(£1.40/each),cupboard,treats_snacks,2024-11-19
ASDA Jolly Jingle the Reindeer Chocolate Faces 75g,£2.00,(£2.67/100g),cupboard,treats_snacks,2024-11-19
Maltesers & Friends 207g,£2.50,(£1.21/100g),cupboard,treats_snacks,2024-11-19
Toffifee Christmas Box A Hazelnut in Caramel with Creamy Nougat and Chocolate 3 x 125g (375g),£4.00,(£1.07/100g),cupboard,treats_snacks,2024-11-19
Lindt Lindor Salted Caramel Chocolate Truffles Box 200g,£4.50,(£2.25/100g),cupboard,treats_snacks,2024-11-19
Terry's Chocolate Orange Truffles,£3.50,(£1.75/100g),cupboard,treats_snacks,2024-11-19
George Home Large Landscape Tree Print Gift Bag,£1.00,(£1.00/each),cupboard,treats_snacks,2024-11-19
Milkybar 80g,£1.35,(£1.69/100g),cupboard,treats_snacks,2024-11-19
Bendicks Mint Collection 200g,£4.00,(£2.00/100g),cupboard,treats_snacks,2024-11-19
Cadbury Anniversary Tin 720g,£10.00,(£1.39/100g),cupboard,treats_snacks,2024-11-19
Fry's Collection 249g,£3.00,(£1.20/100g),cupboard,treats_snacks,2024-11-19
George Stars Bottle Bag,£1.00,(£1.00/each),cupboard,treats_snacks,2024-11-19
Thorntons Pearls Brownie Deluxe Milk Chocolates,£4.25,(£2.54/100g),cupboard,treats_snacks,2024-11-19
George Home Large Landscape Food Gift Bag,£1.00,(£1.00/each),cupboard,treats_snacks,2024-11-19
George Male text XL bag,£1.70,(£1.70/each),cupboard,treats_snacks,2024-11-19
Lindt Choco Wafer Assorted Chocolate Sharing Box 138g,£4.00,(£2.90/100g),cupboard,treats_snacks,2024-11-19
Boofle Large Gift Bag,£1.40,(£1.40/each),cupboard,treats_snacks,2024-11-19
Boofle Large Gift Bag,£1.40,(£1.40/each),cupboard,treats_snacks,2024-11-19
"Thorntons Continental Milk, Dark, White Chocolate Gift Box",£7.50,(£2.84/100g),cupboard,treats_snacks,2024-11-19
Ritter Sport Mini Chocolate Mix 9 x 16.67g (150g),£3.50,(£2.33/100g),cupboard,treats_snacks,2024-11-19
George Home Large Santa Gift Bag,£1.00,(£1.00/each),cupboard,treats_snacks,2024-11-19
Baileys Assorted Chocolate Truffles 340g,£7.50,(£2.21/100g),cupboard,treats_snacks,2024-11-19
George Cockapoo Medium Gift Bag,£1.20,(£1.20/each),cupboard,treats_snacks,2024-11-19
George Milestone Cube Gift Box,£1.50,(£1.50/each),cupboard,treats_snacks,2024-11-19
George Home Premium Medium Jolly Gift Bag,£1.80,(£1.80/each),cupboard,treats_snacks,2024-11-19
Guylian 20 Chocolates with Dark Hazelnut Praliné Filling Seashells,£5.00,(£2.22/100g),cupboard,treats_snacks,2024-11-19
George Pink and Red Stripe Bottle Bag,£1.00,(£1.00/each),cupboard,treats_snacks,2024-11-19
"Thorntons Classic Milk, Dark, White Chocolate Gift Box",£6.50,(£2.48/100g),cupboard,treats_snacks,2024-11-19
Cadbury Crunchie Bits 300g,£3.50,(£1.17/100g),cupboard,treats_snacks,2024-11-19
George Cheese Plant Large Gift Bag,£1.80,(£1.80/each),cupboard,treats_snacks,2024-11-19
George Home Scandi Print Large Gift Box,£3.00,(£3.00/each),cupboard,treats_snacks,2024-11-19
Quality Street Street 813g,£8.00,(98.4p/100g),cupboard,treats_snacks,2024-11-19
ASDA Choc Shots 82g,£3.50,(£4.27/100g),cupboard,treats_snacks,2024-11-19
Maltesers Gifting Bundle,£8.00,null,cupboard,treats_snacks,2024-11-19
Kinder Milky Caramel 110g,£2.25,(£2.05/100g),cupboard,treats_snacks,2024-11-19
Barratt Wham with Sour Crystals 300g,£3.00,(£1.00/100g),cupboard,treats_snacks,2024-11-19
ASDA Extra Special Blonde Cream Liqueur Fudge 150g,£2.00,(£1.33/100g),cupboard,treats_snacks,2024-11-19
George Home Large Penguin Gift Bag,£1.00,(£1.00/each),cupboard,treats_snacks,2024-11-19
Sour Patch Kids 350g,£3.25,(92.9p/100g),cupboard,treats_snacks,2024-11-19
ASDA Extra Special Belgian Chocolate Wreath 90g,£3.25,(£3.61/100g),cupboard,treats_snacks,2024-11-19
George Home White and Gold Bottle Bag,£1.00,(£1.00/each),cupboard,treats_snacks,2024-11-19
Nestle White Festive Selection 199g,£3.00,(£1.51/100g),cupboard,treats_snacks,2024-11-19
Guylian The Original Seashells 6 Chocolates with Hazelnut Praliné Filling,£1.50,(£2.31/100g),cupboard,treats_snacks,2024-11-19
Lily O'Briens Christmas Desserts Collection 312g,£9.00,(£2.88/100g),cupboard,treats_snacks,2024-11-19
Lindt TEDDY 24 Finest Milk Chocolates 250g,£12.00,(£4.80/100g),cupboard,treats_snacks,2024-11-19
Winnie The Pooh Large Gift Bag,£1.40,(£1.40/each),cupboard,treats_snacks,2024-11-19
Quality Street 300g,£3.50,(£1.17/100g),cupboard,treats_snacks,2024-11-19
Terry's Chocolate Orange Exploding Candy 147g,£1.25,(85.0p/100g),cupboard,treats_snacks,2024-11-19
Disney Pixar Toy Story Christmas Eve Box,£3.00,(£3.00/each),cupboard,treats_snacks,2024-11-19
Maltesers Chocolate Box,£2.75,(£1.49/100g),cupboard,treats_snacks,2024-11-19
Celebrations Milk Chocolate & Biscuit Bars Sharing Tub 550g,£6.00,(£1.09/100g),cupboard,treats_snacks,2024-11-19
Milkybar Festive Friends 262g,£3.50,(£1.34/100g),cupboard,treats_snacks,2024-11-19
Celebrations Milk Chocolate Selection Box of Mini Chocolate & Biscuit Bars 185g,£2.50,(£1.35/100g),cupboard,treats_snacks,2024-11-19
Toblerone Truffles Chocolate Box 180g,£4.00,(£2.22/100g),cupboard,treats_snacks,2024-11-19
"Toblerone Milk, White & Dark 280g",£3.50,(£1.25/100g),cupboard,treats_snacks,2024-11-19
Toblerone Golden Caramel with Honey & Almond Nougat Bar 360g,£5.50,(£1.53/100g),cupboard,treats_snacks,2024-11-19
Celebrations Milk Chocolate & Biscuit Bars Sharing Tub 550g,£6.00,(£1.09/100g),cupboard,treats_snacks,2024-11-19
Maltesers Chocolate Box,£2.75,(£1.49/100g),cupboard,treats_snacks,2024-11-19
Celebrations Milk Chocolate Selection Box of Mini Chocolate & Biscuit Bars 185g,£2.50,(£1.35/100g),cupboard,treats_snacks,2024-11-19
Nestle White Festive Selection 199g,£3.00,(£1.51/100g),cupboard,treats_snacks,2024-11-19
George Home Christmas Canvas Bottle Bag,£1.50,(£1.50/each),cupboard,treats_snacks,2024-11-19
Bodrum Rose Luxury Turkish Delight,£1.50,(75.0p/100g),cupboard,treats_snacks,2024-11-19
George Home Large Green Gift Bag,£1.00,(£1.00/each),cupboard,treats_snacks,2024-11-19
Reese's Peanut Butter Cup Miniatures 200g,£3.95,(£1.98/100g),cupboard,treats_snacks,2024-11-19
Terry's Chocolate Orange Exploding Candy 147g,£1.25,(85.0p/100g),cupboard,treats_snacks,2024-11-19
Disney Pixar Toy Story Christmas Eve Box,£3.00,(£3.00/each),cupboard,treats_snacks,2024-11-19
E. Wedel Creamy Flavour Marshmallow in Milk Chocolate 340g,£4.50,(£1.32/100g),cupboard,treats_snacks,2024-11-19
Quality Street 300g,£3.50,(£1.17/100g),cupboard,treats_snacks,2024-11-19
Lindt Lindor White Chocolate Truffles Box 200g,£4.50,(£2.25/100g),cupboard,treats_snacks,2024-11-19
ASDA Extra Special Cherry Liqueurs 225g,£3.00,(£1.33/100g),cupboard,treats_snacks,2024-11-19
Lindt TEDDY 24 Finest Milk Chocolates 250g,£12.00,(£4.80/100g),cupboard,treats_snacks,2024-11-19
Lily O'Briens Christmas Desserts Collection 312g,£9.00,(£2.88/100g),cupboard,treats_snacks,2024-11-19
Winnie The Pooh Large Gift Bag,£1.40,(£1.40/each),cupboard,treats_snacks,2024-11-19
George Home Gaming Large Gift Bag,£1.40,(£1.40/each),cupboard,treats_snacks,2024-11-19
Lindt Lindor Dark Mint Chocolate Truffles Box 200g,£4.50,(£2.25/100g),cupboard,treats_snacks,2024-11-19
George Medium Gift Bag,£1.20,(£1.20/each),cupboard,treats_snacks,2024-11-19
Lindt Selection Assorted Chocolate Box 427g,£13.00,(£3.04/100g),cupboard,treats_snacks,2024-11-19
Kinder Milky Caramel 110g,£2.25,(£2.05/100g),cupboard,treats_snacks,2024-11-19
Barratt Wham with Sour Crystals 300g,£3.00,(£1.00/100g),cupboard,treats_snacks,2024-11-19
ASDA Extra Special Blonde Cream Liqueur Fudge 150g,£2.00,(£1.33/100g),cupboard,treats_snacks,2024-11-19
Lindt Teddy Christmas White Chocolate 100g,£3.00,(£3.00/100g),cupboard,treats_snacks,2024-11-19
George Floral Medium Premium Bag,£1.80,(£1.80/each),cupboard,treats_snacks,2024-11-19
George Home White Star Bottle Bag,£0.60,(60.0p/each),cupboard,treats_snacks,2024-11-19
Ferrero Collection Box of Chocolate 48 Pieces (518g),£12.50,(£2.41/100g),cupboard,treats_snacks,2024-11-19
Haribo Box of Happy 120g,£2.00,(£1.67/100g),cupboard,treats_snacks,2024-11-19
Celebrations 325g,£3.50,(£1.08/100g),cupboard,treats_snacks,2024-11-19
George Home Large Tree Print Gift Bag,£1.00,(£1.00/each),cupboard,treats_snacks,2024-11-19
ASDA Hollow White Chocolate Snowman Shape 60g,£0.89,(£1.48/100g),cupboard,treats_snacks,2024-11-19
George Milestone Sticker Personalisable Large Bag,£1.40,(£1.40/each),cupboard,treats_snacks,2024-11-19
Baileys Chocolate Collection 227g,£10.00,(£4.41/100g),cupboard,treats_snacks,2024-11-19
Sultan Baci Baci Halva with Pistachios,£3.40,(97.1p/100g),cupboard,treats_snacks,2024-11-19
George Home Large Naughty or Nice Gift Bag,£2.00,(£2.00/each),cupboard,treats_snacks,2024-11-19
George Home Large Christmas Text Gift Bag,£1.00,(£1.00/each),cupboard,treats_snacks,2024-11-19
Raffaello Coconut and Almond Pralines Gift Box 23 Pieces 230g,£5.00,(£2.17/100g),cupboard,treats_snacks,2024-11-19
George Home Rainbow Gift Bow,£1.00,(£1.00/each),cupboard,treats_snacks,2024-11-19
George Home Large Deer Gift Bag,£1.00,(£1.00/each),cupboard,treats_snacks,2024-11-19
Smarties White Chocolate 120g,£1.35,(£1.12/100g),cupboard,treats_snacks,2024-11-19
George Home Large Pet Gift Bag,£1.00,(£1.00/each),cupboard,treats_snacks,2024-11-19
George Home Extra Large Balloon Gift Bag,£1.70,(£1.70/each),cupboard,treats_snacks,2024-11-19
Lindt Milk Chocolate Teddy Tree Decorations 60g,£3.50,(£5.83/100g),cupboard,treats_snacks,2024-11-19
Ferrero Collection Chocolate Pralines Gift Box 32 Pieces,£10.50,(£2.92/100g),cupboard,treats_snacks,2024-11-19
ASDA Merry Chocolate Dominoes 100g,£3.00,(£3.00/100g),cupboard,treats_snacks,2024-11-19
George Home Snowflake Print Medium Gift Box,£2.00,(£2.00/each),cupboard,treats_snacks,2024-11-19
Bebeto Party Mix Gummy Mix,£2.00,(50.0p/100g),cupboard,treats_snacks,2024-11-19
George Home Large House Print Gift Bag,£1.00,(£1.00/each),cupboard,treats_snacks,2024-11-19
George Neon Bottle Bag,£1.00,(£1.00/each),cupboard,treats_snacks,2024-11-19
George Celebrate Medium Gift Bag,£1.20,(£1.20/each),cupboard,treats_snacks,2024-11-19
George Bright Butterfly Medium Bag,£1.20,(£1.20/each),cupboard,treats_snacks,2024-11-19
ASDA Free From Cherry & Chocolate Tiffin 150g,£2.60,(£17.33/kg),cupboard,treats_snacks,2024-11-19
Cadbury Heroes 750g,£10.00,(£1.33/100g),cupboard,treats_snacks,2024-11-19
Marvel Avengers Large Gift Bag,£1.40,(£1.40/each),cupboard,treats_snacks,2024-11-19
Cadbury Anniversary Tin 720g,£10.00,(£1.39/100g),cupboard,treats_snacks,2024-11-19
Fry's Collection 249g,£3.00,(£1.20/100g),cupboard,treats_snacks,2024-11-19
George Stars Bottle Bag,£1.00,(£1.00/each),cupboard,treats_snacks,2024-11-19
Maltesers Chocolate Box,£2.75,(£1.49/100g),cupboard,treats_snacks,2024-11-19
Celebrations Milk Chocolate & Biscuit Bars Sharing Tub 550g,£6.00,(£1.09/100g),cupboard,treats_snacks,2024-11-19
Milkybar Festive Friends 262g,£3.50,(£1.34/100g),cupboard,treats_snacks,2024-11-19
Celebrations Milk Chocolate Selection Box of Mini Chocolate & Biscuit Bars 185g,£2.50,(£1.35/100g),cupboard,treats_snacks,2024-11-19
Toblerone Truffles Chocolate Box 180g,£4.00,(£2.22/100g),cupboard,treats_snacks,2024-11-19
"Toblerone Milk, White & Dark 280g",£3.50,(£1.25/100g),cupboard,treats_snacks,2024-11-19
Toblerone Golden Caramel with Honey & Almond Nougat Bar 360g,£5.50,(£1.53/100g),cupboard,treats_snacks,2024-11-19
Celebrations Milk Chocolate & Biscuit Bars Sharing Tub 550g,£6.00,(£1.09/100g),cupboard,treats_snacks,2024-11-19
Maltesers Chocolate Box,£2.75,(£1.49/100g),cupboard,treats_snacks,2024-11-19
Celebrations Milk Chocolate Selection Box of Mini Chocolate & Biscuit Bars 185g,£2.50,(£1.35/100g),cupboard,treats_snacks,2024-11-19
George Home Jingle Bottle Bag,£1.00,(£1.00/each),cupboard,treats_snacks,2024-11-19
Nestle Black Magic Dark Chocolate Box,£5.00,(£1.44/100g),cupboard,treats_snacks,2024-11-19
Maltesers Truffles Chocolate Large Gift Box,£5.25,(£1.56/100g),cupboard,treats_snacks,2024-11-19
ASDA Cuddly Jingle the Reindeer with Milk Chocolate Creme Filled Red Noses 75g,£4.75,(£6.33/100g),cupboard,treats_snacks,2024-11-19
Elizabeth Shaw 26 Dark Chocolate Mint Honeycomb Crisp 162g,£3.00,(£1.85/100g),cupboard,treats_snacks,2024-11-19
George Home Medium Pink Santa Gift Bag,£0.90,(90.0p/each),cupboard,treats_snacks,2024-11-19
Sultan Baci Baci Plain Halva,£2.50,(71.4p/100g),cupboard,treats_snacks,2024-11-19
ASDA Hollow White Chocolate Snowman Shape 60g,£0.89,(£1.48/100g),cupboard,treats_snacks,2024-11-19
Baileys Chocolate Collection 227g,£10.00,(£4.41/100g),cupboard,treats_snacks,2024-11-19
George Home Large Pet Gift Bag,£1.00,(£1.00/each),cupboard,treats_snacks,2024-11-19
Sultan Baci Baci Halva with Pistachios,£3.40,(97.1p/100g),cupboard,treats_snacks,2024-11-19
George Home Large Naughty or Nice Gift Bag,£2.00,(£2.00/each),cupboard,treats_snacks,2024-11-19
Raffaello Coconut and Almond Pralines Gift Box 23 Pieces 230g,£5.00,(£2.17/100g),cupboard,treats_snacks,2024-11-19
George Home Rainbow Gift Bow,£1.00,(£1.00/each),cupboard,treats_snacks,2024-11-19
George Milestone Sticker Personalisable Large Bag,£1.40,(£1.40/each),cupboard,treats_snacks,2024-11-19
Bebeto Fizzy Gummy Sweets Party Mix Tub,£2.00,(50.0p/100g),cupboard,treats_snacks,2024-11-19
Bendicks Bittermints 200g,£4.00,(£2.00/100g),cupboard,treats_snacks,2024-11-19
Aero Orange Bubbles 70g,£1.25,(£1.79/100g),cupboard,treats_snacks,2024-11-19
George Premium Sculptured Emboss Large Portrait Bag,£2.00,(£2.00/each),cupboard,treats_snacks,2024-11-19
George Unicorn Age Sticker Bag,£1.40,(£1.40/each),cupboard,treats_snacks,2024-11-19
George Home Natural Hamper Basket,£5.00,(£5.00/each),cupboard,treats_snacks,2024-11-19
ASDA Hollow Milk Chocolate 125g,£1.30,(£1.04/100g),cupboard,treats_snacks,2024-11-19
Bebeto Strawberry Trunks Soft Candy,£2.00,(40.0p/100g),cupboard,treats_snacks,2024-11-19
"Toblerone Milk, White & Dark 280g",£3.50,(£1.25/100g),cupboard,treats_snacks,2024-11-19
George Home Star Jumbo Gift Bag,£2.50,(£2.50/each),cupboard,treats_snacks,2024-11-19
George Home Rose Gold Heart Medium Gift Bag,£1.20,(£1.20/each),cupboard,treats_snacks,2024-11-19
Maltesers Assorted Truffles 200g,£3.25,(£1.62/100g),cupboard,treats_snacks,2024-11-19
Kinder Chocolate Hollow Santa Figure 55g,£1.50,(£2.73/100g),cupboard,treats_snacks,2024-11-19
George Home Large Deer Gift Bag,£1.00,(£1.00/each),cupboard,treats_snacks,2024-11-19
George Home Large Scandi Print Gift Bag,£1.00,(£1.00/each),cupboard,treats_snacks,2024-11-19
George Home Small No Peeking Gift Bag,£0.80,(80.0p/each),cupboard,treats_snacks,2024-11-19
Lily O'Briens Salted Caramel Truffles,£4.00,(£2.00/100g),cupboard,treats_snacks,2024-11-19
Baileys Chocolate Truffles Salted Caramel with a Hint of Baileys 205g,£5.50,(£2.68/100g),cupboard,treats_snacks,2024-11-19
George Cheers Champagne Bag,£1.00,(£1.00/each),cupboard,treats_snacks,2024-11-19
SweetZone Rainbow Belts,£1.35,(79.4p/100g),cupboard,treats_snacks,2024-11-19
George Home Large Pink House Gift Bag,£1.00,(£1.00/each),cupboard,treats_snacks,2024-11-19
Swizzels An Assortment of Family Favourite Sweets 650g,£5.00,(76.9p/100g),cupboard,treats_snacks,2024-11-19
Quality Street Zingy Chocolate Orange Matchmakers,£1.35,(£1.12/100g),cupboard,treats_snacks,2024-11-19
George Just For You Small Bag,£1.00,(£1.00/each),cupboard,treats_snacks,2024-11-19
George Home Red Festive Bottle Bag,£1.00,(£1.00/each),cupboard,treats_snacks,2024-11-19
ASDA Free From Choc Orange Mini Segments 90g,£4.00,(£4.44/100g),cupboard,treats_snacks,2024-11-19
Maynards Bassetts Liquorice Allsorts 350g,£3.25,(92.9p/100g),cupboard,treats_snacks,2024-11-19
Disney Princess Large Gift Bag,£1.40,(£1.40/each),cupboard,treats_snacks,2024-11-19
Cadbury Dairy Milk Coins 70g,£1.65,(£2.36/100g),cupboard,treats_snacks,2024-11-19
Toblerone Golden Caramel with Honey & Almond Nougat Bar 360g,£5.50,(£1.53/100g),cupboard,treats_snacks,2024-11-19
Cadbury Dairy Milk 360g,£4.50,(£1.25/100g),cupboard,treats_snacks,2024-11-19
George Milestone Sticker Personalisable Bottle Bag,£1.00,(£1.00/each),cupboard,treats_snacks,2024-11-19
George Home Medium Magic Gift Bag,£0.90,(90.0p/each),cupboard,treats_snacks,2024-11-19
Guylian 33 The Original Seashells Chocolates with Hazelnut Praliné Filling 375g,£7.50,(£2.00/100g),cupboard,treats_snacks,2024-11-19
Milkybar Festive Friends 262g,£3.50,(£1.34/100g),cupboard,treats_snacks,2024-11-19
Quality Street Assorted Chocolate Box,£3.00,(£1.36/100g),cupboard,treats_snacks,2024-11-19
George Home Small Ice Cream Gift Bag,£0.80,(80.0p/each),cupboard,treats_snacks,2024-11-19
George Home Grey Large Gift Bag,£1.00,(£1.00/each),cupboard,treats_snacks,2024-11-19
ASDA Swiss Chocolate Blonde Truffles 205g,£4.00,(£1.95/100g),cupboard,treats_snacks,2024-11-19
George Gold Foil Spot Small Landscape Bag,£1.00,(£1.00/each),cupboard,treats_snacks,2024-11-19
Maltesers Chocolate Box,£2.75,(£1.49/100g),cupboard,treats_snacks,2024-11-19
Celebrations Milk Chocolate & Biscuit Bars Sharing Tub 550g,£6.00,(£1.09/100g),cupboard,treats_snacks,2024-11-19
Milkybar Festive Friends 262g,£3.50,(£1.34/100g),cupboard,treats_snacks,2024-11-19
Celebrations Milk Chocolate Selection Box of Mini Chocolate & Biscuit Bars 185g,£2.50,(£1.35/100g),cupboard,treats_snacks,2024-11-19
Toblerone Truffles Chocolate Box 180g,£4.00,(£2.22/100g),cupboard,treats_snacks,2024-11-19
"Toblerone Milk, White & Dark 280g",£3.50,(£1.25/100g),cupboard,treats_snacks,2024-11-19
Toblerone Golden Caramel with Honey & Almond Nougat Bar 360g,£5.50,(£1.53/100g),cupboard,treats_snacks,2024-11-19
Celebrations Milk Chocolate & Biscuit Bars Sharing Tub 550g,£6.00,(£1.09/100g),cupboard,treats_snacks,2024-11-19
Maltesers Chocolate Box,£2.75,(£1.49/100g),cupboard,treats_snacks,2024-11-19
Celebrations Milk Chocolate Selection Box of Mini Chocolate & Biscuit Bars 185g,£2.50,(£1.35/100g),cupboard,treats_snacks,2024-11-19
George Home Small Ice Cream Gift Bag,£0.80,(80.0p/each),cupboard,treats_snacks,2024-11-19
George Home Large Pink House Gift Bag,£1.00,(£1.00/each),cupboard,treats_snacks,2024-11-19
SweetZone Rainbow Belts,£1.35,(79.4p/100g),cupboard,treats_snacks,2024-11-19
Quality Street Zingy Chocolate Orange Matchmakers,£1.35,(£1.12/100g),cupboard,treats_snacks,2024-11-19
George Home Small No Peeking Gift Bag,£0.80,(80.0p/each),cupboard,treats_snacks,2024-11-19
Lily O'Briens Salted Caramel Truffles,£4.00,(£2.00/100g),cupboard,treats_snacks,2024-11-19
George Home Large Scandi Print Gift Bag,£1.00,(£1.00/each),cupboard,treats_snacks,2024-11-19
George Cheers Champagne Bag,£1.00,(£1.00/each),cupboard,treats_snacks,2024-11-19
Swizzels An Assortment of Family Favourite Sweets 650g,£5.00,(76.9p/100g),cupboard,treats_snacks,2024-11-19
George Home Red Festive Bottle Bag,£1.00,(£1.00/each),cupboard,treats_snacks,2024-11-19
OMV! Deliciously Vegan 5 Salted Caramel & Honeycomb Squares 150g,£3.50,(£2.33/100g),cupboard,treats_snacks,2024-11-19
George Home Multi Spot Large Gift Bag,£1.40,(£1.40/each),cupboard,treats_snacks,2024-11-19
Cadbury Roses 300g,£3.50,(£1.17/100g),cupboard,treats_snacks,2024-11-19
Milkybar Festive Friends 262g,£3.50,(£1.34/100g),cupboard,treats_snacks,2024-11-19
Baileys Chocolate Truffles Salted Caramel with a Hint of Baileys 205g,£5.50,(£2.68/100g),cupboard,treats_snacks,2024-11-19
George Just For You Small Bag,£1.00,(£1.00/each),cupboard,treats_snacks,2024-11-19
ASDA Swiss Chocolate Blonde Truffles 205g,£4.00,(£1.95/100g),cupboard,treats_snacks,2024-11-19
George Gold Foil Spot Small Landscape Bag,£1.00,(£1.00/each),cupboard,treats_snacks,2024-11-19
Maynards Bassetts Jelly Babies 350g,£3.25,(92.9p/100g),cupboard,treats_snacks,2024-11-19
Ferrero Rocher Milk 125g,£4.50,(£3.60/100g),cupboard,treats_snacks,2024-11-19
ASDA Extra Special Luxury Belgian Chocolate Selection,£7.00,(£2.92/100g),cupboard,treats_snacks,2024-11-19
Lindt Swiss Luxury Selection 193g,£7.50,(£3.89/100g),cupboard,treats_snacks,2024-11-19
Ferrero Collection Collection Gift Box of Chocolates 15 Pieces (172g),£5.00,(£2.91/100g),cupboard,treats_snacks,2024-11-19
Nestle Dairy Box The Winter Collection 385g,£7.00,(£1.82/100g),cupboard,treats_snacks,2024-11-19
George Celebrate Large Gift Bag,£1.40,(£1.40/each),cupboard,treats_snacks,2024-11-19
ASDA Extra Special Handmade Salted Caramel Fudge 150g,£2.00,(£1.33/100g),cupboard,treats_snacks,2024-11-19
Lindt Teddy Christmas Milk Chocolate 200g,£5.00,(£2.50/100g),cupboard,treats_snacks,2024-11-19
George Home Champagne Spot Bottle Bag,£1.00,(£1.00/each),cupboard,treats_snacks,2024-11-19
Celebrations 300g,£3.75,(£1.25/100g),cupboard,treats_snacks,2024-11-19
Reese's Peanut Butter Cups 309g,£5.00,(£1.62/100g),cupboard,treats_snacks,2024-11-19
George Home Bright Christmas Gift Bags - Set of 4,£4.00,(£1.00/each),cupboard,treats_snacks,2024-11-19
Barratt Retros Chews Assortment,£3.00,(£1.00/100g),cupboard,treats_snacks,2024-11-19
Thorntons Pearls Salted Caramel Chocolate Box,£4.25,(£2.54/100g),cupboard,treats_snacks,2024-11-19
Lily O'Briens Luxury Collection 270g,£8.00,(£2.96/100g),cupboard,treats_snacks,2024-11-19
Ferrero Rocher Gift Box of Chocolate 42 Pieces (525g),£12.50,(£2.38/100g),cupboard,treats_snacks,2024-11-19
George Home Pink Stripe Medium Gift Box,£2.50,(£2.50/each),cupboard,treats_snacks,2024-11-19
George Home Large Penguin Gift Bag,£2.00,(£2.00/each),cupboard,treats_snacks,2024-11-19
George Home Small Star Gift Bag,£0.80,(80.0p/each),cupboard,treats_snacks,2024-11-19
M&M's Multipack Crispy Chocolate Santa 5 x 29g,£2.50,(£1.72/100g),cupboard,treats_snacks,2024-11-19
George Home Extra Wide Snowflake Gift Bag,£1.75,(£1.75/each),cupboard,treats_snacks,2024-11-19
Marvel Spiderman Large Gift Bag,£1.40,(£1.40/each),cupboard,treats_snacks,2024-11-19
George Home Red and Pink Bottle Bag,£1.00,(£1.00/each),cupboard,treats_snacks,2024-11-19
George Navy Premium Large Portrait Bag,£2.00,(£2.00/each),cupboard,treats_snacks,2024-11-19
George Home Premium Large Deer Gift Bag,£2.00,(£2.00/each),cupboard,treats_snacks,2024-11-19
Cadbury Puds Minis 73g,£1.65,(£2.26/100g),cupboard,treats_snacks,2024-11-19
OMV! Deliciously Vegan Handmade Salted Maple Flavour Fudge 150g,£2.00,(£1.33/100g),cupboard,treats_snacks,2024-11-19
Pimlico Confectioners Fizzy Fruit Punch 450g,£2.20,(48.9p/100g),cupboard,treats_snacks,2024-11-19
Disney Stitch Large Gift Bag,£1.40,(£1.40/each),cupboard,treats_snacks,2024-11-19
George Bee Medium Bag,£1.20,(£1.20/each),cupboard,treats_snacks,2024-11-19
George Large Gift Bag,£1.40,(£1.40/each),cupboard,treats_snacks,2024-11-19
George Milestone Champagne Flute Box,£1.50,(£1.50/each),cupboard,treats_snacks,2024-11-19
After Eight Dark & Milk Peppermint Chocolate Box 199g,£6.00,(£3.02/100g),cupboard,treats_snacks,2024-11-19
Bluey Large Gift Bag,£1.40,(£1.40/each),cupboard,treats_snacks,2024-11-19
Swizzels Squashies Original Raspberry & Milk Flavour Drumstick 280g,£2.50,(89.3p/100g),cupboard,treats_snacks,2024-11-19
Haribo Starmix Sweets Gift Box,£2.50,(65.8p/100g),cupboard,treats_snacks,2024-11-19
Maltesers Chocolate Box,£2.75,(£1.49/100g),cupboard,treats_snacks,2024-11-19
Celebrations Milk Chocolate & Biscuit Bars Sharing Tub 550g,£6.00,(£1.09/100g),cupboard,treats_snacks,2024-11-19
Milkybar Festive Friends 262g,£3.50,(£1.34/100g),cupboard,treats_snacks,2024-11-19
Celebrations Milk Chocolate Selection Box of Mini Chocolate & Biscuit Bars 185g,£2.50,(£1.35/100g),cupboard,treats_snacks,2024-11-19
Toblerone Truffles Chocolate Box 180g,£4.00,(£2.22/100g),cupboard,treats_snacks,2024-11-19
"Toblerone Milk, White & Dark 280g",£3.50,(£1.25/100g),cupboard,treats_snacks,2024-11-19
Toblerone Golden Caramel with Honey & Almond Nougat Bar 360g,£5.50,(£1.53/100g),cupboard,treats_snacks,2024-11-19
Celebrations Milk Chocolate & Biscuit Bars Sharing Tub 550g,£6.00,(£1.09/100g),cupboard,treats_snacks,2024-11-19
Maltesers Chocolate Box,£2.75,(£1.49/100g),cupboard,treats_snacks,2024-11-19
Celebrations Milk Chocolate Selection Box of Mini Chocolate & Biscuit Bars 185g,£2.50,(£1.35/100g),cupboard,treats_snacks,2024-11-19
Ferrero Collection Collection Gift Box of Chocolates 15 Pieces (172g),£5.00,(£2.91/100g),cupboard,treats_snacks,2024-11-19
ASDA Extra Special Handmade Salted Caramel Fudge 150g,£2.00,(£1.33/100g),cupboard,treats_snacks,2024-11-19
ASDA Extra Special Luxury Belgian Chocolate Selection,£7.00,(£2.92/100g),cupboard,treats_snacks,2024-11-19
Cadbury Eclairs 350g,£3.25,(92.9p/100g),cupboard,treats_snacks,2024-11-19
Maltesers Truffles Chocolate Gift Box,£3.25,(£1.62/100g),cupboard,treats_snacks,2024-11-19
Maynards Bassetts Wine Gums 350g,£3.25,(92.9p/100g),cupboard,treats_snacks,2024-11-19
Thorntons Classic,£10.50,(£2.34/100g),cupboard,treats_snacks,2024-11-19
ASDA Swiss Chocolate Caramel Nougat Truffles 205g,£4.00,(£1.95/100g),cupboard,treats_snacks,2024-11-19
George Home Rose Gold Heart Large Gift Bag,£1.40,(£1.40/each),cupboard,treats_snacks,2024-11-19
Terry's Chocolate Milk Ball 145g,£1.25,(86.2p/100g),cupboard,treats_snacks,2024-11-19
Kinder Surprise Natoons Egg,£1.10,(£5.50/100g),cupboard,treats_snacks,2024-11-19
Lindt Teddy Christmas Milk Chocolate 200g,£5.00,(£2.50/100g),cupboard,treats_snacks,2024-11-19
Maltesers Chocolate Box,£2.75,(£1.49/100g),cupboard,treats_snacks,2024-11-19
Celebrations Milk Chocolate & Biscuit Bars Sharing Tub 550g,£6.00,(£1.09/100g),cupboard,treats_snacks,2024-11-19
Milkybar Festive Friends 262g,£3.50,(£1.34/100g),cupboard,treats_snacks,2024-11-19
Celebrations Milk Chocolate Selection Box of Mini Chocolate & Biscuit Bars 185g,£2.50,(£1.35/100g),cupboard,treats_snacks,2024-11-19
Toblerone Truffles Chocolate Box 180g,£4.00,(£2.22/100g),cupboard,treats_snacks,2024-11-19
"Toblerone Milk, White & Dark 280g",£3.50,(£1.25/100g),cupboard,treats_snacks,2024-11-19
Toblerone Golden Caramel with Honey & Almond Nougat Bar 360g,£5.50,(£1.53/100g),cupboard,treats_snacks,2024-11-19
Butterkist Cinema Sweet Popcorn,£1.25,(£1.25/100g),cupboard,treats_snacks,2024-11-19
ASDA Sweet Popcorn 100g,£1.00,(£1.00/100g),cupboard,treats_snacks,2024-11-19
Butterkist Sweet Popcorn 6 x 12g,£1.50,(£2.08/100g),cupboard,treats_snacks,2024-11-19
Butterkist Sweet Microwave Popcorn 3x60g,£2.50,(£1.39/100g),cupboard,treats_snacks,2024-11-19
Propercorn Salted Caramel Popcorn,£1.90,(£2.11/100g),cupboard,treats_snacks,2024-11-19
Butterkist Crunchy Toffee Popcorn,£1.50,(88.2p/100g),cupboard,treats_snacks,2024-11-19
Butterkist Crunchy Toffee Popcorn 6 Pack,£1.50,(£1.25/100g),cupboard,treats_snacks,2024-11-19
Bang! Bang! Popcorn Chocolate Flavour 85g,£1.85,(£2.18/100g),cupboard,treats_snacks,2024-11-19
Proper Corn Sweet Popcorn,£1.90,(£2.11/100g),cupboard,treats_snacks,2024-11-19
Bang! Bang! Popcorn White Chocolate Flavour 85g,£1.85,(£2.18/100g),cupboard,treats_snacks,2024-11-19
Krupnik Popcorn Salted Caramel Flavoured 85g,£1.85,(£2.18/100g),cupboard,treats_snacks,2024-11-19
Trebor Extra Strong Peppermint Mints 4 Pack,£1.80,(£1.08/100g),cupboard,treats_snacks,2024-11-19
Trebor Softmints Spearmint Mints 4 Pack,£1.80,(£1.01/100g),cupboard,treats_snacks,2024-11-19
Trebor Softmints Peppermint Mints 4 Pack,£1.80,(£1.01/100g),cupboard,treats_snacks,2024-11-19
Wrigley's Extra White Chewing Gum Sugar Free 10 Pieces,£0.75,(£5.36/100g),cupboard,treats_snacks,2024-11-19
Wrigley's Extra Cool Breeze Chewing Gum Sugar Free 10 Pieces,£0.75,(£5.36/100g),cupboard,treats_snacks,2024-11-19
Wrigley's Airwaves Menthol & Eucalyptus Sugarfree Gum,£0.75,(£5.36/100g),cupboard,treats_snacks,2024-11-19
Wrigley's Extra Refreshers Tropical Sugar Free Chewing Gum Handy Box,£0.70,(£4.49/100g),cupboard,treats_snacks,2024-11-19
Wrigley's Extra White Bubblemint Chewing Gum Sugar Free 10 Pieces,£0.75,(£5.36/100g),cupboard,treats_snacks,2024-11-19
Uncle Joe's Mint Balls,£1.00,(£1.19/100g),cupboard,treats_snacks,2024-11-19
Wrigley's Extra Spearmint Chewing Gum Sugar Free 10 Pieces,£0.75,(£5.36/100g),cupboard,treats_snacks,2024-11-19
Uncle Joe's Sugar Free Mint Balls,£1.00,(£1.67/100g),cupboard,treats_snacks,2024-11-19
Wrigley's Extra Peppermint Chewing Gum Sugar Free 10 Pieces,£0.75,(£5.36/100g),cupboard,treats_snacks,2024-11-19
Extra Blueberry Flavour Sugarfree Chewing Gum Multipack 3 x 10 Pieces,£1.50,(£3.57/100g),cupboard,treats_snacks,2024-11-19
Wrigleys Extra Refreshers Strawberry Lemon Sugarfree Chewing Gum Bottle 30 Pieces,£2.25,(£3.36/100g),cupboard,treats_snacks,2024-11-19
Extra Apple Flavour Sugarfree Chewing Gum Multipack 3 x 10 Pieces,£1.50,(£3.57/100g),cupboard,treats_snacks,2024-11-19
Mentos Gum with Vitamins Citrus Blend 45 Pieces,£2.60,(£2.89/100g),cupboard,treats_snacks,2024-11-19
Wrigley's Extra Sugarfree Mints Peppermint,£0.80,(£2.86/100g),cupboard,treats_snacks,2024-11-19
Polo Sugar Free Mint Tube,£0.55,(£1.62/100g),cupboard,treats_snacks,2024-11-19
Extra Strawberry Flavour Sugarfree Chewing Gum Multipack 3 x 9 Pieces,£1.50,(£3.97/100g),cupboard,treats_snacks,2024-11-19
Mentos Gum Pure Fresh Tropical 50 Pieces,£2.50,(£2.50/100g),cupboard,treats_snacks,2024-11-19
Mentos Gum Pure Fresh Cherry 50 Pieces,£2.50,(£2.58/100g),cupboard,treats_snacks,2024-11-19
Wrigley's Extra Strawberry Flavour Sugarfree Chewing Gum Bottle 46 Pieces,£2.50,(£3.91/100g),cupboard,treats_snacks,2024-11-19
Extra Strawberry Flavour Sugarfree Chewing Gum Multipack 5 x 10 Pieces,£2.50,(£3.57/100g),cupboard,treats_snacks,2024-11-19
Extra Blueberry Flavour Sugarfree Chewing Gum Multipack 5 x 10 Pieces,£2.50,(£3.57/100g),cupboard,treats_snacks,2024-11-19
Wrigley's Extra White Sugar Free Chewing Gum 3 x 9 Pieces,£1.50,(£3.97/100g),cupboard,treats_snacks,2024-11-19
Extra Watermelon Flavour Sugarfree Chewing Gum Bottle 46 pieces,£2.50,(£3.91/100g),cupboard,treats_snacks,2024-11-19
Smint XXL Spearmint Sugarfee 50 Mints,£1.50,(£4.29/100g),cupboard,treats_snacks,2024-11-19
Wrigley's Extra White Bubblemint Sugar Free Chewing Gum 3 x 9 Pieces,£1.50,(£3.97/100g),cupboard,treats_snacks,2024-11-19
Chupa Chups Big Babol Tutti Frutti Soft Bubble Gum,£0.45,(£1.63/100g),cupboard,treats_snacks,2024-11-19
Wrigley's Extra Ice Peppermint Sugarfree Gum,£2.50,(£3.91/100g),cupboard,treats_snacks,2024-11-19
Wrigley's Extra Refreshers Peppermint Sugar Free Chewing Gum Bottle,£2.25,(£3.36/100g),cupboard,treats_snacks,2024-11-19
Wrigley's Extra Mints Peppermint Sugar Free Bottle 70 Pieces,£2.65,(£3.44/100g),cupboard,treats_snacks,2024-11-19
Tic Tac Lime & Orange,£1.70,(£2.36/100g),cupboard,treats_snacks,2024-11-19
Airwaves Menthol & Eucalyptus Sugar Free Chewing Gum 3 x 9 Pieces,£1.50,(£3.97/100g),cupboard,treats_snacks,2024-11-19
Mentos Gum Pure Fresh Spearmint 50 Pieces,£2.50,(£2.50/100g),cupboard,treats_snacks,2024-11-19
Smint Sugarfree Peppermint Mints,£1.50,(£4.29/100g),cupboard,treats_snacks,2024-11-19
Wrigley's Extra Spearmint Sugar Free Chewing Gum 3 x 9 Pieces,£1.50,(£3.97/100g),cupboard,treats_snacks,2024-11-19
Fox's Glacier Mints Boiled Sweets,£1.50,(75.0p/100g),cupboard,treats_snacks,2024-11-19
Wrigley's Extra Cool Breeze Sugarfree Chewing Gum Bottle 46 Pieces,£2.50,(£3.91/100g),cupboard,treats_snacks,2024-11-19
Wrigley's Extra Refreshers Tropical Sugar Free Chewing Gum Bottle,£2.25,(£3.36/100g),cupboard,treats_snacks,2024-11-19
Wrigley's Airwaves Menthol & Eucalyptus Sugarfree Gum,£2.50,(£3.91/100g),cupboard,treats_snacks,2024-11-19
Trebor Softmints Spearmint Mints 4 Pack,£1.80,(£1.01/100g),cupboard,treats_snacks,2024-11-19
Trebor Extra Strong Peppermint Mints 4 Pack,£1.80,(£1.08/100g),cupboard,treats_snacks,2024-11-19
Trebor Softmints Peppermint Mints 4 Pack,£1.80,(£1.01/100g),cupboard,treats_snacks,2024-11-19
Wrigley's Extra Spearmint Sugarfree Chewing Gum Bottle 46 Pieces,£2.50,(£3.91/100g),cupboard,treats_snacks,2024-11-19
Wrigley's Extra 46 Peppermint 64g,£2.50,(£3.91/100g),cupboard,treats_snacks,2024-11-19
Wrigley's Extra White Bubblemint Chewing Gum Sugar Free Bottle 46 pieces,£2.50,(£3.91/100g),cupboard,treats_snacks,2024-11-19
Extra Watermelon Flavour Sugarfree Chewing Gum Bottle 46 pieces,£2.50,(£3.91/100g),cupboard,treats_snacks,2024-11-19
Tic Tac Mint 4x,£1.70,(£2.36/100g),cupboard,treats_snacks,2024-11-19
Tic Tac Lime & Orange,£1.70,(£2.36/100g),cupboard,treats_snacks,2024-11-19
Wrigley's Extra Spearmint 5 x 14g (70g),£2.50,(£3.57/100g),cupboard,treats_snacks,2024-11-19
Extra Peppermint Sugarfree Chewing Gum Multipack 5 x 10 Pieces,£2.50,(£3.57/100g),cupboard,treats_snacks,2024-11-19
Extra White Bubblemint Sugarfree Chewing Gum Multipack 5 x 10 Pieces,£2.50,(£3.57/100g),cupboard,treats_snacks,2024-11-19
Trebor Extra Strong Peppermint Mints 4 Pack,£1.80,(£1.08/100g),cupboard,treats_snacks,2024-11-19
Trebor Softmints Peppermint Mints 4 Pack,£1.80,(£1.01/100g),cupboard,treats_snacks,2024-11-19
Trebor Softmints Spearmint Mints 4 Pack,£1.80,(£1.01/100g),cupboard,treats_snacks,2024-11-19
Wrigley's Airwaves Menthol & Eucalyptus Sugarfree Gum,£2.50,(£3.91/100g),cupboard,treats_snacks,2024-11-19
Wrigley's Extra Ice Peppermint 5 x 14g (70g),£2.50,(£3.57/100g),cupboard,treats_snacks,2024-11-19
Wrigley's Extra Cool Breeze Sugar Free Chewing Gum Sugar Free 3 x 9 Pieces,£1.50,(£3.97/100g),cupboard,treats_snacks,2024-11-19
Wrigley's Extra Peppermint Sugar Free Chewing Gum Sugar Free 3 x 9 Pieces,£1.50,(£3.97/100g),cupboard,treats_snacks,2024-11-19
Mentos Chewy Spearmint Sweets Multipack,£1.80,(94.7p/100g),cupboard,treats_snacks,2024-11-19
Smint 150 Sugarfree Peppermint Mints,£3.00,(£2.31/100g),cupboard,treats_snacks,2024-11-19
Tic Tac Mint 4x,£1.70,(£2.36/100g),cupboard,treats_snacks,2024-11-19
Wrigley's Airwaves Menthol & Eucalyptus Flavour Sugar Free Chewing Gum 5 x 14g (70g),£2.50,(£3.57/100g),cupboard,treats_snacks,2024-11-19
Extra White Bubblemint Sugarfree Chewing Gum Multipack 5 x 10 Pieces,£2.50,(£3.57/100g),cupboard,treats_snacks,2024-11-19
Polo Sugar Free Mints 4 Pack,£1.75,(£1.31/100g),cupboard,treats_snacks,2024-11-19
Mentos Chewy Mint Sweets Multipack,£1.80,(94.7p/100g),cupboard,treats_snacks,2024-11-19
Wrigley's Extra Spearmint Sugarfree Chewing Gum Bottle 46 Pieces,£2.50,(£3.91/100g),cupboard,treats_snacks,2024-11-19
Wrigley's Extra Cool Breeze 5 x 14g (70g),£2.50,(£3.57/100g),cupboard,treats_snacks,2024-11-19
Wrigley's Extra White Bubblemint Chewing Gum Sugar Free Bottle 46 pieces,£2.50,(£3.91/100g),cupboard,treats_snacks,2024-11-19
Wrigley's Extra Spearmint 5 x 14g (70g),£2.50,(£3.57/100g),cupboard,treats_snacks,2024-11-19
Extra Peppermint Sugarfree Chewing Gum Multipack 5 x 10 Pieces,£2.50,(£3.57/100g),cupboard,treats_snacks,2024-11-19
Polo Original Mints 4 Pack,£1.75,(£1.29/100g),cupboard,treats_snacks,2024-11-19
ASDA Butter Mintoes 200g,£1.10,(55.0p/100g),cupboard,treats_snacks,2024-11-19
Wrigley's Extra 46 Peppermint 64g,£2.50,(£3.91/100g),cupboard,treats_snacks,2024-11-19
Trebor Extra Strong Peppermint Mints 4 Pack,£1.80,(£1.08/100g),cupboard,treats_snacks,2024-11-19
Trebor Softmints Peppermint Mints 4 Pack,£1.80,(£1.01/100g),cupboard,treats_snacks,2024-11-19
Trebor Softmints Spearmint Mints 4 Pack,£1.80,(£1.01/100g),cupboard,treats_snacks,2024-11-19
Wrigley's Extra 46 Peppermint 64g,£2.50,(£3.91/100g),cupboard,treats_snacks,2024-11-19
Wrigley's Extra Spearmint Sugarfree Chewing Gum Bottle 46 Pieces,£2.50,(£3.91/100g),cupboard,treats_snacks,2024-11-19
Wrigley's Extra White Bubblemint Chewing Gum Sugar Free Bottle 46 pieces,£2.50,(£3.91/100g),cupboard,treats_snacks,2024-11-19
Tic Tac Mint 4x,£1.70,(£2.36/100g),cupboard,treats_snacks,2024-11-19
Extra Watermelon Flavour Sugarfree Chewing Gum Bottle 46 pieces,£2.50,(£3.91/100g),cupboard,treats_snacks,2024-11-19
Tic Tac Lime & Orange,£1.70,(£2.36/100g),cupboard,treats_snacks,2024-11-19
Wrigley's Extra Spearmint 5 x 14g (70g),£2.50,(£3.57/100g),cupboard,treats_snacks,2024-11-19
Extra Peppermint Sugarfree Chewing Gum Multipack 5 x 10 Pieces,£2.50,(£3.57/100g),cupboard,treats_snacks,2024-11-19
Extra White Bubblemint Sugarfree Chewing Gum Multipack 5 x 10 Pieces,£2.50,(£3.57/100g),cupboard,treats_snacks,2024-11-19
"Mars , Snickers, Twix, Maltesers & Milky Way Funsize Milk Chocolate Bars 20 packs",£5.00,(£1.40/100g),cupboard,treats_snacks,2024-11-19
ASDA Treat Size Chocolate Bar Variety 21 Pack,£3.95,(£1.15/100g),cupboard,treats_snacks,2024-11-19
ASDA Fun Size Chocolate Whirly Bars 15 Pack,£1.95,(81.2p/100g),cupboard,treats_snacks,2024-11-19
Haribo Share the Happy 22 x Mini Bags Multipack Sweets,£3.00,(85.2p/100g),cupboard,treats_snacks,2024-11-19
ASDA Fun Size Milk Chocolate Bubblies 15 Pack,£2.20,(£1.47/100g),cupboard,treats_snacks,2024-11-19
Maoam Stripes 140g,£1.25,(89.3p/100g),cupboard,treats_snacks,2024-11-19
Maoam Joystixx 140g,£1.25,(89.3p/100g),cupboard,treats_snacks,2024-11-19
Haribo Roulette 32 x 150g (6 x 25g),£1.25,(83.3p/100g),cupboard,treats_snacks,2024-11-19
"Mars ,Maltesers, M&M's, Twix & More Fun Size Milk Chocolate Party Bags Multipack",£8.25,(£1.38/100g),cupboard,treats_snacks,2024-11-19
Fruittella Strawberry 4 x 41g,£1.25,(76.2p/100g),cupboard,treats_snacks,2024-11-19
Swizzels Drumstick Squashies Mini Bags Raspberry & Milk Flavour 20 Pack,£2.55,(91.1p/100g),cupboard,treats_snacks,2024-11-19
Candy Realms Candy Watches & Necklaces Fruit Flavoured Sweets,£1.00,(98.0p/100g),cupboard,treats_snacks,2024-11-19
Fruit-tella Berries & Cherry,£1.50,(88.2p/100g),cupboard,treats_snacks,2024-11-19
Fruittella Duo Stix Sweets 160g,£1.50,(93.8p/100g),cupboard,treats_snacks,2024-11-19
Swizzels Luscious Lollies 354g,£2.50,(70.6p/100g),cupboard,treats_snacks,2024-11-19
Chupa Chups 10 Strawberry Love Lollipops 120g,£1.50,(£1.10/100g),cupboard,treats_snacks,2024-11-19
Maltesers Chocolate Fun Size Bags Multipack 214.5g,£3.50,(£1.63/100g),cupboard,treats_snacks,2024-11-19
SweetZone Party Mix,£1.35,(75.0p/100g),cupboard,treats_snacks,2024-11-19
Kinder Surprise Eggs 3x,£2.70,(£4.50/100g),cupboard,treats_snacks,2024-11-19
Fruittella Juicy Chews 170g,£1.50,(88.2p/100g),cupboard,treats_snacks,2024-11-19
Chupa Chups 10 Sour Assorted Flavour Lollipops 120g,£1.25,(£1.04/100g),cupboard,treats_snacks,2024-11-19
SweetZone Tangy Mix,£1.35,(75.0p/100g),cupboard,treats_snacks,2024-11-19
Swizzels Big Party Mix 900g,£5.99,(66.6p/100g),cupboard,treats_snacks,2024-11-19
Mentos Chewy Fruit Sweets Multipack,£1.80,(94.7p/100g),cupboard,treats_snacks,2024-11-19
Maoam Pinballs 140g,£1.25,(89.3p/100g),cupboard,treats_snacks,2024-11-19
SweetZone Fizzy Mix,£1.35,(75.0p/100g),cupboard,treats_snacks,2024-11-19
ASDA Swiss Chocolate Caramel Nougat Truffles 205g,£4.00,(£1.95/100g),cupboard,treats_snacks,2024-11-19
ASDA Swiss Chocolate Blonde Truffles 205g,£4.00,(£1.95/100g),cupboard,treats_snacks,2024-11-19
ASDA Extra Special Luxury Belgian Chocolate Selection,£7.00,(£2.92/100g),cupboard,treats_snacks,2024-11-19
ASDA Extra Special Gianduja Chocolate 100g,£1.85,(£1.85/100g),cupboard,treats_snacks,2024-11-19
ASDA Extra Special Extra Creamy Milk Chocolate 100g,£1.85,(£1.85/100g),cupboard,treats_snacks,2024-11-19
ASDA Free From Cherry & Chocolate Tiffin 150g,£2.60,(£17.33/kg),cupboard,treats_snacks,2024-11-19
ASDA Extra Special Almond & Hazelnut Nougat Bar,£2.20,(£2.20/100g),cupboard,treats_snacks,2024-11-19
ASDA Extra Special Peanut Brittle Bar 100g,£2.20,(£2.20/100g),cupboard,treats_snacks,2024-11-19
ASDA Extra Special Handmade Salted Caramel Fudge 150g,£2.00,(£1.33/100g),cupboard,treats_snacks,2024-11-19
ASDA Extra Special Ecuadorian Dark Chocolate with Sea Salt 100g,£1.85,(£1.85/100g),cupboard,treats_snacks,2024-11-19
ASDA Extra Special Handmade Clotted Cream Fudge 150g,£2.00,(£1.33/100g),cupboard,treats_snacks,2024-11-19
ASDA Extra Special Orange Dark Chocolate 100g,£1.85,(£1.85/100g),cupboard,treats_snacks,2024-11-19
ASDA Extra Special Peruvian Dark Chocolate,£1.85,(£1.85/100g),cupboard,treats_snacks,2024-11-19
ASDA Extra Special Madagascan Dark Chocolate,£1.85,(£1.85/100g),cupboard,treats_snacks,2024-11-19
Walkers Quavers Cheese Multipack Snacks Crisps 6x16g,£2.00,(£2.08/100g),cupboard,treats_snacks,2024-11-19
Walkers Wotsits Really Cheesy Multipack Snacks Crisps 6x16.5g,£2.00,(£2.02/100g),cupboard,treats_snacks,2024-11-19
Walkers French Fries Variety Multipack Crisps,£2.00,(£1.85/100g),cupboard,treats_snacks,2024-11-19
Jacob's Mini Cheddars Original Baked Snacks Multipack 6x23g,£1.35,(97.8p/100g),cupboard,treats_snacks,2024-11-19
Smiths Frazzles Bacon Crisps Multipack 6 x 20g,£1.35,(£1.25/100g),cupboard,treats_snacks,2024-11-19
ASDA Cheesy Curls 6 x 16g (96g),£1.25,(£1.30/100g),cupboard,treats_snacks,2024-11-19
ASDA Prawn Cocktail Flavour Crisps 6 x 25g (150g),£1.00,(66.7p/100g),cupboard,treats_snacks,2024-11-19
McCoy's Flame Grilled Steak Flavour Potato Crisps 6 x 25g,£2.25,(£1.50/100g),cupboard,treats_snacks,2024-11-19
Walkers Meaty Pack 20 x 25g,£4.85,(97.0p/100g),cupboard,treats_snacks,2024-11-19
Walkers Cheese & Onion Multipack Crisps,£2.00,(£1.33/100g),cupboard,treats_snacks,2024-11-19
Smiths Chipsticks Salt & Vinegar Multipack Crisps 6 x 17g,£1.25,(£1.23/100g),cupboard,treats_snacks,2024-11-19
Walkers 99 Calorie Mix Multipack Snacks Crisps 18 Pack,£4.65,(£1.44/100g),cupboard,treats_snacks,2024-11-19
ASDA Cheesy Wiggles 6 x 16g (96g),£1.25,(£1.30/100g),cupboard,treats_snacks,2024-11-19
Pom Bear Original Multipack Crisps,£1.50,(£1.92/100g),cupboard,treats_snacks,2024-11-19
Roysters Bubbled Chips T-Bone Steak Flavour,£1.50,(£1.19/100g),cupboard,treats_snacks,2024-11-19
ASDA Mini Cheese Bakes Multipack Snack,£1.00,(59.5p/100g),cupboard,treats_snacks,2024-11-19
Jacob's Mini Cheddars Red Leicester Baked Snacks Multipack 6x23g,£1.35,(97.8p/100g),cupboard,treats_snacks,2024-11-19
Walkers Classic Pack 20 x 25g,£4.85,(97.0p/100g),cupboard,treats_snacks,2024-11-19
McCoy's Cheddar & Onion Multipack Crisps 6 Pack,£2.25,(£1.50/100g),cupboard,treats_snacks,2024-11-19
ASDA Crispy Fries 6 x 18g (108g),£1.25,(£1.16/100g),cupboard,treats_snacks,2024-11-19
Doritos Variety Pack Tortilla Chips Multipack Crisps 12x30g,£3.00,(83.3p/100g),cupboard,treats_snacks,2024-11-19
Frisps Variety Multipack Crisps,£1.50,(96.2p/100g),cupboard,treats_snacks,2024-11-19
ASDA Cheeky Monkey Potato Snacks 6 x 15g (90g),£1.25,(£1.39/100g),cupboard,treats_snacks,2024-11-19
Wheat Crunchies Crispy Bacon Multipack Crisps,£1.50,(£1.25/100g),cupboard,treats_snacks,2024-11-19
ASDA Cheese & Onion Flavour Crisps 6 x 25g (150g),£1.00,(66.7p/100g),cupboard,treats_snacks,2024-11-19
Skips Prawn Cocktail Multipack Crisps,£1.50,(£1.91/100g),cupboard,treats_snacks,2024-11-19
Walkers Classic Variety Multipack Crisps,£3.00,(£1.00/100g),cupboard,treats_snacks,2024-11-19
Nik Naks Nice 'N' Spicy Multipack Crisps,£1.50,(£1.25/100g),cupboard,treats_snacks,2024-11-19
McCoy's Thai Sweet Chicken Multipack Crisps,£2.25,(£1.50/100g),cupboard,treats_snacks,2024-11-19
Hula Hoops Variety Multipack Crisps,£3.50,(£1.22/100g),cupboard,treats_snacks,2024-11-19
Seabrook Crinkle Cut Salt & Vinegar Multipack Crisps,£1.35,(90.0p/100g),cupboard,treats_snacks,2024-11-19
Walkers Wotsits Really Cheesy Multipack Crisps 12 Pack,£3.00,(£1.52/100g),cupboard,treats_snacks,2024-11-19
ASDA Meaty Variety Flavour Crisps 6 x 25g (150g),£1.00,(66.7p/100g),cupboard,treats_snacks,2024-11-19
Hula Hoops BBQ Beef Multipack Crisps,£2.25,(£1.56/100g),cupboard,treats_snacks,2024-11-19
Walkers Ready Salted Multipack Crisps,£2.00,(£1.33/100g),cupboard,treats_snacks,2024-11-19
ASDA Ready Salted Crisps 6 x 25g (150g),£1.00,(66.7p/100g),cupboard,treats_snacks,2024-11-19
Walkers Monster Munch Variety Multipack Snacks Crisps 12x20g,£3.00,(£1.25/100g),cupboard,treats_snacks,2024-11-19
Walkers Wotsits Really Cheesy Multipack Snacks Crisps 6x16.5g,£2.00,(£2.02/100g),cupboard,treats_snacks,2024-11-19
Walkers Quavers Cheese Multipack Snacks Crisps 6x16g,£2.00,(£2.08/100g),cupboard,treats_snacks,2024-11-19
Walkers French Fries Variety Multipack Crisps,£2.00,(£1.85/100g),cupboard,treats_snacks,2024-11-19
Jacob's Crinkly's Cheese & Onion Flavour Baked Snacks Multipack 6x23g,£1.95,(£1.41/100g),cupboard,treats_snacks,2024-11-19
Doritos Chilli Heatwave Tortilla Chips Multipack Crisps 5x30g,£2.00,(£1.33/100g),cupboard,treats_snacks,2024-11-19
Walkers Less Salt Lightly Salted Multipack Crisps,£2.00,(£1.33/100g),cupboard,treats_snacks,2024-11-19
Jacob's Mini Cheddars Cheesy Specials Smoked Cheddar Flavour 90g,£1.25,(90.6p/100g),cupboard,treats_snacks,2024-11-19
Walkers French Fries Ready Salted Multipack Crisps,£2.00,(£1.85/100g),cupboard,treats_snacks,2024-11-19
Walkers Monster Munch Snacks Barbeque Sauce 6x16g,£2.00,(£2.78/100g),cupboard,treats_snacks,2024-11-19
Walkers Wotsits Snacks Crispy Bacon 6x12g,£2.00,(£2.78/100g),cupboard,treats_snacks,2024-11-19
Sensations Thai Sweet Chilli Multipack Crisps 5x25g,£2.00,(£1.60/100g),cupboard,treats_snacks,2024-11-19
Walkers Baked Cheese & Onion Multipack Snacks Crisps 6 x 22g,£2.00,(£1.52/100g),cupboard,treats_snacks,2024-11-19
Walkers Wotsits Really Cheesy Multipack Snacks Crisps 6x16.5g,£2.00,(£2.02/100g),cupboard,treats_snacks,2024-11-19
Walkers French Fries Variety Multipack Crisps,£2.00,(£1.85/100g),cupboard,treats_snacks,2024-11-19
Sensations Thai Sweet Chilli Multipack Crisps 5x25g,£2.00,(£1.60/100g),cupboard,treats_snacks,2024-11-19
Pom Bear Original Multipack Crisps,£1.50,(£1.92/100g),cupboard,treats_snacks,2024-11-19
Walkers Ready Salted Multipack Crisps,£2.00,(£1.33/100g),cupboard,treats_snacks,2024-11-19
ASDA Salt & Vinegar Flavour Crisps 6 x 25g (150g),£1.00,(66.7p/100g),cupboard,treats_snacks,2024-11-19
JUST ESSENTIALS by ASDA 6 Pack Assorted Maize Snacks,£0.85,(88.5p/100g),cupboard,treats_snacks,2024-11-19
Hula Hoops BBQ Beef Multipack Crisps,£2.25,(£1.56/100g),cupboard,treats_snacks,2024-11-19
Walkers Monster Munch Variety Multipack Snacks Crisps 12x20g,£3.00,(£1.25/100g),cupboard,treats_snacks,2024-11-19
Walkers Roast Chicken Multipack Crisps,£2.00,(£1.33/100g),cupboard,treats_snacks,2024-11-19
ASDA Prawn Cocktail Flavour Crisps 6 x 25g (150g),£1.00,(66.7p/100g),cupboard,treats_snacks,2024-11-19
Hula Hoops Assorted Multipack Crisps,£2.25,(£1.56/100g),cupboard,treats_snacks,2024-11-19
Pom Bear BBQ Flavour Potato Snacks 6 x 13g,£1.50,(£1.92/100g),cupboard,treats_snacks,2024-11-19
Walkers Quavers Cheese Light Curly Multipack Crisps,£3.00,(£1.56/100g),cupboard,treats_snacks,2024-11-19
McCoy's Flame Grilled Steak Flavour Potato Crisps 6 x 25g,£2.25,(£1.50/100g),cupboard,treats_snacks,2024-11-19
Walkers Classic Variety Multipack Crisps,£2.00,(£1.33/100g),cupboard,treats_snacks,2024-11-19
Walkers Classic Variety Multipack Crisps,£3.00,(£1.00/100g),cupboard,treats_snacks,2024-11-19
Walkers Wotsits Really Cheesy Multipack Crisps 12 Pack,£3.00,(£1.52/100g),cupboard,treats_snacks,2024-11-19
Walkers Really Cheesy Wotsits Multipack Crisps,£4.00,(£1.21/100g),cupboard,treats_snacks,2024-11-19
Walkers Cheese & Onion Multipack Crisps,£3.00,(£1.00/100g),cupboard,treats_snacks,2024-11-19
Cheetos Puffs Sweet & Spicy Multipack Snacks Crisps 6 x 13g,£1.25,(£1.60/100g),cupboard,treats_snacks,2024-11-19
Nik Naks Rib 'N' Saucy Multipack Snacks,£1.50,(£1.25/100g),cupboard,treats_snacks,2024-11-19
Cheetos Puffs Cheese Multipack Snacks Crisps 6x13g,£1.25,(£1.60/100g),cupboard,treats_snacks,2024-11-19
Doritos Chilli Heatwave Tortilla Chips Multipack Crisps 5x30g,£2.00,(£1.33/100g),cupboard,treats_snacks,2024-11-19
Walkers Squares Cheese & Onion Multipack Snacks Crisps 6x22g,£2.00,(£1.52/100g),cupboard,treats_snacks,2024-11-19
McCoy's Cheddar & Onion Multipack Crisps 6 Pack,£2.25,(£1.50/100g),cupboard,treats_snacks,2024-11-19
Walkers Monster Munch Pickled Onion Multipack Snacks Crisps 6x20g,£2.00,(£1.67/100g),cupboard,treats_snacks,2024-11-19
Walkers French Fries Variety Multipack Snacks Crisps 12x18g,£3.00,(£1.39/100g),cupboard,treats_snacks,2024-11-19
Discos Variety Multipack Crisps,£1.50,(96.2p/100g),cupboard,treats_snacks,2024-11-19
Space Raiders Beef Multipack Crisps,£1.50,(£1.92/100g),cupboard,treats_snacks,2024-11-19
Walkers Quavers Cheese Multipack Snacks Crisps 6x16g,£2.00,(£2.08/100g),cupboard,treats_snacks,2024-11-19
Jacob's 6 Prawn Cocktail Flavour Crinklys 138g,£1.95,(£1.41/100g),cupboard,treats_snacks,2024-11-19
Skips Prawn Cocktail Multipack Crisps,£4.00,(£1.54/100g),cupboard,treats_snacks,2024-11-19
McCoy's Classic Variety Multipack Crisps 6 Pack,£2.25,(£1.50/100g),cupboard,treats_snacks,2024-11-19
Space Raiders Pickled Onion Multipack Crisps,£1.50,(£1.92/100g),cupboard,treats_snacks,2024-11-19
ASDA Asda Ready Salted Flavour Potato Loops 6 x 24g (144g),£1.25,(86.8p/100g),cupboard,treats_snacks,2024-11-19
Hula Hoops Cheese & Onion Multipack Crisps,£2.25,(£1.56/100g),cupboard,treats_snacks,2024-11-19
Walkers Wotsits Really Cheesy Multipack Snacks Crisps 6x16.5g,£2.00,(£2.02/100g),cupboard,treats_snacks,2024-11-19
Walkers French Fries Variety Multipack Crisps,£2.00,(£1.85/100g),cupboard,treats_snacks,2024-11-19
Jacob's Crinkly's Cheese & Onion Flavour Baked Snacks Multipack 6x23g,£1.95,(£1.41/100g),cupboard,treats_snacks,2024-11-19
Doritos Tangy Cheese Tortilla Chips Multipack Crisps 5x30g,£2.00,(£1.33/100g),cupboard,treats_snacks,2024-11-19
Sunbites Sun Ripened Sweet Chilli Multipack Snacks Crisps 6x25g,£2.00,(£1.33/100g),cupboard,treats_snacks,2024-11-19
Walkers Wotsits Prawn Cocktail Multipack Snacks Crisps,£2.00,(£2.47/100g),cupboard,treats_snacks,2024-11-19
Jacob's Mini Cheddars Cheesy Specials Smoked Cheddar Flavour 90g,£1.25,(90.6p/100g),cupboard,treats_snacks,2024-11-19
Walkers Wotsits Snacks Cheese Toastie 6x12g,£2.00,(£2.78/100g),cupboard,treats_snacks,2024-11-19
Walkers Quavers Cheese Multipack Snacks Crisps 6x16g,£2.00,(£2.08/100g),cupboard,treats_snacks,2024-11-19
Walkers Squares Crunchy Variety Multipack Crisps,£2.00,(£1.52/100g),cupboard,treats_snacks,2024-11-19
Walkers French Fries Ready Salted Multipack Crisps,£2.00,(£1.85/100g),cupboard,treats_snacks,2024-11-19
Sunbites Sour Cream & Cracked Black Pepper Multipack Snacks,£2.00,(£1.33/100g),cupboard,treats_snacks,2024-11-19
Walkers Wotsits Really Cheesy Multipack Snacks Crisps 6x16.5g,£2.00,(£2.02/100g),cupboard,treats_snacks,2024-11-19
Walkers French Fries Variety Multipack Crisps,£2.00,(£1.85/100g),cupboard,treats_snacks,2024-11-19
Sensations Thai Sweet Chilli Multipack Crisps 5x25g,£2.00,(£1.60/100g),cupboard,treats_snacks,2024-11-19
ASDA Asda Ready Salted Flavour Potato Loops 6 x 24g (144g),£1.25,(86.8p/100g),cupboard,treats_snacks,2024-11-19
Walkers Monster Munch Pickled Onion Multipack Snacks Crisps 6x20g,£2.00,(£1.67/100g),cupboard,treats_snacks,2024-11-19
Seabrook Crinkle Cut Sea Salted Multipack Crisps,£1.35,(90.0p/100g),cupboard,treats_snacks,2024-11-19
Hula Hoops Original Multipack Crisps,£2.25,(£1.56/100g),cupboard,treats_snacks,2024-11-19
Walkers Classic Variety Multipack Crisps,£2.00,(£1.33/100g),cupboard,treats_snacks,2024-11-19
Hula Hoops Puft Cheese & Onion Flavour Wheat & Potato Rings 6 x 15g,£2.25,(£2.50/100g),cupboard,treats_snacks,2024-11-19
Marmite Yeast Extract Crisps 6 x 25g,£2.00,(£1.33/100g),cupboard,treats_snacks,2024-11-19
McCoy's Thai Sweet Chicken Multipack Crisps,£2.25,(£1.50/100g),cupboard,treats_snacks,2024-11-19
JUST ESSENTIALS by ASDA 6 Pack Assorted Maize Snacks,£0.85,(88.5p/100g),cupboard,treats_snacks,2024-11-19
Space Raiders Pickled Onion Multipack Crisps,£1.50,(£1.92/100g),cupboard,treats_snacks,2024-11-19
Walkers Wotsits Flamin' Hot Multipack Crisps,£2.00,(£2.08/100g),cupboard,treats_snacks,2024-11-19
Seabrook Crinkle Cut Prawn Cocktail Multipack Crisps,£1.35,(90.0p/100g),cupboard,treats_snacks,2024-11-19
Popchips Barbeque Multipack Crisps,£2.25,(£2.65/100g),cupboard,treats_snacks,2024-11-19
Seabrook Crinkle Cut Variety Multipack Potato Crisps,£1.35,(90.0p/100g),cupboard,treats_snacks,2024-11-19
Hula Hoops Cheese & Onion Multipack Crisps,£2.25,(£1.56/100g),cupboard,treats_snacks,2024-11-19
Hula Hoops Assorted Multipack Crisps,£2.25,(£1.56/100g),cupboard,treats_snacks,2024-11-19
Sunbites Sun Ripened Sweet Chilli Multipack Snacks Crisps 6x25g,£2.00,(£1.33/100g),cupboard,treats_snacks,2024-11-19
Jacob's Crinkly's Cheese & Onion Flavour Baked Snacks Multipack 6x23g,£1.95,(£1.41/100g),cupboard,treats_snacks,2024-11-19
Walkers Quavers Prawn Cocktail Multipack Snacks Crisps,£2.00,(£2.08/100g),cupboard,treats_snacks,2024-11-19
Walkers Roast Chicken Multipack Crisps,£2.00,(£1.33/100g),cupboard,treats_snacks,2024-11-19
Walkers French Fries Worcester Sauce Multipack Crisps,£2.00,(£1.85/100g),cupboard,treats_snacks,2024-11-19
"Jacob's Jacob’s Crinklys Salt & Vinegar 30% Less Fat Baked Snacks Multipack 6x23g, 138g",£1.95,(£1.41/100g),cupboard,treats_snacks,2024-11-19
Seabrook Fries Salt & Vinegar Flavour Corn Snacks 6 x 16g,£1.25,(£1.30/100g),cupboard,treats_snacks,2024-11-19
ASDA 6 Party Snacks 138g,£1.30,(94.2p/100g),cupboard,treats_snacks,2024-11-19
ASDA Variety Flavour Crisps 6 x 25g (150g),£1.00,(66.7p/100g),cupboard,treats_snacks,2024-11-19
Jacob's 6 Chilli Beef Flavour Crinklys 138g,£1.95,(£1.41/100g),cupboard,treats_snacks,2024-11-19
Jacob's 6 Prawn Cocktail Flavour Crinklys 138g,£1.95,(£1.41/100g),cupboard,treats_snacks,2024-11-19
Seabrook Crinkle Cut Canadian Ham Multipack Crisps,£1.35,(90.0p/100g),cupboard,treats_snacks,2024-11-19
Wheat Crunchies Variety Multipack Crisps,£3.00,(£1.07/100g),cupboard,treats_snacks,2024-11-19
Proper Chips Sea Salt Lentil Chips,£1.90,(£2.71/100g),cupboard,treats_snacks,2024-11-19
Walkers Max Pizza Hut Pepperoni Feast Multipack Crisps 6x27g,£2.00,(£1.23/100g),cupboard,treats_snacks,2024-11-19
Walkers Max Strong Fiery Prawn Cocktail Multipack Crisps 6x,£2.00,(£1.23/100g),cupboard,treats_snacks,2024-11-19
Properchips Salt & Vinegar Lentil Chips,£1.90,(£2.71/100g),cupboard,treats_snacks,2024-11-19
"Jacobs Mini Cheddars Red Leicester Baked Snacks Multipack 12x23g, 276g",£3.00,(£1.09/100g),cupboard,treats_snacks,2024-11-19
Walkers Wotsits Really Cheesy Multipack Snacks Crisps 6x16.5g,£2.00,(£2.02/100g),cupboard,treats_snacks,2024-11-19
Sensations Thai Sweet Chilli Multipack Crisps 5x25g,£2.00,(£1.60/100g),cupboard,treats_snacks,2024-11-19
Jacob's Crinkly's Cheese & Onion Flavour Baked Snacks Multipack 6x23g,£1.95,(£1.41/100g),cupboard,treats_snacks,2024-11-19
Doritos Tangy Cheese Tortilla Chips Multipack Crisps 5x30g,£2.00,(£1.33/100g),cupboard,treats_snacks,2024-11-19
Doritos Chilli Heatwave Tortilla Chips Multipack Crisps 5x30g,£2.00,(£1.33/100g),cupboard,treats_snacks,2024-11-19
Jacob's Mini Cheddars Cheesy Specials Smoked Cheddar Flavour 90g,£1.25,(90.6p/100g),cupboard,treats_snacks,2024-11-19
Walkers Wotsits Flamin' Hot Multipack Crisps,£2.00,(£2.08/100g),cupboard,treats_snacks,2024-11-19
Walkers Monster Munch Snacks Barbeque Sauce 6x16g,£2.00,(£2.78/100g),cupboard,treats_snacks,2024-11-19
Sunbites Sour Cream & Cracked Black Pepper Multipack Snacks,£2.00,(£1.33/100g),cupboard,treats_snacks,2024-11-19
Walkers Squares Cheese & Onion Multipack Snacks Crisps 6x22g,£2.00,(£1.52/100g),cupboard,treats_snacks,2024-11-19
Walkers Monster Munch Roast Beef Multipack Snacks Crisps 6x20g,£2.00,(£1.67/100g),cupboard,treats_snacks,2024-11-19
Walkers Squares Salt & Vinegar Multipack Crisps,£2.00,(£1.52/100g),cupboard,treats_snacks,2024-11-19
Walkers Wotsits Really Cheesy Multipack Snacks Crisps 6x16.5g,£2.00,(£2.02/100g),cupboard,treats_snacks,2024-11-19
Walkers French Fries Variety Multipack Crisps,£2.00,(£1.85/100g),cupboard,treats_snacks,2024-11-19
Sensations Thai Sweet Chilli Multipack Crisps 5x25g,£2.00,(£1.60/100g),cupboard,treats_snacks,2024-11-19
Walkers French Fries Assorted Multipack Crisps,£4.00,(£1.11/100g),cupboard,treats_snacks,2024-11-19
Walkers Max Strong Fiery Prawn Cocktail Multipack Crisps 6x,£2.00,(£1.23/100g),cupboard,treats_snacks,2024-11-19
Walkers Less Salt A Dash of Salt and Vinegar Multipack Crisps,£2.00,(£1.33/100g),cupboard,treats_snacks,2024-11-19
HIPPEAS Chickpea Puff Snacks Sweet & Smokin' 5 x 15g,£1.75,(£2.33/100g),cupboard,treats_snacks,2024-11-19
Seabrook Crinkle Cut Cream Cheese & Chives Multipack Crisps,£1.35,(90.0p/100g),cupboard,treats_snacks,2024-11-19
Walkers Salt & Shake Multipack Crisps,£2.00,(£1.39/100g),cupboard,treats_snacks,2024-11-19
Popchips Sour Cream & Onion Multipack Crisps,£2.25,(£2.65/100g),cupboard,treats_snacks,2024-11-19
Properchips Salt & Vinegar Lentil Chips,£1.90,(£2.71/100g),cupboard,treats_snacks,2024-11-19
Walkers Wotsits Snacks Cheese Toastie 6x12g,£2.00,(£2.78/100g),cupboard,treats_snacks,2024-11-19
Walkers Max Pizza Hut Pepperoni Feast Multipack Crisps 6x27g,£2.00,(£1.23/100g),cupboard,treats_snacks,2024-11-19
Hula Hoops Puft Salted Multipack Crisps,£2.25,(£2.50/100g),cupboard,treats_snacks,2024-11-19
Harvest Snaps Sour Cream & Chive Crunchy Lentil Rings,£1.50,(£1.47/100g),cupboard,treats_snacks,2024-11-19
Penn State Baked Pretzels Sour Cream & Chive Flavour 6 x 22g,£1.50,(£1.14/100g),cupboard,treats_snacks,2024-11-19
Seabrook Hot & Spicy Flavour Maize Balls 6 x 15g,£1.25,(£1.39/100g),cupboard,treats_snacks,2024-11-19
"Jacob's 22 Mini Cheddars Original 22x23g, 506g",£4.00,(79.0p/100g),cupboard,treats_snacks,2024-11-19
Quavers Cheese Multipack Snacks Crisps 20x16g,£4.00,(£1.25/100g),cupboard,treats_snacks,2024-11-19
Properchips Barbecue Lentil Chips,£1.90,(£2.71/100g),cupboard,treats_snacks,2024-11-19
Walkers Baked Cheese & Jalapeño Multipack Snacks Crisps 6 x 22g,£2.00,(£1.52/100g),cupboard,treats_snacks,2024-11-19
HIPPEAS Chickpea Puff Snacks Salt & Vinegar Vibes 5 x 15g,£1.75,(£2.33/100g),cupboard,treats_snacks,2024-11-19
Propercorn Sweet & Salty Popcorn Multipack,£1.90,(£2.26/100g),cupboard,treats_snacks,2024-11-19
Walkers Less Salt Delicate Prawn Cocktail Multipack Crisps,£2.00,(£1.33/100g),cupboard,treats_snacks,2024-11-19
Propercorn Lightly Sea Salted Popcorn Multipack,£1.90,(£3.17/100g),cupboard,treats_snacks,2024-11-19
McCoy's Limited Edition Grilled American Cheese Flavour Ridge Cut Potato Crisps 6 x 25g,£2.25,(£1.50/100g),cupboard,treats_snacks,2024-11-19
Hula Hoops Salt & Vinegar Multipack Crisps,£2.25,(£1.56/100g),cupboard,treats_snacks,2024-11-19
Doritos Cool Original Tortilla Chips Multipack Crisps 5x30g,£2.00,(£1.33/100g),cupboard,treats_snacks,2024-11-19
Penn State Sea Salted Multipack Pretzels 6 Pack,£1.50,(£1.14/100g),cupboard,treats_snacks,2024-11-19
Jacob's 6 Cheddar & Roasted Tomato Flavour Mini Cheddars 138g,£1.25,(90.6p/100g),cupboard,treats_snacks,2024-11-19
Walkers Baked Salt & Vinegar Multipack Snacks Crisps 6 x 22g,£2.00,(£1.52/100g),cupboard,treats_snacks,2024-11-19
"Eat Real 2x20g, 2x18g, 1x22g (98g)",£2.20,(£2.24/100g),cupboard,treats_snacks,2024-11-19
Seabrook Rings Sour Cream & Onion Flavour Corn Snacks 6 x 16g,£1.25,(£1.30/100g),cupboard,treats_snacks,2024-11-19
Harvest Snaps Thai Sweet Chilli Crispy Lentil Puffs,£1.50,(£1.39/100g),cupboard,treats_snacks,2024-11-19
Hula Hoops 18 x 24g,£5.00,(£1.16/100g),cupboard,treats_snacks,2024-11-19
Snack A Jack Salt & Vinegar Multipack Rice Cakes Crisps 5 x 19g,£2.00,(£2.11/100g),cupboard,treats_snacks,2024-11-19
McCoy's Epic Eats Chip Shop Curry Sauce Flavour Ridge Cut Potato Crisps 6 x 25g,£2.25,(£1.50/100g),cupboard,treats_snacks,2024-11-19
Mr Porky Original Pork Scratchings Multipack,£2.25,(£2.27/100g),cupboard,treats_snacks,2024-11-19
Sunbites Sour Cream & Cracked Black Pepper Multipack Snacks,£2.00,(£1.33/100g),cupboard,treats_snacks,2024-11-19
Organix Tomato Noughts & Crosses Organic Finger Food Toddler Snack Corn Puffs Multipack 4x15g,£2.30,(£3.07/100g),cupboard,treats_snacks,2024-11-19
Walkers Salt & Vinegar Multipack Crisps,£2.00,(£1.33/100g),cupboard,treats_snacks,2024-11-19
Seabrook Variety Multipack Crisps,£3.50,(77.8p/100g),cupboard,treats_snacks,2024-11-19
Jacob's Mini Cheddars Cheesy Specials Smoked Cheddar Flavour 90g,£1.25,(90.6p/100g),cupboard,treats_snacks,2024-11-19
Hula Hoops Puft Beef Multipack Crisps,£2.25,(£2.50/100g),cupboard,treats_snacks,2024-11-19
Walkers Wotsits Really Cheesy Multipack Snacks Crisps 6x16.5g,£2.00,(£2.02/100g),cupboard,treats_snacks,2024-11-19
Walkers French Fries Variety Multipack Crisps,£2.00,(£1.85/100g),cupboard,treats_snacks,2024-11-19
Jacob's Crinkly's Cheese & Onion Flavour Baked Snacks Multipack 6x23g,£1.95,(£1.41/100g),cupboard,treats_snacks,2024-11-19
Jacob's Mini Cheddars Cheesy Specials Smoked Cheddar Flavour 90g,£1.25,(90.6p/100g),cupboard,treats_snacks,2024-11-19
Walkers Wotsits Snacks Cheese Toastie 6x12g,£2.00,(£2.78/100g),cupboard,treats_snacks,2024-11-19
Walkers Quavers Cheese Multipack Snacks Crisps 6x16g,£2.00,(£2.08/100g),cupboard,treats_snacks,2024-11-19
Walkers Monster Munch Snacks Barbeque Sauce 6x16g,£2.00,(£2.78/100g),cupboard,treats_snacks,2024-11-19
Walkers French Fries Ready Salted Multipack Crisps,£2.00,(£1.85/100g),cupboard,treats_snacks,2024-11-19
Walkers Baked Variety Multipack Crisps 6 x 22g,£2.00,(£1.52/100g),cupboard,treats_snacks,2024-11-19
Walkers Squares Cheese & Onion Multipack Snacks Crisps 6x22g,£2.00,(£1.52/100g),cupboard,treats_snacks,2024-11-19
Walkers Monster Munch Roast Beef Multipack Snacks Crisps 6x20g,£2.00,(£1.67/100g),cupboard,treats_snacks,2024-11-19
Walkers Squares Salt & Vinegar Multipack Crisps,£2.00,(£1.52/100g),cupboard,treats_snacks,2024-11-19
Walkers Wotsits Really Cheesy Multipack Snacks Crisps 6x16.5g,£2.00,(£2.02/100g),cupboard,treats_snacks,2024-11-19
Walkers French Fries Variety Multipack Crisps,£2.00,(£1.85/100g),cupboard,treats_snacks,2024-11-19
Sensations Thai Sweet Chilli Multipack Crisps 5x25g,£2.00,(£1.60/100g),cupboard,treats_snacks,2024-11-19
Hula Hoops Puft Beef Multipack Crisps,£2.25,(£2.50/100g),cupboard,treats_snacks,2024-11-19
Jacob's Mini Cheddars Variety Multipack Snacks 138g,£1.90,(£1.38/100g),cupboard,treats_snacks,2024-11-19
Walkers Squares Variety Multipack Crisps,£3.00,(£1.14/100g),cupboard,treats_snacks,2024-11-19
Popworks Sweet & Salty Multipack Popped Crisps,£2.00,(£2.35/100g),cupboard,treats_snacks,2024-11-19
McCoy's Mighty Meaty Ridge Cut 6 x 25g,£2.25,(£1.50/100g),cupboard,treats_snacks,2024-11-19
Walkers Baked Prawn Cocktail Multipack Snacks Crisps 6 x 22g,£2.00,(£1.52/100g),cupboard,treats_snacks,2024-11-19
Walkers Baked Sea Salt Multipack Snacks Crisps 6 x 22g,£2.00,(£1.52/100g),cupboard,treats_snacks,2024-11-19
Popchips Popchips Sea Salt & Vinegar Flavour Potato Snacks,£2.25,(£2.65/100g),cupboard,treats_snacks,2024-11-19
Snack A Jack Sizzlin Barbecue Multipack Rice Cakes Crisps 5 x 19g,£2.00,(£2.11/100g),cupboard,treats_snacks,2024-11-19
Walkers Monster Munch Snacks Barbeque Sauce 6x16g,£2.00,(£2.78/100g),cupboard,treats_snacks,2024-11-19
Walkers Quavers BBQ Multipack Crisps,£2.00,(£2.08/100g),cupboard,treats_snacks,2024-11-19
Walkers Less Salt Lightly Salted Multipack Crisps,£2.00,(£1.33/100g),cupboard,treats_snacks,2024-11-19
Walkers Smoky Bacon Multipack Crisps,£2.00,(£1.33/100g),cupboard,treats_snacks,2024-11-19
Seabrook Worcestershire Sauce Flavour The Original Crinkle Cut,£1.35,(90.0p/100g),cupboard,treats_snacks,2024-11-19
McCoy's Classic Multipack Crisps,£3.50,(£1.17/100g),cupboard,treats_snacks,2024-11-19
Walkers Baked Variety Multipack Crisps 6 x 22g,£2.00,(£1.52/100g),cupboard,treats_snacks,2024-11-19
McCoy's Salt & Malt Vinegar Multipack Crisps 6 Pack,£2.25,(£1.50/100g),cupboard,treats_snacks,2024-11-19
Walkers Wotsits Really Cheesy Multipack Snacks Crisps 6x16.5g,£2.00,(£2.02/100g),cupboard,treats_snacks,2024-11-19
Walkers French Fries Variety Multipack Crisps,£2.00,(£1.85/100g),cupboard,treats_snacks,2024-11-19
Sensations Thai Sweet Chilli Multipack Crisps 5x25g,£2.00,(£1.60/100g),cupboard,treats_snacks,2024-11-19
Jacob's Crinkly's Cheese & Onion Flavour Baked Snacks Multipack 6x23g,£1.95,(£1.41/100g),cupboard,treats_snacks,2024-11-19
Doritos Tangy Cheese Tortilla Chips Multipack Crisps 5x30g,£2.00,(£1.33/100g),cupboard,treats_snacks,2024-11-19
Doritos Chilli Heatwave Tortilla Chips Multipack Crisps 5x30g,£2.00,(£1.33/100g),cupboard,treats_snacks,2024-11-19
Jacob's Mini Cheddars Cheesy Specials Smoked Cheddar Flavour 90g,£1.25,(90.6p/100g),cupboard,treats_snacks,2024-11-19
Walkers Quavers Cheese Multipack Snacks Crisps 6x16g,£2.00,(£2.08/100g),cupboard,treats_snacks,2024-11-19
Walkers Squares Crunchy Variety Multipack Crisps,£2.00,(£1.52/100g),cupboard,treats_snacks,2024-11-19
Walkers French Fries Ready Salted Multipack Crisps,£2.00,(£1.85/100g),cupboard,treats_snacks,2024-11-19
Walkers Squares Cheese & Onion Multipack Snacks Crisps 6x22g,£2.00,(£1.52/100g),cupboard,treats_snacks,2024-11-19
Walkers Monster Munch Roast Beef Multipack Snacks Crisps 6x20g,£2.00,(£1.67/100g),cupboard,treats_snacks,2024-11-19
Babybel Plant-Based Vegan Snacks,£2.15,(£21.50/kg),cupboard,treats_snacks,2024-11-19
Cathedral City Mini Mature Cheddar Cheeses,£1.50,(£12.50/kg),cupboard,treats_snacks,2024-11-19
Mini Babybel Original Cheese Snack x6,£1.50,(£12.50/kg),cupboard,treats_snacks,2024-11-19
Mini Babybel Light Cheese Snack x6,£1.50,(£12.50/kg),cupboard,treats_snacks,2024-11-19
Dairylea Dunkers Jumbo Tubes Cheese Snacks 6 Pack 246g,£2.30,(£9.35/kg),cupboard,treats_snacks,2024-11-19
Strings & Things Cheestrings 8 x 20g (160g),£2.49,(£15.56/kg),cupboard,treats_snacks,2024-11-19
Dairylea Filled Crackers Cheese Snack,£1.25,(£12.97/kg),cupboard,treats_snacks,2024-11-19
Dairylea Dunkers Nachos Cheese Snacks 6 Pack 258g,£2.30,(£8.91/kg),cupboard,treats_snacks,2024-11-19
Attack A Snak Ham 'n Cheese Wrap Kit with Tomato Ketchup 86g,£1.50,(£17.44/kg),cupboard,treats_snacks,2024-11-19
Applewood Smoke Flavour Cheddar Cheese Snack Pack,£1.50,(£20.00/kg),cupboard,treats_snacks,2024-11-19
Dairylea Lunchers Chicken 'N' Cheese,£1.60,(£23.53/kg),cupboard,treats_snacks,2024-11-19
Dairylea Cheese Triangles x8,£1.75,(£14.00/kg),cupboard,treats_snacks,2024-11-19
Dairylea Dunkers Nachos (3 x 43g) 129g,£2.25,(£17.44/kg),cupboard,treats_snacks,2024-11-19
Strings & Things Twisted Cheestrings 4 x 20g (80g),£1.75,(£21.88/kg),cupboard,treats_snacks,2024-11-19
Dairylea Snackers Cheese & Crackers with Mini Cadbury Fingers,£1.60,(£23.70/kg),cupboard,treats_snacks,2024-11-19
Dairylea Lunchers Ham 'N' Cheese,£1.60,(£21.62/kg),cupboard,treats_snacks,2024-11-19
Dairylea Dunkers 3 x 43g (129g),£2.25,(£17.44/kg),cupboard,treats_snacks,2024-11-19
Philadelphia Snack Light & Herbs Soft Cheese Dip & Wholegrain Breadsticks,£1.50,(£12.20/kg),cupboard,treats_snacks,2024-11-19
Attack A Snak Chicken 'n Cheese Wrap Kit with BBQ Sauce 86g,£1.50,(£17.44/kg),cupboard,treats_snacks,2024-11-19
Dairylea Dunkers Ritz Cheese Snacks 6 x 43g,£2.30,(£8.91/kg),cupboard,treats_snacks,2024-11-19
Dairylea Dunkers Jumbo Tubes 3 x 41g (123g),£2.25,(£18.29/kg),cupboard,treats_snacks,2024-11-19
Attack A Snak Pepperoni N'Cheese Wrap Kit with Tomato Ketchup 83g,£1.50,(£18.07/kg),cupboard,treats_snacks,2024-11-19
Dairylea Strip Cheese x8,£2.50,(£14.88/kg),cupboard,treats_snacks,2024-11-19
Dairylea Snackers Cheese & Crackers with Cadbury Dairy Milk Giant Buttons,£1.60,(£24.92/kg),cupboard,treats_snacks,2024-11-19
Dairylea Snackers Cheese & Crackers with Mini Oreo,£1.60,(£24.21/kg),cupboard,treats_snacks,2024-11-19
Mini Babybel Mix Pack Cheese Snacks 9 x 20g,£3.20,(£17.78/kg),cupboard,treats_snacks,2024-11-19
Strings & Things Cheestrings 4 x 20g (80g),£1.75,(£21.88/kg),cupboard,treats_snacks,2024-11-19
Mini Babybel Light Cheese Snack x12,£3.55,(£14.79/kg),cupboard,treats_snacks,2024-11-19
Mini Babybel Original Cheese Snack x12,£3.55,(£14.79/kg),cupboard,treats_snacks,2024-11-19
The Laughing Cow Original Cheese Spread 8 Triangles,£1.90,(£14.29/kg),cupboard,treats_snacks,2024-11-19
Pilgrims Choice Extra Mature Cheddar 6 x 20g (120g),£2.00,(£16.67/kg),cupboard,treats_snacks,2024-11-19
Apetina Green Olives & Garlic White Cheese Cubes in Oil,£1.25,(£12.50/kg),cupboard,treats_snacks,2024-11-19
Marmite Cheddar Cheese Bites 5 x 15g (75g),£1.60,(£21.33/kg),cupboard,treats_snacks,2024-11-19
ASDA Caramelised Onion Cheddar 40g,£0.85,(£21.25/kg),cupboard,treats_snacks,2024-11-19
BDL Dairy Cheese Sticks,£2.25,(£14.06/kg),cupboard,treats_snacks,2024-11-19
Lunchbox Fillers Bundle,£6.70,null,cupboard,treats_snacks,2024-11-19
Dairylea Light Cheese Slices 8 x 20.5g,£1.25,(£7.62/kg),cupboard,treats_snacks,2024-11-19
Cathedral City Mature Cheddar 6 x 20g,£1.50,(£12.50/kg),cupboard,treats_snacks,2024-11-19
Attack A Snak Chicken 'n Cheese Wrap Kit with Tomato Ketchup 86g,£1.50,(£17.44/kg),cupboard,treats_snacks,2024-11-19
Philadelphia Snack Soft Cheese Dip & Breadsticks,£1.50,(£11.90/kg),cupboard,treats_snacks,2024-11-19
Dairylea Cheese Triangles x16,£2.95,(£11.80/kg),cupboard,treats_snacks,2024-11-19
Cathedral City Mini Extra Mature Cheeses,£1.60,(£13.33/kg),cupboard,treats_snacks,2024-11-19
Dairylea Dunkers Bread Sticks 3 x 43g (129g),£2.25,(£17.44/kg),cupboard,treats_snacks,2024-11-19
ASDA Mini Red Leicester Cheese 40g,£0.85,(£21.25/kg),cupboard,treats_snacks,2024-11-19
The Laughing Cow Light Cheese Spread 16 Triangles,£2.25,(£8.43/kg),cupboard,treats_snacks,2024-11-19
The Laughing Cow Original Cheese Spread 16 Triangles,£2.25,(£8.43/kg),cupboard,treats_snacks,2024-11-19
Dairylea Cheese Slices 8 x 20.5g,£1.25,(£7.62/kg),cupboard,treats_snacks,2024-11-19
ASDA Mini Mature British Cheddar Cheese 40g,£0.85,(£21.25/kg),cupboard,treats_snacks,2024-11-19
Cathedral City High Protein Block Half Fat Mature Cheddar 20g,£1.60,(£13.33/kg),cupboard,treats_snacks,2024-11-19
Cathedral City Nibbles 5 x 16g,£1.45,(£18.12/kg),cupboard,treats_snacks,2024-11-19
The Laughing Cow Lightest Cheese Spread 8 Triangles,£1.90,(£14.29/kg),cupboard,treats_snacks,2024-11-19
The Laughing Cow Light Blue Cheese Spread Triangles x8,£1.90,(£14.84/kg),cupboard,treats_snacks,2024-11-19
Jacob's Cracker Crisps Sour Cream and Chive Snacks Sharing Bag 150g,£1.25,(83.3p/100g),cupboard,treats_snacks,2024-11-19
Jacob's Cracker Crisps Salt & Balsamic Sharing Bag Snacks,£1.25,(83.3p/100g),cupboard,treats_snacks,2024-11-19
Doritos Tangy Cheese Tortilla Chips Multipack Crisps 5x30g,£2.00,(£1.33/100g),cupboard,treats_snacks,2024-11-19
ASDA Cool Tortilla Chips 180g,£0.99,(55.0p/100g),cupboard,treats_snacks,2024-11-19
ASDA Salt & Vinegar Flavour Potato Twists 120g,£1.00,(83.3p/100g),cupboard,treats_snacks,2024-11-19
ASDA Cheesy Balls 150g,£1.00,(66.7p/100g),cupboard,treats_snacks,2024-11-19
ASDA Cheese Savouries Sharing Snacks,£1.00,(40.0p/100g),cupboard,treats_snacks,2024-11-19
ASDA Onion Rings 150g,£1.00,(66.7p/100g),cupboard,treats_snacks,2024-11-19
Pringles Original 185g,£1.50,(81.1p/100g),cupboard,treats_snacks,2024-11-19
Pringles Texas BBQ Sauce Sharing Crisps,£1.50,(81.1p/100g),cupboard,treats_snacks,2024-11-19
ASDA Extra Special Roasted Camembert & Garlic Flavour Hand Cooked Crisps 150g,£1.35,(90.0p/100g),cupboard,treats_snacks,2024-11-19
ASDA Sour Cream & Onion Flavour Party Mix 150g,£1.25,(83.3p/100g),cupboard,treats_snacks,2024-11-19
ASDA Beef Flavour Potato Sticks 150g,£1.00,(66.7p/100g),cupboard,treats_snacks,2024-11-19
Pringles Cheese & Onion Sharing Crisps,£1.50,(81.1p/100g),cupboard,treats_snacks,2024-11-19
ASDA Bacon Flavour Bites 150g,£1.00,(66.7p/100g),cupboard,treats_snacks,2024-11-19
Pringles Sour Cream & Onion 185g,£1.50,(81.1p/100g),cupboard,treats_snacks,2024-11-19
Pringles Salt & Vinegar Sharing Crisps,£1.50,(81.1p/100g),cupboard,treats_snacks,2024-11-19
ASDA Salt & Vinegar Flavour Sticks 150g,£1.00,(66.7p/100g),cupboard,treats_snacks,2024-11-19
ASDA Extra Special Sea Salt & Chardonnay Wine Vinegar Hand Cooked Crisps,£1.35,(90.0p/100g),cupboard,treats_snacks,2024-11-19
Cheetos Cheetos Twisted Sweet & Spicy Sharing Bag Crisps 110g,£1.50,(£1.36/100g),cupboard,treats_snacks,2024-11-19
ASDA Cheesy Wiggles 120g,£1.00,(83.3p/100g),cupboard,treats_snacks,2024-11-19
ASDA Extra Special Ridge Cut Smoked Paprika & Sour Cream Hand Cooked Crisps 125g,£1.35,(£1.08/100g),cupboard,treats_snacks,2024-11-19
ASDA Lightly Salted Tortilla Chips 180g,£0.99,(55.0p/100g),cupboard,treats_snacks,2024-11-19
ASDA Extra Special Cheddar & Red Onion Hand Cooked Sharing Crisps,£1.35,(90.0p/100g),cupboard,treats_snacks,2024-11-19
ASDA Extra Special Sweet Chilli Hand Cooked Sharing Crisps,£1.35,(90.0p/100g),cupboard,treats_snacks,2024-11-19
ASDA Ready Salted Potato Sticks 150g,£1.00,(66.7p/100g),cupboard,treats_snacks,2024-11-19
ASDA Extra Special Sea Salted Hand Cooked Sharing Crisps,£1.35,(90.0p/100g),cupboard,treats_snacks,2024-11-19
Walkers Bugles Southern Style BBQ Sharing Snacks Crisps 110g,£1.50,(£1.36/100g),cupboard,treats_snacks,2024-11-19
ASDA Extra Special Ridge Cut Steak & Ale Hand Cooked Crisps 125g,£1.35,(£1.08/100g),cupboard,treats_snacks,2024-11-19
Walkers Monster Munch Giants Roast Beef Crisps Sharing Bag,£1.50,(£1.76/100g),cupboard,treats_snacks,2024-11-19
ASDA Asda Salt & Vinegar Flavour Party Mix 150g,£1.25,(83.3p/100g),cupboard,treats_snacks,2024-11-19
Walkers Wotsits Giants Really Cheesy Sharing Crisps,£1.50,(£1.15/100g),cupboard,treats_snacks,2024-11-19
Skips Prawn Cocktail Sharing Crisps,£1.25,(£1.92/100g),cupboard,treats_snacks,2024-11-19
Walkers Cheese & Onion Sharing Crisps,£1.50,(£1.00/100g),cupboard,treats_snacks,2024-11-19
Sensations Balsamic Vinegar & Caramelised Onion Sharing Crisps 150g,£1.65,(£1.10/100g),cupboard,treats_snacks,2024-11-19
ASDA Extra Special Sea Salt & Black Pepper Hand Cooked Sharing Crisps,£1.35,(90.0p/100g),cupboard,treats_snacks,2024-11-19
Walkers Wotsits Crunchy Extra Flamin' Hot Sharing Bag Crisps 130g,£2.50,(£1.92/100g),cupboard,treats_snacks,2024-11-19
Smiths Frazzles Crispy Bacon Sharing Crisps,£1.25,(£1.04/100g),cupboard,treats_snacks,2024-11-19
Nik Naks Nice 'N' Spicy Sharing Snacks,£1.25,(£1.32/100g),cupboard,treats_snacks,2024-11-19
Walkers Max Punchy Paprika Sharing Crisps,£1.65,(£1.18/100g),cupboard,treats_snacks,2024-11-19
"Jacob's Crinklys Cheese & Onion Baked Snacks Share Bag, 150g",£1.50,(£1.00/100g),cupboard,treats_snacks,2024-11-19
Walkers Wotsits Crunchy Really Cheesy Sharing Snacks Crisps 140g,£2.25,(£1.61/100g),cupboard,treats_snacks,2024-11-19
Doritos Extra Flamin' Hot Sharing Bag Crisps 163g,£2.50,(£1.53/100g),cupboard,treats_snacks,2024-11-19
ASDA Hot Salsa 300g,£1.00,(33.3p/100g),cupboard,treats_snacks,2024-11-19
Tyrrells Mature Cheddar and Chive Sharing Crisps,£2.50,(£1.67/100g),cupboard,treats_snacks,2024-11-19
ASDA Free From Lightly Salted Tortilla Chips 180g,£1.00,(55.6p/100g),cupboard,treats_snacks,2024-11-19
Walkers Sensations Mature Cheddar Cheese & Chilli Crisps 150g,£1.65,(£1.10/100g),cupboard,treats_snacks,2024-11-19
Jacob's Cracker Crisps Salt & Balsamic Sharing Bag Snacks,£1.25,(83.3p/100g),cupboard,treats_snacks,2024-11-19
Jacob's Cracker Crisps Sour Cream and Chive Snacks Sharing Bag 150g,£1.25,(83.3p/100g),cupboard,treats_snacks,2024-11-19
Doritos Tangy Cheese Tortilla Chips Multipack Crisps 5x30g,£2.00,(£1.33/100g),cupboard,treats_snacks,2024-11-19
Doritos Chilli Heatwave Tortilla Chips Multipack Crisps 5x30g,£2.00,(£1.33/100g),cupboard,treats_snacks,2024-11-19
Pringles Hot Smokin BBQ Ribs Flavour 160g,£1.85,(£1.16/100g),cupboard,treats_snacks,2024-11-19
"Jacob's Crinklys Cheese & Onion Baked Snacks Share Bag, 150g",£1.50,(£1.00/100g),cupboard,treats_snacks,2024-11-19
Doritos Cool Original Tortilla Chips Multipack Crisps 5x30g,£2.00,(£1.33/100g),cupboard,treats_snacks,2024-11-19
Pringles Hot Mexican Chilli & Lime Flavour 160g,£1.85,(£1.16/100g),cupboard,treats_snacks,2024-11-19
Pringles Hot Kickin Sour Cream Flavour 160g,£1.85,(£1.16/100g),cupboard,treats_snacks,2024-11-19
Pringles Hot Flamin' Cheese Flavour 160g,£1.85,(£1.16/100g),cupboard,treats_snacks,2024-11-19
Pringles Texas BBQ Sauce Sharing Crisps,£1.50,(81.1p/100g),cupboard,treats_snacks,2024-11-19
Pringles Salt & Vinegar Sharing Crisps,£1.50,(81.1p/100g),cupboard,treats_snacks,2024-11-19
Jacob's Cracker Crisps Salt & Balsamic Sharing Bag Snacks,£1.25,(83.3p/100g),cupboard,treats_snacks,2024-11-19
Jacob's Cracker Crisps Sour Cream and Chive Snacks Sharing Bag 150g,£1.25,(83.3p/100g),cupboard,treats_snacks,2024-11-19
Doritos Tangy Cheese Tortilla Chips Multipack Crisps 5x30g,£2.00,(£1.33/100g),cupboard,treats_snacks,2024-11-19
Crave Hot & Spicy Hot Dawgs 70g,£1.50,(£2.14/100g),cupboard,treats_snacks,2024-11-19
Eat Real Quinoa Chips Sour Cream + Chive Flavour 90g,£2.00,(£2.22/100g),cupboard,treats_snacks,2024-11-19
Jack Link's Meat Snacks Beef Jerky Sweet & Hot,£1.50,(£6.00/100g),cupboard,treats_snacks,2024-11-19
Doritos Triple Cheese Pizza Sharing Tortilla Chips Crisps 180g,£2.50,(£1.39/100g),cupboard,treats_snacks,2024-11-19
Walkers Max Pizza Hut Pepperoni Feast Sharing Crisps 140g,£1.65,(£1.18/100g),cupboard,treats_snacks,2024-11-19
"Doritos, Walkers Max Sharing Crisps & Pepsi Max Cola Bundle",£6.15,null,cupboard,treats_snacks,2024-11-19
Doritos Cool Sour Cream & Chives Dip,£1.75,(62.5p/100g),cupboard,treats_snacks,2024-11-19
Gusto Mega Surprize Salted Corn Snacks and a Surprise Toy 60g,£1.25,(£2.08/100g),cupboard,treats_snacks,2024-11-19
Manomasa Manchego & Green Olive,£2.25,(£1.61/100g),cupboard,treats_snacks,2024-11-19
Pom Bear Potato Snacks,£1.25,(£1.92/100g),cupboard,treats_snacks,2024-11-19
Cheez-It Snap'd Cheese Sour Cream & Onion Baked Snacks 150g,£2.00,(£1.33/100g),cupboard,treats_snacks,2024-11-19
ASDA Guacamole 270g,£1.50,(55.6p/100g),cupboard,treats_snacks,2024-11-19
Cofresh Peri Peri Grills Flavoured Potato Snack,£1.00,(£1.25/100g),cupboard,treats_snacks,2024-11-19
Cheetos Cheese Sharing Snacks,£1.75,(£2.06/100g),cupboard,treats_snacks,2024-11-19
Gusto Cheese Corn Puffs 100g,£1.35,(£1.35/100g),cupboard,treats_snacks,2024-11-19
Jack Link's Meat Snacks Beef Jerky Teriyaki,£1.50,(£6.00/100g),cupboard,treats_snacks,2024-11-19
Cofresh Chilli & Lemon Bombay Mix,£1.40,(43.1p/100g),cupboard,treats_snacks,2024-11-19
Tyrrells Sweet Chilli & Red Pepper Sharing Crisps,£2.50,(£1.67/100g),cupboard,treats_snacks,2024-11-19
Jack Link's Meat Snacks Beef Jerky Original,£1.50,(£6.00/100g),cupboard,treats_snacks,2024-11-19
Popworks Sweet BBQ Sharing Popped Crisps,£2.25,(£2.65/100g),cupboard,treats_snacks,2024-11-19
Viva Chips Chicken Style 100g,£1.50,(£1.50/100g),cupboard,treats_snacks,2024-11-19
Seabrook Loaded Nacho Chips Chilli Beef Flavour 130g,£1.75,(£1.35/100g),cupboard,treats_snacks,2024-11-19
Eat Real Lentil Chips Salted 5 x 18g (90g),£2.20,(£2.44/100g),cupboard,treats_snacks,2024-11-19
Pringles Hot Mexican Chilli & Lime Flavour 160g,£1.85,(£1.16/100g),cupboard,treats_snacks,2024-11-19
Village Pride Plantain Chips Sweet 75g,£0.80,(£1.07/100g),cupboard,treats_snacks,2024-11-19
Old El Paso Gluten Free Mexican Original Crunchy Nachips Chips,£2.00,(£1.08/100g),cupboard,treats_snacks,2024-11-19
Cheez-It Snap'D Double Cheese Baked Snacks 150g,£2.00,(£1.33/100g),cupboard,treats_snacks,2024-11-19
Eat Real Hummus Chips Sea Salt & Balsamic Vinegar Flavour 135g,£2.00,(£1.48/100g),cupboard,treats_snacks,2024-11-19
Proper Ghost Chilli + Yuzu Chickpea Chips 85g,£1.25,(£1.47/100g),cupboard,treats_snacks,2024-11-19
Kettle Sweet Chilli & Sour Cream Potato Chips,£2.40,(£1.85/100g),cupboard,treats_snacks,2024-11-19
Mr Porky Original Scratchings,£1.25,(£1.92/100g),cupboard,treats_snacks,2024-11-19
Walkers Salt & Vinegar Sharing Crisps,£1.50,(£1.00/100g),cupboard,treats_snacks,2024-11-19
Tyrrells Furrows Sea Salted 150g,£2.50,(£1.67/100g),cupboard,treats_snacks,2024-11-19
ASDA Extra Special Sharing Crisps Bundle,£4.05,null,cupboard,treats_snacks,2024-11-19
Native Prawn Crackers Sweet Chilli 60g,£2.10,(£3.50/100g),cupboard,treats_snacks,2024-11-19
Seabrook Loaded Nacho Chips Chipotle Sour Cream Flavour 130g,£1.75,(£1.35/100g),cupboard,treats_snacks,2024-11-19
Viva Chips Pizza Style Crisps 100g,£1.50,(£1.50/100g),cupboard,treats_snacks,2024-11-19
Proper Netflix Prawn Cocktail Flavour Lentil Chips 85g,£2.00,(£2.35/100g),cupboard,treats_snacks,2024-11-19
Walkers Max Pizza Hut Texan BBQ Sharing Crisps 140g,£1.65,(£1.18/100g),cupboard,treats_snacks,2024-11-19
ASDA Nacho Cheese 280g,£1.50,(53.6p/100g),cupboard,treats_snacks,2024-11-19
Old El Paso Gluten Free Mexican Crunchy Salted Tortilla Chips,£1.75,(94.6p/100g),cupboard,treats_snacks,2024-11-19
Eat Real Sea Salt Veggie Straws 110g,£2.00,(£1.82/100g),cupboard,treats_snacks,2024-11-19
Popchips Sour Cream and Onion Sharing Crisps,£1.50,(£1.76/100g),cupboard,treats_snacks,2024-11-19
Kettle Vegan Sheese & Red Onion Sharing Crisps,£2.40,(£1.85/100g),cupboard,treats_snacks,2024-11-19
Proper Jerk Sauce Flavour Chickpea Chips 85g,£1.25,(£1.47/100g),cupboard,treats_snacks,2024-11-19
Doritos Chilli Heatwave Tortilla Chips Sharing Bag Crisps 180g,£1.65,(91.7p/100g),cupboard,treats_snacks,2024-11-19
Kettle Chips Sea Salt and Crushed Black Peppercorns Sharing Crisps,£2.40,(£1.85/100g),cupboard,treats_snacks,2024-11-19
Village Pride Plantain Chips Lightly Salted 75g,£0.80,(£1.07/100g),cupboard,treats_snacks,2024-11-19
Eat Real Hummus Chips Tomato + Basil Flavour 110g,£2.00,(£1.82/100g),cupboard,treats_snacks,2024-11-19
Smiths Smiths Chipsticks Salt & Vinegar Sharing Snacks Crisps 105g,£1.25,(£1.19/100g),cupboard,treats_snacks,2024-11-19
Properchips Barbecue Lentil Chips,£1.90,(£2.71/100g),cupboard,treats_snacks,2024-11-19
ASDA Sour Cream 280g,£1.50,(53.6p/100g),cupboard,treats_snacks,2024-11-19
Jacob's Cracker Crisps Salt & Balsamic Sharing Bag Snacks,£1.25,(83.3p/100g),cupboard,treats_snacks,2024-11-19
Doritos Tangy Cheese Tortilla Chips Multipack Crisps 5x30g,£2.00,(£1.33/100g),cupboard,treats_snacks,2024-11-19
Jacob's Cracker Crisps Sour Cream and Chive Snacks Sharing Bag 150g,£1.25,(83.3p/100g),cupboard,treats_snacks,2024-11-19
Doritos Chilli Heatwave Tortilla Chips Multipack Crisps 5x30g,£2.00,(£1.33/100g),cupboard,treats_snacks,2024-11-19
Pringles Hot Smokin BBQ Ribs Flavour 160g,£1.85,(£1.16/100g),cupboard,treats_snacks,2024-11-19
Doritos Cool Original Tortilla Chips Multipack Crisps 5x30g,£2.00,(£1.33/100g),cupboard,treats_snacks,2024-11-19
"Jacob's Crinklys Cheese & Onion Baked Snacks Share Bag, 150g",£1.50,(£1.00/100g),cupboard,treats_snacks,2024-11-19
Pringles Hot Kickin Sour Cream Flavour 160g,£1.85,(£1.16/100g),cupboard,treats_snacks,2024-11-19
Pringles Hot Flamin' Cheese Flavour 160g,£1.85,(£1.16/100g),cupboard,treats_snacks,2024-11-19
Pringles Hot Mexican Chilli & Lime Flavour 160g,£1.85,(£1.16/100g),cupboard,treats_snacks,2024-11-19
Pringles Texas BBQ Sauce Sharing Crisps,£1.50,(81.1p/100g),cupboard,treats_snacks,2024-11-19
Pringles Salt & Vinegar Sharing Crisps,£1.50,(81.1p/100g),cupboard,treats_snacks,2024-11-19
Jacob's Cracker Crisps Salt & Balsamic Sharing Bag Snacks,£1.25,(83.3p/100g),cupboard,treats_snacks,2024-11-19
Jacob's Cracker Crisps Sour Cream and Chive Snacks Sharing Bag 150g,£1.25,(83.3p/100g),cupboard,treats_snacks,2024-11-19
Doritos Tangy Cheese Tortilla Chips Multipack Crisps 5x30g,£2.00,(£1.33/100g),cupboard,treats_snacks,2024-11-19
Kettle Lightly Salted 130g,£2.40,(£1.85/100g),cupboard,treats_snacks,2024-11-19
Doritos Cool Original Tortilla Chips Multipack Crisps 5x30g,£2.00,(£1.33/100g),cupboard,treats_snacks,2024-11-19
ASDA Extra Special Sharing Crisps Bundle,£4.05,null,cupboard,treats_snacks,2024-11-19
Tyrrells Lightly Sea Salted Sharing Crisps,£2.50,(£1.67/100g),cupboard,treats_snacks,2024-11-19
ASDA Extra Special Pigs in Blankets Hand Cooked Crisps 150g,£1.35,(90.0p/100g),cupboard,treats_snacks,2024-11-19
ASDA Nacho Cheese 280g,£1.50,(53.6p/100g),cupboard,treats_snacks,2024-11-19
Old El Paso Gluten Free Mexican Crunchy Salted Tortilla Chips,£1.75,(94.6p/100g),cupboard,treats_snacks,2024-11-19
Walkers Max Pizza Hut Texan BBQ Sharing Crisps 140g,£1.65,(£1.18/100g),cupboard,treats_snacks,2024-11-19
Tyrrells Lightly Sea Salted Crisps 40g,£1.10,(£2.75/100g),cupboard,treats_snacks,2024-11-19
Walkers Sensations Thai Sweet Chilli Sharing Bag Crisps 150g,£1.65,(£1.10/100g),cupboard,treats_snacks,2024-11-19
Pringles Smokey Bacon Sharing Crisps,£1.50,(81.1p/100g),cupboard,treats_snacks,2024-11-19
Popchips Sour Cream and Onion Sharing Crisps,£1.50,(£1.76/100g),cupboard,treats_snacks,2024-11-19
Kettle Chips Sea Salt and Crushed Black Peppercorns Sharing Crisps,£2.40,(£1.85/100g),cupboard,treats_snacks,2024-11-19
Eat Real Sea Salt Veggie Straws 110g,£2.00,(£1.82/100g),cupboard,treats_snacks,2024-11-19
Kettle Vegan Sheese & Red Onion Sharing Crisps,£2.40,(£1.85/100g),cupboard,treats_snacks,2024-11-19
Doritos Chilli Heatwave Tortilla Chips Sharing Bag Crisps 180g,£1.65,(91.7p/100g),cupboard,treats_snacks,2024-11-19
Proper Jerk Sauce Flavour Chickpea Chips 85g,£1.25,(£1.47/100g),cupboard,treats_snacks,2024-11-19
Village Pride Plantain Chips Lightly Salted 75g,£0.80,(£1.07/100g),cupboard,treats_snacks,2024-11-19
Eat Real Hummus Chips Tomato + Basil Flavour 110g,£2.00,(£1.82/100g),cupboard,treats_snacks,2024-11-19
Tyrrells Furrows Sea Salted 150g,£2.50,(£1.67/100g),cupboard,treats_snacks,2024-11-19
ASDA Extra Special Sharing Crisps Bundle,£4.05,null,cupboard,treats_snacks,2024-11-19
Native Prawn Crackers Original Prawn Flavour 60g,£2.10,(£3.50/100g),cupboard,treats_snacks,2024-11-19
Walkers Max Strong Hot Chicken Wings Sharing Crisps,£1.65,(£1.18/100g),cupboard,treats_snacks,2024-11-19
Doritos Dippers Sharing Tortilla Crisps & Pulled Pork Nachos Bundle,£11.00,null,cupboard,treats_snacks,2024-11-19
Proper Katsu Curry Flavour Chickpea Chips 85g,£1.25,(£1.47/100g),cupboard,treats_snacks,2024-11-19
Midland Snacks Traditional Pork Scratchings,£1.50,(£3.75/100g),cupboard,treats_snacks,2024-11-19
Walkers Wotsits Giants Prawn Cocktail Sharing Snacks Crisps 105g,£1.50,(£1.43/100g),cupboard,treats_snacks,2024-11-19
Properchips Sea Salt Lentil Chips 85g,£2.00,(£2.35/100g),cupboard,treats_snacks,2024-11-19
Kettle Sea Salt & Balsamic Vinegar of Modena 130g,£2.40,(£1.85/100g),cupboard,treats_snacks,2024-11-19
Olly's Pretzels Thins Multi-Seed Sesame Pretzel Thins,£1.95,(£1.39/100g),cupboard,treats_snacks,2024-11-19
ASDA Sour Cream & Chive 290g,£1.00,(34.5p/100g),cupboard,treats_snacks,2024-11-19
ASDA Extra Special Cheese Crispies,£1.85,(£1.85/100g),cupboard,treats_snacks,2024-11-19
Sensations Roast Chicken & Thyme Sharing Crisps 150g,£1.65,(£1.10/100g),cupboard,treats_snacks,2024-11-19
Walkers Wotsits Giants Flamin' Hot Sharing Crisps,£1.50,(£1.15/100g),cupboard,treats_snacks,2024-11-19
Walkers Sensations Salted & Black Peppercorn Sharing Crisps 150g,£1.65,(£1.10/100g),cupboard,treats_snacks,2024-11-19
Gusto Paprika Corn Puffs 100g,£1.35,(£1.35/100g),cupboard,treats_snacks,2024-11-19
Doritos Nacho Cheese Dip,£1.75,(62.5p/100g),cupboard,treats_snacks,2024-11-19
Cheetos Ketchup Sharing Snacks,£1.75,(£2.06/100g),cupboard,treats_snacks,2024-11-19
Space Raiders Pickled Onion Sharing Crisps,£1.25,(£1.45/100g),cupboard,treats_snacks,2024-11-19
Cheez-It Snap'd Cheese & Chilli Baked Snacks 150g,£2.00,(£1.33/100g),cupboard,treats_snacks,2024-11-19
Jacob's Mini Cheddars Original 260g,£2.00,(76.9p/100g),cupboard,treats_snacks,2024-11-19
Manomasa Chipotle & Lime 140g,£2.25,(£1.61/100g),cupboard,treats_snacks,2024-11-19
Jacob's Mini Twiglets 200g,£2.00,(£1.00/100g),cupboard,treats_snacks,2024-11-19
Lay's Green Onion Flavoured 130g,£2.50,(£1.92/100g),cupboard,treats_snacks,2024-11-19
ASDA Popped BBQ Flavour Lentil Chips 85g,£1.00,(£1.18/100g),cupboard,treats_snacks,2024-11-19
ASDA Extra Special Beef & Red Wine Gravy Flavour Hand Cooked Crisps 150g,£1.35,(90.0p/100g),cupboard,treats_snacks,2024-11-19
Olly's Pretzels Thins Sour Cream & Onion Pretzel Thins,£1.95,(£1.39/100g),cupboard,treats_snacks,2024-11-19
Jacob's Treeselets 280g,£2.00,(71.4p/100g),cupboard,treats_snacks,2024-11-19
Jacob's Cracker Crisps Salt & Balsamic Sharing Bag Snacks,£1.25,(83.3p/100g),cupboard,treats_snacks,2024-11-19
Doritos Tangy Cheese Tortilla Chips Multipack Crisps 5x30g,£2.00,(£1.33/100g),cupboard,treats_snacks,2024-11-19
Jacob's Cracker Crisps Sour Cream and Chive Snacks Sharing Bag 150g,£1.25,(83.3p/100g),cupboard,treats_snacks,2024-11-19
Doritos Chilli Heatwave Tortilla Chips Multipack Crisps 5x30g,£2.00,(£1.33/100g),cupboard,treats_snacks,2024-11-19
Pringles Hot Smokin BBQ Ribs Flavour 160g,£1.85,(£1.16/100g),cupboard,treats_snacks,2024-11-19
Doritos Cool Original Tortilla Chips Multipack Crisps 5x30g,£2.00,(£1.33/100g),cupboard,treats_snacks,2024-11-19
"Jacob's Crinklys Cheese & Onion Baked Snacks Share Bag, 150g",£1.50,(£1.00/100g),cupboard,treats_snacks,2024-11-19
Pringles Hot Kickin Sour Cream Flavour 160g,£1.85,(£1.16/100g),cupboard,treats_snacks,2024-11-19
Pringles Hot Flamin' Cheese Flavour 160g,£1.85,(£1.16/100g),cupboard,treats_snacks,2024-11-19
Pringles Hot Mexican Chilli & Lime Flavour 160g,£1.85,(£1.16/100g),cupboard,treats_snacks,2024-11-19
Pringles Texas BBQ Sauce Sharing Crisps,£1.50,(81.1p/100g),cupboard,treats_snacks,2024-11-19
Pringles Salt & Vinegar Sharing Crisps,£1.50,(81.1p/100g),cupboard,treats_snacks,2024-11-19
Jacob's Cracker Crisps Salt & Balsamic Sharing Bag Snacks,£1.25,(83.3p/100g),cupboard,treats_snacks,2024-11-19
Jacob's Cracker Crisps Sour Cream and Chive Snacks Sharing Bag 150g,£1.25,(83.3p/100g),cupboard,treats_snacks,2024-11-19
Doritos Tangy Cheese Tortilla Chips Multipack Crisps 5x30g,£2.00,(£1.33/100g),cupboard,treats_snacks,2024-11-19
Manomasa Chipotle & Lime 140g,£2.25,(£1.61/100g),cupboard,treats_snacks,2024-11-19
Doritos Cool Original Tortilla Chips Sharing Bag Crisps 180g,£1.65,(91.7p/100g),cupboard,treats_snacks,2024-11-19
Jacob's Twiglets Sharing Baked Snacks 150g,£2.50,(£1.67/100g),cupboard,treats_snacks,2024-11-19
Popchips Sour Cream & Onion Flavour Potato Snacks 23g,£1.10,(£4.78/100g),cupboard,treats_snacks,2024-11-19
"Jacob's Crinklys Salt & Vinegar Baked Snacks Share Bag, 150g",£1.50,(£1.00/100g),cupboard,treats_snacks,2024-11-19
Walkers Crinkles Cheddar Cheese & Onion Sharing Bag Crisps 140g,£1.50,(£1.07/100g),cupboard,treats_snacks,2024-11-19
Doritos Pizza Flavour Sharing Tortilla Chips Bundle,£5.00,null,cupboard,treats_snacks,2024-11-19
Seabrook Loaded Spicy Salsa Flavour Nacho Chips 130g,£1.75,(£1.35/100g),cupboard,treats_snacks,2024-11-19
Tropical Sun Cassava Chips Lightly Salted 80g,£1.70,(£2.12/100g),cupboard,treats_snacks,2024-11-19
Doritos Loaded Pepperoni Pizza Sharing Tortilla Chips Crisps 180g,£2.50,(£1.39/100g),cupboard,treats_snacks,2024-11-19
Grace Exotic Chips Tostones 75g,£1.60,(£2.13/100g),cupboard,treats_snacks,2024-11-19
Kettle Mature Cheddar & Red Onion Potato Chips 130g,£2.40,(£1.85/100g),cupboard,treats_snacks,2024-11-19
HIPPEAS Chickpea Puff Snacks Sriracha Chilli,£1.60,(£2.05/100g),cupboard,treats_snacks,2024-11-19
Walkers Sensations Thai Sweet Chilli Sharing Bag Crisps 150g,£1.65,(£1.10/100g),cupboard,treats_snacks,2024-11-19
Pringles Paprika Sharing Crisps,£1.50,(81.1p/100g),cupboard,treats_snacks,2024-11-19
Penn State Sea Salted Sharing Pretzels,£1.50,(85.7p/100g),cupboard,treats_snacks,2024-11-19
Pringles Hot Kickin Sour Cream Flavour 160g,£1.85,(£1.16/100g),cupboard,treats_snacks,2024-11-19
Cheetos Ketchup Sharing Snacks,£1.75,(£2.06/100g),cupboard,treats_snacks,2024-11-19
Olly's Pretzels Thins Salted Original Pretzel Thins,£1.95,(£1.39/100g),cupboard,treats_snacks,2024-11-19
Properchips Salt & Vinegar Lentil Chips,£2.00,(£2.35/100g),cupboard,treats_snacks,2024-11-19
Doritos Tangy Cheese Tortilla Chips Sharing Bag Crisps 180g,£1.65,(91.7p/100g),cupboard,treats_snacks,2024-11-19
Tyrrells Lentil Crisps Sweet Chilli & Red Pepper 80g,£2.50,(£3.12/100g),cupboard,treats_snacks,2024-11-19
Popworks Salted Toffee Sharing Popped Crisps 85g,£2.25,(£2.65/100g),cupboard,treats_snacks,2024-11-19
Cofresh Hot Bombay Mix Savoury Indian Snack,£1.40,(43.1p/100g),cupboard,treats_snacks,2024-11-19
Kettle Sea Salt & Balsamic Vinegar of Modena 130g,£2.40,(£1.85/100g),cupboard,treats_snacks,2024-11-19
Penn State Sour Cream & Chive Sharing Pretzels,£1.50,(85.7p/100g),cupboard,treats_snacks,2024-11-19
Properchips Sea Salt Lentil Chips 85g,£2.00,(£2.35/100g),cupboard,treats_snacks,2024-11-19
ASDA Mild Salsa 300g,£1.00,(33.3p/100g),cupboard,treats_snacks,2024-11-19
Doritos Variety Pack Tortilla Chips Multipack Crisps 12x30g,£3.00,(83.3p/100g),cupboard,treats_snacks,2024-11-19
Kettle Ridge Cut Asian Chilli Beef Potato Chips 130g,£2.40,(£1.85/100g),cupboard,treats_snacks,2024-11-19
Properchips Proper Chips Barbecue Lentil Chips 85g,£2.00,(£2.35/100g),cupboard,treats_snacks,2024-11-19
Popchips Sea Salt Sharing Crisps,£1.50,(£1.76/100g),cupboard,treats_snacks,2024-11-19
ASDA Sour Cream & Chive 290g,£1.00,(34.5p/100g),cupboard,treats_snacks,2024-11-19
Walkers Wotsits Giants Flamin' Hot Sharing Crisps,£1.50,(£1.15/100g),cupboard,treats_snacks,2024-11-19
Olly's Pretzels Thins Multi-Seed Sesame Pretzel Thins,£1.95,(£1.39/100g),cupboard,treats_snacks,2024-11-19
ASDA Extra Special Cheese Crispies,£1.85,(£1.85/100g),cupboard,treats_snacks,2024-11-19
Sensations Roast Chicken & Thyme Sharing Crisps 150g,£1.65,(£1.10/100g),cupboard,treats_snacks,2024-11-19
Discos Salt & Vinegar Sharing Crisps,£1.25,(£1.45/100g),cupboard,treats_snacks,2024-11-19
Doritos Dippers Sharing Tortilla Crisps & Pepsi Max Bundle,£5.50,null,cupboard,treats_snacks,2024-11-19
Walkers Monster Munch Giants Pickled Onion Crisps Sharing Bag,£1.50,(£1.76/100g),cupboard,treats_snacks,2024-11-19
Grace Exotic Chips Purple Sweet Potato 75g,£1.60,(£2.13/100g),cupboard,treats_snacks,2024-11-19
Doritos Dippers A Hint of Salt Sharing Tortilla Chips Crisps 230g,£1.75,(76.1p/100g),cupboard,treats_snacks,2024-11-19
Tyrrells Veg Crisps 125g,£2.00,(£1.60/100g),cupboard,treats_snacks,2024-11-19
Jacob's Cracker Crisps Salt & Balsamic Sharing Bag Snacks,£1.25,(83.3p/100g),cupboard,treats_snacks,2024-11-19
Doritos Tangy Cheese Tortilla Chips Multipack Crisps 5x30g,£2.00,(£1.33/100g),cupboard,treats_snacks,2024-11-19
Jacob's Cracker Crisps Sour Cream and Chive Snacks Sharing Bag 150g,£1.25,(83.3p/100g),cupboard,treats_snacks,2024-11-19
Doritos Chilli Heatwave Tortilla Chips Multipack Crisps 5x30g,£2.00,(£1.33/100g),cupboard,treats_snacks,2024-11-19
Pringles Hot Smokin BBQ Ribs Flavour 160g,£1.85,(£1.16/100g),cupboard,treats_snacks,2024-11-19
Doritos Cool Original Tortilla Chips Multipack Crisps 5x30g,£2.00,(£1.33/100g),cupboard,treats_snacks,2024-11-19
"Jacob's Crinklys Cheese & Onion Baked Snacks Share Bag, 150g",£1.50,(£1.00/100g),cupboard,treats_snacks,2024-11-19
Pringles Hot Kickin Sour Cream Flavour 160g,£1.85,(£1.16/100g),cupboard,treats_snacks,2024-11-19
Pringles Hot Flamin' Cheese Flavour 160g,£1.85,(£1.16/100g),cupboard,treats_snacks,2024-11-19
Pringles Hot Mexican Chilli & Lime Flavour 160g,£1.85,(£1.16/100g),cupboard,treats_snacks,2024-11-19
Pringles Texas BBQ Sauce Sharing Crisps,£1.50,(81.1p/100g),cupboard,treats_snacks,2024-11-19
Pringles Salt & Vinegar Sharing Crisps,£1.50,(81.1p/100g),cupboard,treats_snacks,2024-11-19
Jacob's Cracker Crisps Salt & Balsamic Sharing Bag Snacks,£1.25,(83.3p/100g),cupboard,treats_snacks,2024-11-19
Jacob's Cracker Crisps Sour Cream and Chive Snacks Sharing Bag 150g,£1.25,(83.3p/100g),cupboard,treats_snacks,2024-11-19
Doritos Tangy Cheese Tortilla Chips Multipack Crisps 5x30g,£2.00,(£1.33/100g),cupboard,treats_snacks,2024-11-19
Discos Salt & Vinegar Sharing Crisps,£1.25,(£1.45/100g),cupboard,treats_snacks,2024-11-19
Popchips Sea Salt Sharing Crisps,£1.50,(£1.76/100g),cupboard,treats_snacks,2024-11-19
Grace Exotic Chips Purple Sweet Potato 75g,£1.60,(£2.13/100g),cupboard,treats_snacks,2024-11-19
Properchips Proper Chips Barbecue Lentil Chips 85g,£2.00,(£2.35/100g),cupboard,treats_snacks,2024-11-19
Tyrrells Sea Salt & Cider Vinegar Sharing Crisps,£2.50,(£1.67/100g),cupboard,treats_snacks,2024-11-19
Jacob's Cracker Crisps Salt & Balsamic Sharing Bag Snacks,£1.25,(83.3p/100g),cupboard,treats_snacks,2024-11-19
Doritos Tangy Cheese Tortilla Chips Multipack Crisps 5x30g,£2.00,(£1.33/100g),cupboard,treats_snacks,2024-11-19
Jacob's Cracker Crisps Sour Cream and Chive Snacks Sharing Bag 150g,£1.25,(83.3p/100g),cupboard,treats_snacks,2024-11-19
Doritos Chilli Heatwave Tortilla Chips Multipack Crisps 5x30g,£2.00,(£1.33/100g),cupboard,treats_snacks,2024-11-19
Pringles Hot Smokin BBQ Ribs Flavour 160g,£1.85,(£1.16/100g),cupboard,treats_snacks,2024-11-19
Doritos Cool Original Tortilla Chips Multipack Crisps 5x30g,£2.00,(£1.33/100g),cupboard,treats_snacks,2024-11-19
"Jacob's Crinklys Cheese & Onion Baked Snacks Share Bag, 150g",£1.50,(£1.00/100g),cupboard,treats_snacks,2024-11-19
Pringles Hot Kickin Sour Cream Flavour 160g,£1.85,(£1.16/100g),cupboard,treats_snacks,2024-11-19
Pringles Hot Flamin' Cheese Flavour 160g,£1.85,(£1.16/100g),cupboard,treats_snacks,2024-11-19
Pringles Hot Mexican Chilli & Lime Flavour 160g,£1.85,(£1.16/100g),cupboard,treats_snacks,2024-11-19
Pringles Texas BBQ Sauce Sharing Crisps,£1.50,(81.1p/100g),cupboard,treats_snacks,2024-11-19
Pringles Salt & Vinegar Sharing Crisps,£1.50,(81.1p/100g),cupboard,treats_snacks,2024-11-19
ASDA Cool Tortilla Chips 180g,£0.99,(55.0p/100g),cupboard,treats_snacks,2024-11-19
ASDA Mild Salsa 300g,£1.00,(33.3p/100g),cupboard,treats_snacks,2024-11-19
ASDA Lightly Salted Tortilla Chips 180g,£0.99,(55.0p/100g),cupboard,treats_snacks,2024-11-19
ASDA Sour Cream & Chive 290g,£1.00,(34.5p/100g),cupboard,treats_snacks,2024-11-19
Doritos Cool Original Tortilla Chips Sharing Bag Crisps 180g,£1.65,(91.7p/100g),cupboard,treats_snacks,2024-11-19
ASDA Nacho Cheese 280g,£1.50,(53.6p/100g),cupboard,treats_snacks,2024-11-19
Doritos Chilli Heatwave Tortilla Chips Sharing Bag Crisps 180g,£1.65,(91.7p/100g),cupboard,treats_snacks,2024-11-19
Doritos Tangy Cheese Tortilla Chips Sharing Bag Crisps 180g,£1.65,(91.7p/100g),cupboard,treats_snacks,2024-11-19
Doritos Nacho Cheese Dip,£1.75,(62.5p/100g),cupboard,treats_snacks,2024-11-19
Doritos Tangy Cheese Tortilla Chips Multipack Crisps 5x30g,£2.00,(£1.33/100g),cupboard,treats_snacks,2024-11-19
ASDA Hot Salsa 300g,£1.00,(33.3p/100g),cupboard,treats_snacks,2024-11-19
ASDA Free From Lightly Salted Tortilla Chips 180g,£1.00,(55.6p/100g),cupboard,treats_snacks,2024-11-19
Manomasa Manchego & Green Olive,£2.25,(£1.61/100g),cupboard,treats_snacks,2024-11-19
Doritos Cool Sour Cream & Chives Dip,£1.75,(62.5p/100g),cupboard,treats_snacks,2024-11-19
ASDA Guacamole 270g,£1.50,(55.6p/100g),cupboard,treats_snacks,2024-11-19
Seabrook Loaded Nacho Chips Chilli Beef Flavour 130g,£1.75,(£1.35/100g),cupboard,treats_snacks,2024-11-19
Old El Paso Gluten Free Mexican Original Crunchy Nachips Chips,£2.00,(£1.08/100g),cupboard,treats_snacks,2024-11-19
Seabrook Loaded Nacho Chips Chipotle Sour Cream Flavour 130g,£1.75,(£1.35/100g),cupboard,treats_snacks,2024-11-19
Doritos Dippers Sharing Tortilla Crisps & Pulled Pork Nachos Bundle,£11.00,null,cupboard,treats_snacks,2024-11-19
Old El Paso Gluten Free Mexican Crunchy Salted Tortilla Chips,£1.75,(94.6p/100g),cupboard,treats_snacks,2024-11-19
Doritos Dippers Hint of Paprika Sharing Tortilla Chips Crisps 230g,£1.75,(76.1p/100g),cupboard,treats_snacks,2024-11-19
Doritos Cool Original Tortilla Chips Multipack Crisps 5x30g,£2.00,(£1.33/100g),cupboard,treats_snacks,2024-11-19
ASDA Sour Cream 280g,£1.50,(53.6p/100g),cupboard,treats_snacks,2024-11-19
Doritos Chilli Heatwave Tortilla Chips Multipack Crisps 5x30g,£2.00,(£1.33/100g),cupboard,treats_snacks,2024-11-19
Doritos Dippers Hint of Sour Cream & Onion Sharing Tortilla Chips Crisps 230g,£1.75,(76.1p/100g),cupboard,treats_snacks,2024-11-19
Doritos Extra Flamin' Hot Sharing Bag Crisps 163g,£2.50,(£1.53/100g),cupboard,treats_snacks,2024-11-19
Seabrook Loaded Spicy Salsa Flavour Nacho Chips 130g,£1.75,(£1.35/100g),cupboard,treats_snacks,2024-11-19
Doritos Pizza Flavour Sharing Tortilla Chips Bundle,£5.00,null,cupboard,treats_snacks,2024-11-19
Manomasa Chipotle & Lime 140g,£2.25,(£1.61/100g),cupboard,treats_snacks,2024-11-19
Doritos Dippers A Hint of Salt Sharing Tortilla Chips Crisps 230g,£1.75,(76.1p/100g),cupboard,treats_snacks,2024-11-19
Doritos Mild Salsa Dip,£1.75,(58.3p/100g),cupboard,treats_snacks,2024-11-19
Doritos Variety Pack Tortilla Chips Multipack Crisps 12x30g,£3.00,(83.3p/100g),cupboard,treats_snacks,2024-11-19
Doritos Dippers Sharing Tortilla Crisps & Pepsi Max Bundle,£5.50,null,cupboard,treats_snacks,2024-11-19
Doritos Hot Salsa Dip,£1.75,(58.3p/100g),cupboard,treats_snacks,2024-11-19
Sensations Thai Sweet Chilli Coated Peanuts,£1.50,(£1.00/100g),cupboard,seed_nuts,2024-11-19
Sensations Honey & Salt Roasted Sharing Peanuts 145g,£1.50,(£1.03/100g),cupboard,seed_nuts,2024-11-19
Sensations Smoked Chilli Coated Sharing Peanuts 150g,£1.50,(£1.00/100g),cupboard,seed_nuts,2024-11-19
ASDA BBQ Flavour Crispy Peanuts 200g,£2.00,(£1.00/100g),cupboard,seed_nuts,2024-11-19
ASDA Dry Roasted Peanuts 200g,£1.35,(67.5p/100g),cupboard,seed_nuts,2024-11-19
ASDA Salted Peanuts 500g,£2.00,(40.0p/100g),cupboard,seed_nuts,2024-11-19
ASDA Honey Roasted Peanuts 200g,£1.50,(75.0p/100g),cupboard,seed_nuts,2024-11-19
ASDA Cashews 200g,£2.00,(£1.00/100g),cupboard,seed_nuts,2024-11-19
ASDA Mixed Nut Selection 190g,£1.75,(92.1p/100g),cupboard,seed_nuts,2024-11-19
ASDA Banana Chips 75g,£0.90,(£1.20/100g),cupboard,seed_nuts,2024-11-19
ASDA Banana Chips 150g,£1.10,(£7.33/kg),cupboard,seed_nuts,2024-11-19
ASDA Roasted & Salted Almonds,£2.25,(£1.12/100g),cupboard,seed_nuts,2024-11-19
Whitworths Toffee & Pecan Shots 4 Pack,£1.25,(£1.25/100g),cupboard,seed_nuts,2024-11-19
Kellogg's Fruit Winders Apple & Strawberry Flavour 5 x 17g,£2.00,(£2.35/100g),cupboard,seed_nuts,2024-11-19
ASDA Prunes,£3.60,(£7.20/kg),cupboard,seed_nuts,2024-11-19
"ASDA Mixed Nuts Selection with Almonds, Peanuts, Cashews & Pecans 500g",£4.50,(90.0p/100g),cupboard,seed_nuts,2024-11-19
ASDA Roasted & Salted Mixed Nuts 200g,£2.25,(£1.12/100g),cupboard,seed_nuts,2024-11-19
ASDA Pine Nuts 100g,£3.00,(£30.00/kg),cupboard,seed_nuts,2024-11-19
ASDA Dry Roasted Peanuts 500g,£2.00,(40.0p/100g),cupboard,seed_nuts,2024-11-19
ASDA Raw Monkey Nuts,£1.50,(50.0p/100g),cupboard,seed_nuts,2024-11-19
BEAR Fruit Gently Baked Pineapple 100g,£2.60,(£2.60/100g),cupboard,seed_nuts,2024-11-19
KP Dry Roasted Peanuts,£2.75,(£1.10/100g),cupboard,seed_nuts,2024-11-19
ASDA Cashew & Raisin Mix 250g,£2.00,(80.0p/100g),cupboard,seed_nuts,2024-11-19
ASDA Almonds 180g,£1.75,(97.2p/100g),cupboard,seed_nuts,2024-11-19
ASDA Moreish Belgian Blonde Chocolate Brazil Nuts 120g,£2.50,(£2.08/100g),cupboard,seed_nuts,2024-11-19
ASDA Honey Roasted Cashews 150g,£2.25,(£1.50/100g),cupboard,seed_nuts,2024-11-19
ASDA Pistachios 150g,£3.00,(£20.00/kg),cupboard,seed_nuts,2024-11-19
KP Original Salted Peanuts,£2.75,(£1.10/100g),cupboard,seed_nuts,2024-11-19
Walkers Max Strong Chilli & Lime Sharing Double Coated Peanuts,£2.50,(£1.43/100g),cupboard,seed_nuts,2024-11-19
Whitworths Soft Dates,£2.00,(£6.67/kg),cupboard,seed_nuts,2024-11-19
ASDA Glace Cherries,£1.80,(£9.00/kg),cupboard,seed_nuts,2024-11-19
ASDA Sunflower Seeds 150g,£0.80,(5.3p/10g),cupboard,seed_nuts,2024-11-19
ASDA Almonds 200g,£2.00,(£1.00/100g),cupboard,seed_nuts,2024-11-19
Whitworths Berry & White Chocolate Shots 4 Pack,£1.25,(£1.25/100g),cupboard,seed_nuts,2024-11-19
Forest Feast Slow Roasted Nut Mix 120g,£3.40,(£2.83/100g),cupboard,seed_nuts,2024-11-19
ASDA Terrific Walnuts 350g,£2.00,(57.1p/100g),cupboard,seed_nuts,2024-11-19
ASDA Redskin Peanuts 200g,£0.90,(45.0p/100g),cupboard,seed_nuts,2024-11-19
Whitworths Desiccated Coconut,£2.00,(£1.00/100g),cupboard,seed_nuts,2024-11-19
ASDA Golden Linseeds 150g,£0.80,(5.3p/10g),cupboard,seed_nuts,2024-11-19
Kiddylicious Mango & Passion Fruit Smoothie Melts 12+ Months,£0.80,(£13.33/100g),cupboard,seed_nuts,2024-11-19
ASDA Fabulous Crème Brûlée Flavour Cashews 150g,£2.25,(£1.50/100g),cupboard,seed_nuts,2024-11-19
Budweiser Buffalo Chicken Wings Crispy Coated Peanuts 150g,£1.25,(83.3p/100g),cupboard,seed_nuts,2024-11-19
ASDA Pine Nuts 100g,£3.00,(£3.00/100g),cupboard,seed_nuts,2024-11-19
"The Fruit Factory Fruit Strings Strawberry, Apple and Orange 5 Pack",£2.30,(£2.30/100g),cupboard,seed_nuts,2024-11-19
Natco Roasted & Salted Jumbo Pistachio Nuts,£7.50,(£1.50/100g),cupboard,seed_nuts,2024-11-19
Sensations Thai Sweet Chilli Coated Peanuts,£1.50,(£1.00/100g),cupboard,seed_nuts,2024-11-19
Sensations Honey & Salt Roasted Sharing Peanuts 145g,£1.50,(£1.03/100g),cupboard,seed_nuts,2024-11-19
Sensations Smoked Chilli Coated Sharing Peanuts 150g,£1.50,(£1.00/100g),cupboard,seed_nuts,2024-11-19
Walkers Max Strong Chilli & Lime Sharing Double Coated Peanuts,£2.50,(£1.43/100g),cupboard,seed_nuts,2024-11-19
Walkers Max Strong Jalapeño & Cheese Sharing Double Coated Peanuts,£2.50,(£1.43/100g),cupboard,seed_nuts,2024-11-19
Sensations Thai Sweet Chilli Coated Peanuts,£1.50,(£1.00/100g),cupboard,seed_nuts,2024-11-19
Sensations Honey & Salt Roasted Sharing Peanuts 145g,£1.50,(£1.03/100g),cupboard,seed_nuts,2024-11-19
Walkers Max Strong Jalapeño & Cheese Sharing Double Coated Peanuts,£2.50,(£1.43/100g),cupboard,seed_nuts,2024-11-19
ASDA Prunes,£3.60,(£7.20/kg),cupboard,seed_nuts,2024-11-19
Whitworths Toffee & Pecan Shots 4 Pack,£1.25,(£1.25/100g),cupboard,seed_nuts,2024-11-19
Whitworths Whitworths Fantastic Figs 175g,£2.00,(£11.43/kg),cupboard,seed_nuts,2024-11-19
ASDA Desiccated Coconut 150g,£1.45,(96.7p/100g),cupboard,seed_nuts,2024-11-19
ASDA Fruit & Nut Selection 60g,£0.89,(£1.48/100g),cupboard,seed_nuts,2024-11-19
Budweiser Buffalo Chicken Wings Crispy Coated Peanuts 150g,£1.25,(83.3p/100g),cupboard,seed_nuts,2024-11-19
"The Fruit Factory Fruit Strings Strawberry, Apple and Orange 5 Pack",£2.30,(£2.30/100g),cupboard,seed_nuts,2024-11-19
ASDA Pine Nuts 100g,£3.00,(£3.00/100g),cupboard,seed_nuts,2024-11-19
Natco Roasted & Salted Jumbo Pistachio Nuts,£7.50,(£1.50/100g),cupboard,seed_nuts,2024-11-19
ASDA Roasted & Salted Almonds,£2.25,(£1.12/100g),cupboard,seed_nuts,2024-11-19
ASDA Salt & Vinegar Peanuts,£1.50,(£1.00/100g),cupboard,seed_nuts,2024-11-19
ASDA Fabulous Crème Brûlée Flavour Cashews 150g,£2.25,(£1.50/100g),cupboard,seed_nuts,2024-11-19
Forest Feast Peanut Butter & Milk Chocolate Dates 140g,£3.85,(£2.75/100g),cupboard,seed_nuts,2024-11-19
KP Flavour Kravers Crunchy Coated Aromatic Thai Chilli Flavour Peanuts 130g,£2.00,(£1.54/100g),cupboard,seed_nuts,2024-11-19
BEAR Marvellous Mango Yoyos 4 x 20g,£1.75,(£2.19/100g),cupboard,seed_nuts,2024-11-19
ASDA Extra Special Chandler Walnuts,£2.50,(£1.67/100g),cupboard,seed_nuts,2024-11-19
KP Salt & Vinegar Peanuts,£3.25,(£1.44/100g),cupboard,seed_nuts,2024-11-19
BEAR 5 Fruit Splits Raspberry Pineapple 100g,£2.85,(£2.85/100g),cupboard,seed_nuts,2024-11-19
ASDA Walnuts 200g,£2.25,(£1.12/100g),cupboard,seed_nuts,2024-11-19
KP Honey Roast Peanuts 375g,£4.25,(£1.13/100g),cupboard,seed_nuts,2024-11-19
ASDA Roasted & Salted Pistachios 200g,£2.75,(£1.38/100g),cupboard,seed_nuts,2024-11-19
BEAR Pure Fruit Paws Raspberry & Blueberry 5 Pack,£2.80,(56.0p/each),cupboard,seed_nuts,2024-11-19
ASDA Sweet Chilli Flavour Crispy Peanuts 200g,£2.00,(£1.00/100g),cupboard,seed_nuts,2024-11-19
ASDA Cashews 500g,£4.50,(90.0p/100g),cupboard,seed_nuts,2024-11-19
Ella's Kitchen Squishy Snack Apple Strawberry + Beetroot 3+ Years,£3.25,(81.2p/100g),cupboard,seed_nuts,2024-11-19
ASDA Delicious Tikka Curry Flavour Peanuts 150g,£1.50,(£1.00/100g),cupboard,seed_nuts,2024-11-19
Ella's Kitchen Squishy Snack Pumpkin + Mango 3+ Years,£3.25,(81.2p/100g),cupboard,seed_nuts,2024-11-19
"ASDA Raisins, Berries & Cherries 250g",£2.00,(80.0p/100g),cupboard,seed_nuts,2024-11-19
ASDA Mixed Fruit,£1.60,(£3.20/kg),cupboard,seed_nuts,2024-11-19
ASDA Mini Raisin Snack Boxes 10 x 14g (140g),£1.00,(71.4p/100g),cupboard,seed_nuts,2024-11-19
Opies Stem Ginger in Syrup,£2.60,(£9.29/kg),cupboard,seed_nuts,2024-11-19
ASDA Fruit & Nut Selection 300g,£2.00,(66.7p/100g),cupboard,seed_nuts,2024-11-19
ASDA Three Seed Mix 150g,£1.00,(6.7p/10g),cupboard,seed_nuts,2024-11-19
ASDA Habanero Chilli Peanuts 200g,£1.50,(75.0p/100g),cupboard,seed_nuts,2024-11-19
ASDA Macadamia Nuts 100g,£2.75,(£27.50/kg),cupboard,seed_nuts,2024-11-19
Forest Feast Slow Roasted Salt & Vinegar Nut Mix 120g,£3.40,(£2.83/100g),cupboard,seed_nuts,2024-11-19
Budweiser Flame Grilled Rib Crispy Coated Peanuts 150g,£1.25,(83.3p/100g),cupboard,seed_nuts,2024-11-19
ASDA Pesto Flavour Cashews 150g,£2.25,(£1.50/100g),cupboard,seed_nuts,2024-11-19
ASDA Smoky Sage & Onion Flavoured Peanuts 150g,£1.50,(£1.00/100g),cupboard,seed_nuts,2024-11-19
BEAR Fruit Gently Baked Mango & Passionfruit 85g,£2.60,(£3.06/100g),cupboard,seed_nuts,2024-11-19
"ASDA Almonds, Walnuts, Cashews & Hazelnuts Nut Selection 200g",£2.00,(£1.00/100g),cupboard,seed_nuts,2024-11-19
"ASDA Almonds, Walnuts, Cashews & Hazelnuts Nut Selection 60g",£0.89,(£1.48/100g),cupboard,seed_nuts,2024-11-19
ASDA Walnut Pieces 150g,£1.60,(£10.67/kg),cupboard,seed_nuts,2024-11-19
ASDA Salted Peanuts 200g,£1.35,(67.5p/100g),cupboard,seed_nuts,2024-11-19
Sensations Thai Sweet Chilli Coated Peanuts,£1.50,(£1.00/100g),cupboard,seed_nuts,2024-11-19
Sensations Honey & Salt Roasted Sharing Peanuts 145g,£1.50,(£1.03/100g),cupboard,seed_nuts,2024-11-19
Walkers Max Strong Jalapeño & Cheese Sharing Double Coated Peanuts,£2.50,(£1.43/100g),cupboard,seed_nuts,2024-11-19
Sensations Smoked Chilli Coated Sharing Peanuts 150g,£1.50,(£1.00/100g),cupboard,seed_nuts,2024-11-19
Walkers Max Strong Chilli & Lime Sharing Double Coated Peanuts,£2.50,(£1.43/100g),cupboard,seed_nuts,2024-11-19
Sensations Thai Sweet Chilli Coated Peanuts,£1.50,(£1.00/100g),cupboard,seed_nuts,2024-11-19
Sensations Honey & Salt Roasted Sharing Peanuts 145g,£1.50,(£1.03/100g),cupboard,seed_nuts,2024-11-19
Walkers Max Strong Jalapeño & Cheese Sharing Double Coated Peanuts,£2.50,(£1.43/100g),cupboard,seed_nuts,2024-11-19
KP Flavour Kravers Crunchy Coated Katsu Curry Flavour Peanuts 130g,£2.00,(£1.54/100g),cupboard,seed_nuts,2024-11-19
ASDA Brazil Nuts,£2.40,(£1.20/100g),cupboard,seed_nuts,2024-11-19
KP Snack Pack Original Salted Peanuts 30g,£0.90,(£3.00/100g),cupboard,seed_nuts,2024-11-19
ASDA Seedless Raisins 1kg,£2.40,(£2.40/kg),cupboard,seed_nuts,2024-11-19
ASDA Flaked Almonds 150g,£1.25,(£8.33/kg),cupboard,seed_nuts,2024-11-19
BEAR 5 Fruit Splits Strawberry & Apple 100g,£2.85,(£2.85/100g),cupboard,seed_nuts,2024-11-19
KP Salted Peanuts Multipack,£3.25,(£2.17/100g),cupboard,seed_nuts,2024-11-19
KP Flavour Kravers Flame Grilled Steak Peanuts,£1.50,(£1.07/100g),cupboard,seed_nuts,2024-11-19
Whitworths Whole Cranberries 130g,£2.00,(£15.38/kg),cupboard,seed_nuts,2024-11-19
BEAR Pure Fruit Paws Raspberry & Blueberry 5 Pack,£2.80,(56.0p/each),cupboard,seed_nuts,2024-11-19
ASDA Sweet Chilli Flavour Crispy Peanuts 200g,£2.00,(£1.00/100g),cupboard,seed_nuts,2024-11-19
ASDA Cashews 500g,£4.50,(90.0p/100g),cupboard,seed_nuts,2024-11-19
Natco Roasted & Salted Jumbo Pistachio Nuts,£7.50,(£1.50/100g),cupboard,seed_nuts,2024-11-19
Taylor & Colledge Organic Vanilla 2 Pods,£6.45,null,cupboard,seed_nuts,2024-11-19
ASDA Pistachios in Shell 50g,£0.89,(£1.78/100g),cupboard,seed_nuts,2024-11-19
BEAR Fruit Strawberries 35g,£1.10,(£3.14/100g),cupboard,seed_nuts,2024-11-19
BEAR Refreshing Raspberry Yoyos 4 x 20g,£1.75,(£2.19/100g),cupboard,seed_nuts,2024-11-19
ASDA Chopped Mixed Nuts 150g,£1.25,(£8.33/kg),cupboard,seed_nuts,2024-11-19
ASDA Smoky Sage & Onion Flavoured Peanuts 150g,£1.50,(£1.00/100g),cupboard,seed_nuts,2024-11-19
ASDA Sultanas 500g,£1.85,(£3.70/kg),cupboard,seed_nuts,2024-11-19
ASDA Pecans,£3.20,(£1.60/100g),cupboard,seed_nuts,2024-11-19
ASDA Sweet & Crisp Fruit Selection 200g,£1.69,(£8.45/kg),cupboard,seed_nuts,2024-11-19
ASDA Chopped Almonds 100g,£1.00,(£10.00/kg),cupboard,seed_nuts,2024-11-19
ASDA Roasted Monkey Nuts,£1.50,(50.0p/100g),cupboard,seed_nuts,2024-11-19
ASDA Extra Special Medjoul Dates,£4.75,(£9.50/kg),cupboard,seed_nuts,2024-11-19
BEAR Pure Fruit Paws Strawberry & Apple 5 Pack,£2.80,(56.0p/each),cupboard,seed_nuts,2024-11-19
ASDA Extra Special Baked Nut Mix,£2.50,(£1.43/100g),cupboard,seed_nuts,2024-11-19
ASDA Yogurt Coated Raisin Snack Bags 5 x 25g (125g),£2.00,(£1.60/100g),cupboard,seed_nuts,2024-11-19
ASDA Strawberry Yogurt Pieces,£1.90,(£1.52/100g),cupboard,seed_nuts,2024-11-19
Whitworths Orchard Prunes 190g,£2.00,(£10.53/kg),cupboard,seed_nuts,2024-11-19
ASDA Almonds 60g,£0.89,(£1.48/100g),cupboard,seed_nuts,2024-11-19
ASDA Extra Special Fruit & Nut Mix,£2.50,(£1.25/100g),cupboard,seed_nuts,2024-11-19
KP Honey Roast Peanuts 5 x 30g,£3.25,(£2.17/100g),cupboard,seed_nuts,2024-11-19
BEAR Brilliant Blackcurrant Yoyos 4 x 20g,£1.75,(£2.19/100g),cupboard,seed_nuts,2024-11-19
Kiddylicious Apple Fruit Wriggles 12+ Months,£0.80,(£6.67/100g),cupboard,seed_nuts,2024-11-19
KP Spicy Chilli Peanuts,£3.25,(£1.44/100g),cupboard,seed_nuts,2024-11-19
ASDA Home Baking Mixed Peel,£1.30,(£6.50/kg),cupboard,seed_nuts,2024-11-19
The Fruit Factory Strawberry Fruit Strings,£2.30,(£2.30/100g),cupboard,seed_nuts,2024-11-19
ASDA Tasty Mincemeat 411g,£1.60,(£3.89/kg),cupboard,seed_nuts,2024-11-19
ASDA Juicy & Sweet Fruit Medley 200g,£2.00,(£10.00/kg),cupboard,seed_nuts,2024-11-19
ASDA Apricots,£3.60,(£7.20/kg),cupboard,seed_nuts,2024-11-19
ASDA Ground Almonds 150g,£1.00,(£6.67/kg),cupboard,seed_nuts,2024-11-19
BEAR Scrumptious Strawberry Yoyos 4 x 20g,£1.75,(£2.19/100g),cupboard,seed_nuts,2024-11-19
ASDA Dates 500g,£3.40,(£6.80/kg),cupboard,seed_nuts,2024-11-19
KP Honey Roast Peanuts,£3.25,(£1.44/100g),cupboard,seed_nuts,2024-11-19
ASDA Sour Cream & Onion Flavour Baked Peanuts 150g,£1.50,(£1.00/100g),cupboard,seed_nuts,2024-11-19
Whitworths Crystallised Fiery Ginger,£2.00,(£11.43/kg),cupboard,seed_nuts,2024-11-19
ASDA Extra Special Ruby Port & Brandy Mincemeat 411g,£2.10,(£5.11/kg),cupboard,seed_nuts,2024-11-19
ASDA Sweet Chilli Flavour Edamame Beans 120g,£1.25,(£1.04/100g),cupboard,seed_nuts,2024-11-19
ASDA Fabulous Hazelnuts 350g,£2.75,(78.6p/100g),cupboard,seed_nuts,2024-11-19
Forest Feast Preda Fair Trade Mango 100g,£3.90,(£3.90/100g),cupboard,seed_nuts,2024-11-19
Sensations Thai Sweet Chilli Coated Peanuts,£1.50,(£1.00/100g),cupboard,seed_nuts,2024-11-19
Sensations Honey & Salt Roasted Sharing Peanuts 145g,£1.50,(£1.03/100g),cupboard,seed_nuts,2024-11-19
Walkers Max Strong Jalapeño & Cheese Sharing Double Coated Peanuts,£2.50,(£1.43/100g),cupboard,seed_nuts,2024-11-19
Sensations Smoked Chilli Coated Sharing Peanuts 150g,£1.50,(£1.00/100g),cupboard,seed_nuts,2024-11-19
Walkers Max Strong Chilli & Lime Sharing Double Coated Peanuts,£2.50,(£1.43/100g),cupboard,seed_nuts,2024-11-19
Sensations Thai Sweet Chilli Coated Peanuts,£1.50,(£1.00/100g),cupboard,seed_nuts,2024-11-19
Sensations Honey & Salt Roasted Sharing Peanuts 145g,£1.50,(£1.03/100g),cupboard,seed_nuts,2024-11-19
Walkers Max Strong Jalapeño & Cheese Sharing Double Coated Peanuts,£2.50,(£1.43/100g),cupboard,seed_nuts,2024-11-19
ASDA Salt & Vinegar Peanuts 150g,£1.50,(£1.00/100g),cupboard,seed_nuts,2024-11-19
Kellogg's Fruit Winders Strawberry Snack,£2.00,(£2.35/100g),cupboard,seed_nuts,2024-11-19
ASDA Walnuts 180g,£1.75,(97.2p/100g),cupboard,seed_nuts,2024-11-19
JUST ESSENTIALS by ASDA Roasted & Salted Cashew Nuts,£0.99,(79.2p/100g),cupboard,seed_nuts,2024-11-19
Snack Treat Peanut Bar,£0.65,(£1.44/100g),cupboard,seed_nuts,2024-11-19
KP Spicy Chilli Peanuts,£3.25,(£1.44/100g),cupboard,seed_nuts,2024-11-19
BEAR Brilliant Blackcurrant Yoyos 4 x 20g,£1.75,(£2.19/100g),cupboard,seed_nuts,2024-11-19
Kiddylicious Apple Fruit Wriggles 12+ Months,£0.80,(£6.67/100g),cupboard,seed_nuts,2024-11-19
ASDA Home Baking Mixed Peel,£1.30,(£6.50/kg),cupboard,seed_nuts,2024-11-19
ASDA Yogurt Coated Raisin Snack Bags 5 x 25g (125g),£2.00,(£1.60/100g),cupboard,seed_nuts,2024-11-19
ASDA Sour Cream & Onion Flavour Baked Peanuts 150g,£1.50,(£1.00/100g),cupboard,seed_nuts,2024-11-19
ASDA Tasty Mincemeat 411g,£1.60,(£3.89/kg),cupboard,seed_nuts,2024-11-19
ASDA Strawberry Yogurt Pieces,£1.90,(£1.52/100g),cupboard,seed_nuts,2024-11-19
KP Honey Roast Peanuts 5 x 30g,£3.25,(£2.17/100g),cupboard,seed_nuts,2024-11-19
ASDA Extra Special Baked Nut Mix,£2.50,(£1.43/100g),cupboard,seed_nuts,2024-11-19
Kiddylicious Raspberry Crispie Tiddlers 12+ Months,£0.80,(£6.67/100g),cupboard,seed_nuts,2024-11-19
ASDA Cashew Nuts 150g,£1.50,(£10.00/kg),cupboard,seed_nuts,2024-11-19
ASDA Cranberries 100g,£0.90,(£9.00/kg),cupboard,seed_nuts,2024-11-19
ASDA Roasted & Salted Cashews 200g,£2.25,(£1.12/100g),cupboard,seed_nuts,2024-11-19
Opies Cocktail Cherries Maraschino Flavour,£2.05,(£1.64/100g),cupboard,seed_nuts,2024-11-19
Ella's Kitchen Squishy Snack Pear + Cucumber 3+ Years,£3.25,(81.2p/100g),cupboard,seed_nuts,2024-11-19
ASDA Pumpkin Seeds 150g,£1.20,(8.0p/10g),cupboard,seed_nuts,2024-11-19
KP Unsalted Peanuts,£2.75,(£1.10/100g),cupboard,seed_nuts,2024-11-19
Tropical Sun Crunchy Coconut Peanuts,£2.50,(£1.52/100g),cupboard,seed_nuts,2024-11-19
ASDA Pecans 150g,£1.65,(£11.00/kg),cupboard,seed_nuts,2024-11-19
KP Dry Roasted Peanuts 375g,£4.25,(£1.13/100g),cupboard,seed_nuts,2024-11-19
ASDA Fabulous Hazelnuts 350g,£2.75,(78.6p/100g),cupboard,seed_nuts,2024-11-19
ASDA Cashews 60g,£0.89,(£1.48/100g),cupboard,seed_nuts,2024-11-19
KP Dry Roasted Peanuts Multipack,£3.25,(£2.17/100g),cupboard,seed_nuts,2024-11-19
JUST ESSENTIALS by ASDA Sultanas,£1.10,(£2.20/kg),cupboard,seed_nuts,2024-11-19
Kiddylicious Strawberry Fruit Wriggles 12+ Months,£2.50,(£5.21/100g),cupboard,seed_nuts,2024-11-19
Forest Feast Preda Fair Trade Mango 100g,£3.90,(£3.90/100g),cupboard,seed_nuts,2024-11-19
ASDA Salted Caramel Flavour Peanuts & Cashews 300g,£2.50,(83.3p/100g),cupboard,seed_nuts,2024-11-19
BEAR Scrumptious Strawberry Yoyos 4 x 20g,£1.75,(£2.19/100g),cupboard,seed_nuts,2024-11-19
KP Honey Roast Peanuts,£3.25,(£1.44/100g),cupboard,seed_nuts,2024-11-19
ASDA Walnut Halves,£1.40,(£9.33/kg),cupboard,seed_nuts,2024-11-19
The Fruit Factory Strawberry Fruit Hearts,£2.30,(£2.30/100g),cupboard,seed_nuts,2024-11-19
ASDA Hot Honey Flavour Cashews 150g,£2.25,(£1.50/100g),cupboard,seed_nuts,2024-11-19
ASDA Extra Special Honey Butter Flavour Almonds 150g,£2.75,(£1.83/100g),cupboard,seed_nuts,2024-11-19
ASDA Trail Mix 200g,£1.00,(50.0p/100g),cupboard,seed_nuts,2024-11-19
Zenia Deglet Nour Dates,£1.50,(£7.50/kg),cupboard,seed_nuts,2024-11-19
Kiddylicious Strawberry Fruit Wriggles 12+ Months,£0.80,(£6.67/100g),cupboard,seed_nuts,2024-11-19
BEAR Pure Fruit Paws Strawberry & Apple 5 Pack,£2.80,(56.0p/each),cupboard,seed_nuts,2024-11-19
Forest Feast Slow Roasted Peanuts & Cashews 120g,£3.40,(£2.83/100g),cupboard,seed_nuts,2024-11-19
Forest Feast 60% Cocoa Dark Chocolate Sour Cherries 120g,£3.85,(£3.21/100g),cupboard,seed_nuts,2024-11-19
Kiddylicious Strawberry & Banana Smoothie Melts 12+ Months,£0.80,(£13.33/100g),cupboard,seed_nuts,2024-11-19
Whitworths Ground Almonds,£2.00,(£1.33/100g),cupboard,seed_nuts,2024-11-19
ASDA Extra Special Rosemary Cornish Sea Salt & Olive Oil Nut Mix 150g,£2.75,(£1.83/100g),cupboard,seed_nuts,2024-11-19
Ding Dong Ding Dong Mixed Nuts 100g,£1.00,(£1.00/100g),cupboard,seed_nuts,2024-11-19
Sensations Thai Sweet Chilli Coated Peanuts,£1.50,(£1.00/100g),cupboard,seed_nuts,2024-11-19
Sensations Honey & Salt Roasted Sharing Peanuts 145g,£1.50,(£1.03/100g),cupboard,seed_nuts,2024-11-19
Walkers Max Strong Jalapeño & Cheese Sharing Double Coated Peanuts,£2.50,(£1.43/100g),cupboard,seed_nuts,2024-11-19
Sensations Smoked Chilli Coated Sharing Peanuts 150g,£1.50,(£1.00/100g),cupboard,seed_nuts,2024-11-19
Walkers Max Strong Chilli & Lime Sharing Double Coated Peanuts,£2.50,(£1.43/100g),cupboard,seed_nuts,2024-11-19
Sensations Thai Sweet Chilli Coated Peanuts,£1.50,(£1.00/100g),cupboard,seed_nuts,2024-11-19
Sensations Honey & Salt Roasted Sharing Peanuts 145g,£1.50,(£1.03/100g),cupboard,seed_nuts,2024-11-19
Walkers Max Strong Jalapeño & Cheese Sharing Double Coated Peanuts,£2.50,(£1.43/100g),cupboard,seed_nuts,2024-11-19
ASDA Currants 500g,£1.75,(£3.50/kg),cupboard,seed_nuts,2024-11-19
ASDA Chopped Apricots,£2.45,(£9.80/kg),cupboard,seed_nuts,2024-11-19
ASDA Mixed Fruit 1kg,£2.60,(£2.60/kg),cupboard,seed_nuts,2024-11-19
ASDA Pistachios in Shell 200g,£2.25,(£1.12/100g),cupboard,seed_nuts,2024-11-19
Shalimar Monkey Nuts 300g,£1.20,(40.0p/100g),cupboard,seed_nuts,2024-11-19
ASDA Chopped Hazelnuts 100g,£2.10,(£21.00/kg),cupboard,seed_nuts,2024-11-19
Indus Roasted & Salted Pistachios,£7.50,(£1.25/100g),cupboard,seed_nuts,2024-11-19
KP Dry Roasted Peanuts,£4.50,(£1.08/100g),cupboard,seed_nuts,2024-11-19
Sofra Dried Apricot 300g,£4.00,(£1.33/100g),cupboard,seed_nuts,2024-11-19
ASDA Fabulous Mixed Nuts 350g,£2.35,(67.1p/100g),cupboard,seed_nuts,2024-11-19
KP Snack Pack Dry Roasted Peanuts 30g,£0.90,(£3.00/100g),cupboard,seed_nuts,2024-11-19
KP Flavour Kravers Coolin' Sour Cream & Chive Flavour Peanuts,£1.50,(£1.07/100g),cupboard,seed_nuts,2024-11-19
ASDA Festive Fruit & Nut Mix 300g,£2.00,(66.7p/100g),cupboard,seed_nuts,2024-11-19
ASDA Walnuts 180g,£1.75,(97.2p/100g),cupboard,seed_nuts,2024-11-19
BEAR Fruit Gently Baked Cherries 75g,£2.60,(£3.47/100g),cupboard,seed_nuts,2024-11-19
ASDA Seedless Raisins 500g,£1.19,(£2.38/kg),cupboard,seed_nuts,2024-11-19
George Home 1L Plastic Food Storers 5 Pack,£3.50,(70.0p/each),cupboard,seed_nuts,2024-11-19
ASDA Extra Special Salted Honey Nut Mix with Roasted Hazelnuts 150g,£2.75,(£1.83/100g),cupboard,seed_nuts,2024-11-19
ASDA Mixed Fruit Snack Boxes 10 x 14g (140g),£1.00,(71.4p/100g),cupboard,seed_nuts,2024-11-19
ASDA Extra Special Nut Mix,£2.50,(£1.43/100g),cupboard,seed_nuts,2024-11-19
ASDA Sultanas,£3.60,(£3.60/kg),cupboard,seed_nuts,2024-11-19
ASDA Extra Special Cocktail Nut Mix 150g,£2.75,(£1.83/100g),cupboard,seed_nuts,2024-11-19
ASDA Pumpkin Seeds 150g,£1.20,(8.0p/10g),cupboard,seed_nuts,2024-11-19
"The Fruit Factory Fruit Stars Strawberry, Apple and Orange 5 Pack",£2.30,(£2.30/100g),cupboard,seed_nuts,2024-11-19
ASDA Chinese Salt & Pepper Crunchy Baked Peanuts 150g,£1.50,(£1.00/100g),cupboard,seed_nuts,2024-11-19
BEAR Fruit Mango 35g,£1.10,(£3.14/100g),cupboard,seed_nuts,2024-11-19
BEAR Fruit Pineapple 35g,£1.10,(£3.14/100g),cupboard,seed_nuts,2024-11-19
Sensations Thai Sweet Chilli Coated Peanuts,£1.50,(£1.00/100g),cupboard,seed_nuts,2024-11-19
Sensations Honey & Salt Roasted Sharing Peanuts 145g,£1.50,(£1.03/100g),cupboard,seed_nuts,2024-11-19
Walkers Max Strong Jalapeño & Cheese Sharing Double Coated Peanuts,£2.50,(£1.43/100g),cupboard,seed_nuts,2024-11-19
Sensations Smoked Chilli Coated Sharing Peanuts 150g,£1.50,(£1.00/100g),cupboard,seed_nuts,2024-11-19
Walkers Max Strong Chilli & Lime Sharing Double Coated Peanuts,£2.50,(£1.43/100g),cupboard,seed_nuts,2024-11-19
Kellogg's Crunchy Nut 460g,£2.75,(59.8p/100g),cupboard,cereals,2024-11-19
Kellogg's Corn Flakes 670g,£2.75,(41.0p/100g),cupboard,cereals,2024-11-19
Kellogg's Coco Pops 420g,£3.29,(78.3p/100g),cupboard,cereals,2024-11-19
Kellogg's Coco Pops Chocolate Breakfast Cereal,£3.60,(55.4p/100g),cupboard,cereals,2024-11-19
Weetabix Crispy Minis Chocolate Chip 500g,£3.60,(72.0p/100g),cupboard,cereals,2024-11-19
Kellogg's Rice Krispies Breakfast Cereal,£3.60,(54.5p/100g),cupboard,cereals,2024-11-19
Kellogg's Corn Flakes 1kg,£3.60,(36.0p/100g),cupboard,cereals,2024-11-19
Weetabix Disney Stitch Choco Crunch,£3.00,(66.7p/100g),cupboard,cereals,2024-11-19
Kellogg's Special K Red Berries Breakfast Cereal,£3.60,(72.0p/100g),cupboard,cereals,2024-11-19
Kellogg's Coco Pops Mega Pops,£3.29,(90.1p/100g),cupboard,cereals,2024-11-19
Weetabix Marvel the Amazing Spider Man Multigrain Crunch,£3.00,(66.7p/100g),cupboard,cereals,2024-11-19
Weetabix Cereal 24 Pack,£3.50,(14.6p/each),cupboard,cereals,2024-11-19
Kellogg's Krave Chocolate Hazelnut Breakfast Cereal,£4.00,(53.3p/100g),cupboard,cereals,2024-11-19
Kellogg's Rice Krispies Breakfast Cereal,£2.25,(72.6p/100g),cupboard,cereals,2024-11-19
Kellogg's Krave Milk Chocolate Breakfast Cereal,£4.00,(53.3p/100g),cupboard,cereals,2024-11-19
Kellogg's Wheats Blueberry Breakfast Cereal,£1.95,(39.0p/100g),cupboard,cereals,2024-11-19
Kellogg's Coco Pops,£2.25,(76.3p/100g),cupboard,cereals,2024-11-19
Nestle Cheerios Multigrain,£2.00,(66.7p/100g),cupboard,cereals,2024-11-19
Nestle Shreddies The Original,£2.00,(51.3p/100g),cupboard,cereals,2024-11-19
Kellogg's Crunchy Nut 300g,£2.25,(75.0p/100g),cupboard,cereals,2024-11-19
Kellogg's Raisin Wheats Cereal,£1.95,(43.3p/100g),cupboard,cereals,2024-11-19
Kellogg's Choco Wheats Cereal,£1.95,(40.6p/100g),cupboard,cereals,2024-11-19
Kit Kat Milk Chocolate Cereal,£4.00,(£1.21/100g),cupboard,cereals,2024-11-19
Nestle Shredded Wheat Bitesize,£2.00,(54.0p/100g),cupboard,cereals,2024-11-19
Kellogg's Wheats Apricot Breakfast Cereal,£1.95,(39.0p/100g),cupboard,cereals,2024-11-19
Kellogg's Coco Pops Loops,£2.00,(70.2p/100g),cupboard,cereals,2024-11-19
Kellogg's Just Right 500g,£3.50,(70.0p/100g),cupboard,cereals,2024-11-19
Kellogg's Special K Milk Chocolate Multigrain Cereal,£3.29,(91.4p/100g),cupboard,cereals,2024-11-19
Kellogg's Frosties 470g,£2.75,(58.5p/100g),cupboard,cereals,2024-11-19
Nestle Cheerios Honey,£3.50,(68.0p/100g),cupboard,cereals,2024-11-19
Kellogg's Crunchy Nut Clusters Chocolate,£2.50,(62.5p/100g),cupboard,cereals,2024-11-19
Nestle Curiously Cinnamon,£3.50,(93.3p/100g),cupboard,cereals,2024-11-19
Nesquik 375g,£3.00,(80.0p/100g),cupboard,cereals,2024-11-19
Kellogg's Krave Milk Chocolate 410g,£2.75,(67.1p/100g),cupboard,cereals,2024-11-19
Shreddies The Frosted One 600g,£3.50,(58.3p/100g),cupboard,cereals,2024-11-19
Golden Nuggets 375g,£3.00,(80.0p/100g),cupboard,cereals,2024-11-19
Cookie Crisp 500g,£3.00,(60.0p/100g),cupboard,cereals,2024-11-19
Shreddies The Coco One 600g,£3.50,(58.3p/100g),cupboard,cereals,2024-11-19
Kellogg's Rice Krispies Multigrain Shapes 350g,£3.29,(94.0p/100g),cupboard,cereals,2024-11-19
Nestle Cheerios Multigrain,£3.50,(64.8p/100g),cupboard,cereals,2024-11-19
Nestle Shredded Wheat Honey & Nut,£3.50,(70.0p/100g),cupboard,cereals,2024-11-19
Nestle Shredded Wheat 16 Original Biscuits,£2.00,(55.7p/100g),cupboard,cereals,2024-11-19
Kellogg's Crunchy Nut Clusters Honey & Nut,£2.50,(62.5p/100g),cupboard,cereals,2024-11-19
Weetos Chocolatey Hoops,£3.29,(78.3p/100g),cupboard,cereals,2024-11-19
Kellogg's Krave Chocolate Hazelnut Flavour 410g,£3.00,(73.2p/100g),cupboard,cereals,2024-11-19
Kellogg's Coco Pops Chocos Chocolate Breakfast Cereal,£3.29,(76.5p/100g),cupboard,cereals,2024-11-19
Shreddies The Original,£3.50,(55.6p/100g),cupboard,cereals,2024-11-19
Kellogg's Rice Krispies 430g,£3.29,(76.5p/100g),cupboard,cereals,2024-11-19
Nestle Shredded Wheat 24 Biscuits,£3.25,(13.5p/each),cupboard,cereals,2024-11-19
,,,cupboard,cereals,2024-11-19
,,,cupboard,cereals,2024-11-19
,,,cupboard,cereals,2024-11-19
,,,cupboard,cereals,2024-11-19
,,,cupboard,cereals,2024-11-19
,,,cupboard,cereals,2024-11-19
,,,cupboard,cereals,2024-11-19
,,,cupboard,cereals,2024-11-19
,,,cupboard,cereals,2024-11-19
,,,cupboard,cereals,2024-11-19
Kellogg's Crunchy Nut 460g,£2.75,(59.8p/100g),cupboard,cereals,2024-11-19
Kellogg's Corn Flakes 670g,£2.75,(41.0p/100g),cupboard,cereals,2024-11-19
Kellogg's Coco Pops 420g,£3.29,(78.3p/100g),cupboard,cereals,2024-11-19
Nestle Shredded Wheat Bitesize,£3.50,(56.0p/100g),cupboard,cereals,2024-11-19
Kellogg's Krave Choco Brownie Flavour 375g,£3.00,(80.0p/100g),cupboard,cereals,2024-11-19
Shreddies The Honey One,£3.00,(65.2p/100g),cupboard,cereals,2024-11-19
Kellogg's Krave Chocolate Hazelnut Flavour 410g,£3.00,(73.2p/100g),cupboard,cereals,2024-11-19
Kellogg's Krave Cookies & Cream Flavour 375g,£3.00,(80.0p/100g),cupboard,cereals,2024-11-19
Kellogg's Special K Crunchy Oat Granola Dark Chocolate Curls,£2.00,(57.1p/100g),cupboard,cereals,2024-11-19
Weetabix Protein Crunch Chocolate Cereal,£3.29,(73.1p/100g),cupboard,cereals,2024-11-19
Kellogg's Special K Crunchy Oat Granola Mixed Berries,£2.00,(57.1p/100g),cupboard,cereals,2024-11-19
Kellogg's Special K Crunchy Golden Clusters 360g,£2.99,(83.1p/100g),cupboard,cereals,2024-11-19
Kellogg's Special K Red Berries Breakfast Cereal,£3.29,(99.7p/100g),cupboard,cereals,2024-11-19
Weetabix Crispy Minis Fruit & Nut 500g,£3.60,(72.0p/100g),cupboard,cereals,2024-11-19
Weetos Chocolatey Hoops Honeycomb Flavour 420g,£3.29,(78.3p/100g),cupboard,cereals,2024-11-19
ASDA 24 Wheat Bisks,£1.90,(7.9p/each),cupboard,cereals,2024-11-19
ASDA Honey Nut Corn Flakes 500g,£1.25,(25.0p/100g),cupboard,cereals,2024-11-19
ASDA Honey Hoops 565g,£1.34,(23.7p/100g),cupboard,cereals,2024-11-19
ASDA Multigrain Hoops 500g,£1.19,(23.8p/100g),cupboard,cereals,2024-11-19
ASDA Frosted Flakes 500g,£1.15,(23.0p/100g),cupboard,cereals,2024-11-19
ASDA Choco Hoops 500g,£1.19,(23.8p/100g),cupboard,cereals,2024-11-19
ASDA Choco Snaps 605g,£1.30,(21.5p/100g),cupboard,cereals,2024-11-19
ASDA Choco Squares 375g,£0.99,(26.4p/100g),cupboard,cereals,2024-11-19
ASDA Malted Wheaties 750g,£1.02,(13.6p/100g),cupboard,cereals,2024-11-19
ASDA Rice Snaps 375g,£0.85,(22.7p/100g),cupboard,cereals,2024-11-19
ASDA Choco-Nut Squares 375g,£0.99,(26.4p/100g),cupboard,cereals,2024-11-19
ASDA Fruit & Fibre 750g,£1.45,(19.3p/100g),cupboard,cereals,2024-11-19
ASDA Special Flakes Cereal,£0.99,(19.8p/100g),cupboard,cereals,2024-11-19
ASDA Red Fruits Special Flakes Cereal,£1.40,(37.3p/100g),cupboard,cereals,2024-11-19
ASDA Honey Nut & Milk Choc Crunch 375g,£1.90,(50.7p/100g),cupboard,cereals,2024-11-19
ASDA Corn Flakes 500g,£0.79,(15.8p/100g),cupboard,cereals,2024-11-19
Kellogg's Frosted Wheats Breakfast Cereal,£1.95,(39.0p/100g),cupboard,cereals,2024-11-19
ASDA Rainbow Hoops 375g,£1.70,(45.3p/100g),cupboard,cereals,2024-11-19
Honey Monster Wheat Puffs,£3.50,(67.3p/100g),cupboard,cereals,2024-11-19
ASDA Bran Flakes 1kg,£1.40,(14.0p/100g),cupboard,cereals,2024-11-19
Malt O Meal Marshmallow Mateys,£3.75,(£1.17/100g),cupboard,cereals,2024-11-19
ASDA Bran Flakes 500g,£0.95,(19.0p/100g),cupboard,cereals,2024-11-19
ASDA 24 Chocolate Wheat Bisks,£2.50,(10.4p/each),cupboard,cereals,2024-11-19
Oreo O's Cereal,£4.00,(£1.14/100g),cupboard,cereals,2024-11-19
ASDA Fruit & Fibre 500g,£1.10,(22.0p/100g),cupboard,cereals,2024-11-19
ASDA Sultana Bran 550g,£1.90,(34.5p/100g),cupboard,cereals,2024-11-19
Kellogg's Frosties Breakfast Cereal,£4.50,(48.6p/100g),cupboard,cereals,2024-11-19
ASDA Red Berry Fibre Flakes 450g,£2.00,(44.4p/100g),cupboard,cereals,2024-11-19
Kellogg's Honey Bsss Pops 330g,£2.00,(60.6p/100g),cupboard,cereals,2024-11-19
ASDA High Bran 500g,£1.60,(32.0p/100g),cupboard,cereals,2024-11-19
Kellogg's Crunchy Nut Breakfast Cereal,£5.50,(55.0p/100g),cupboard,cereals,2024-11-19
Weetabix Cereal 12 Pack,£1.99,(16.6p/each),cupboard,cereals,2024-11-19
Shredded Wheat Blueberry Wheats 450g,£2.00,(44.4p/100g),cupboard,cereals,2024-11-19
Kellogg's Crunchy Nut Chocolate & Hazelnut Granola,£3.29,(86.6p/100g),cupboard,cereals,2024-11-19
Weetabix Cereal,£5.49,(11.4p/each),cupboard,cereals,2024-11-19
Kellogg's Froot Loops,£2.75,(73.3p/100g),cupboard,cereals,2024-11-19
Weetabix Cereal,£8.00,(11.1p/each),cupboard,cereals,2024-11-19
Curiously Cinnamon Churros 360g,£3.00,(83.3p/100g),cupboard,cereals,2024-11-19
Lion Caramel & Chocolate 400g,£3.00,(75.0p/100g),cupboard,cereals,2024-11-19
Kellogg's 8 Variety Packs 196g,£2.99,(£1.53/100g),cupboard,cereals,2024-11-19
Shredded Wheat Red Berry Wheats,£2.00,(44.4p/100g),cupboard,cereals,2024-11-19
Kellogg's Corn Flakes 670g,£2.75,(41.0p/100g),cupboard,cereals,2024-11-19
Kellogg's Crunchy Nut 460g,£2.75,(59.8p/100g),cupboard,cereals,2024-11-19
Kellogg's Coco Pops 420g,£3.29,(78.3p/100g),cupboard,cereals,2024-11-19
Kellogg's Crunchy Nut Clusters Chocolate,£2.50,(62.5p/100g),cupboard,cereals,2024-11-19
Kellogg's Krave Milk Chocolate Breakfast Cereal,£4.00,(53.3p/100g),cupboard,cereals,2024-11-19
Kellogg's Crunchy Nut Clusters Honey & Nut,£2.50,(62.5p/100g),cupboard,cereals,2024-11-19
Kellogg's Crunchy Nut 300g,£2.25,(75.0p/100g),cupboard,cereals,2024-11-19
Kellogg's Coco Pops Chocos Chocolate Breakfast Cereal,£3.29,(76.5p/100g),cupboard,cereals,2024-11-19
Kellogg's Corn Flakes 1kg,£3.60,(36.0p/100g),cupboard,cereals,2024-11-19
Kellogg's Special K Original Breakfast Cereal,£3.60,(48.0p/100g),cupboard,cereals,2024-11-19
Kellogg's Frosties Breakfast Cereal,£4.50,(48.6p/100g),cupboard,cereals,2024-11-19
Kellogg's Crunchy Nut 460g,£2.75,(59.8p/100g),cupboard,cereals,2024-11-19
Kellogg's Corn Flakes 670g,£2.75,(41.0p/100g),cupboard,cereals,2024-11-19
Kellogg's Coco Pops 420g,£3.29,(78.3p/100g),cupboard,cereals,2024-11-19
Lion Caramel & Chocolate 400g,£3.00,(75.0p/100g),cupboard,cereals,2024-11-19
Jordans Country Crisp Limited Edition Blueberry Crumble Breakfast Cereal 450g,£3.59,(79.8p/100g),cupboard,cereals,2024-11-19
Kellogg's Crunchy Nut Caramelised Nuts Granola,£3.29,(86.6p/100g),cupboard,cereals,2024-11-19
Cheerios Honey 370g,£2.75,(74.3p/100g),cupboard,cereals,2024-11-19
Nestle Cheerios Multigrain,£4.25,(53.1p/100g),cupboard,cereals,2024-11-19
Shreddies The Original,£4.50,(40.9p/100g),cupboard,cereals,2024-11-19
Shredded Wheat Red Berry Wheats,£2.00,(44.4p/100g),cupboard,cereals,2024-11-19
Shredded Wheat Apricot Wheats 450g,£2.00,(44.4p/100g),cupboard,cereals,2024-11-19
Nestle Go Free Gluten Free Corn Flakes,£2.50,(66.7p/100g),cupboard,cereals,2024-11-19
FREEE Gluten Free Organic Fruit & Fibre Flakes 375g,£3.25,(86.7p/100g),cupboard,cereals,2024-11-19
George Home Peel Lid Food Storer - Colour May Vary,£2.75,(£2.75/each),cupboard,cereals,2024-11-19
ASDA Free From Corn Flakes,£1.75,(58.3p/100g),cupboard,cereals,2024-11-19
Kellogg's Special K Original Breakfast Cereal,£2.25,(75.0p/100g),cupboard,cereals,2024-11-19
ASDA Free From Honey Hoops 300g,£1.75,(58.3p/100g),cupboard,cereals,2024-11-19
Nature's Path Organic Gluten Free Mesa Sunrise,£3.50,(98.6p/100g),cupboard,cereals,2024-11-19
Kellogg's All-Bran Breakfast Cereal,£2.50,(50.0p/100g),cupboard,cereals,2024-11-19
Tassimo Coffee & Kelloggs Cornflakes Bundle,£8.35,null,cupboard,cereals,2024-11-19
Weetos Chocolatey Hoops 600g,£3.50,(58.3p/100g),cupboard,cereals,2024-11-19
Kellogg's Special K Oats & Honey Cereal,£3.29,(78.3p/100g),cupboard,cereals,2024-11-19
Kellogg's Fruit 'n Fibre Original Breakfast Cereal,£3.50,(50.0p/100g),cupboard,cereals,2024-11-19
Kellogg's Crunchy Nut Fruit & Nuts Granola,£3.29,(86.6p/100g),cupboard,cereals,2024-11-19
George Home Peel Lid Food Storer Set - Colour May Vary,£7.00,(£7.00/each),cupboard,cereals,2024-11-19
Skinny Crunch Cookies & Cream Hoops 320g,£2.50,(78.1p/100g),cupboard,cereals,2024-11-19
Kenco Rich Coffee & Special K Bundle,£8.60,null,cupboard,cereals,2024-11-19
ASDA Free From Special Flakes 300g,£1.75,(58.3p/100g),cupboard,cereals,2024-11-19
Oatibix Cereal,£3.50,(14.6p/each),cupboard,cereals,2024-11-19
Kenco Americano Coffee Pods & Special K Bundle,£8.35,null,cupboard,cereals,2024-11-19
Kellogg's Fruit 'n Fibre,£2.25,(60.0p/100g),cupboard,cereals,2024-11-19
Nestle Go free Gluten Free Rice Pops,£2.50,(71.4p/100g),cupboard,cereals,2024-11-19
ASDA Free From Frosted Flakes,£1.75,(58.3p/100g),cupboard,cereals,2024-11-19
Sistema Red Klip-it Microwaveable Soup Mug,£5.00,(£5.00/each),cupboard,cereals,2024-11-19
Kenco Coffee & Kelloggs Cornflakes Bundle,£8.60,null,cupboard,cereals,2024-11-19
George Home Peel Lid Food Storer with Handle - Colour May Vary,£2.50,(£2.50/each),cupboard,cereals,2024-11-19
Kellogg's Bran Flakes,£1.75,(46.7p/100g),cupboard,cereals,2024-11-19
Kellogg's Frosties Breakfast Cereal 330g,£2.00,(60.6p/100g),cupboard,cereals,2024-11-19
Kellogg's Sultana Bran,£2.50,(50.0p/100g),cupboard,cereals,2024-11-19
Kellogg's Bran Flakes Breakfast Cereal,£3.00,(40.0p/100g),cupboard,cereals,2024-11-19
Weetabix Oatibix Flakes Cereal,£3.50,(63.6p/100g),cupboard,cereals,2024-11-19
Kellogg's Corn Flakes 450g,£2.19,(48.7p/100g),cupboard,cereals,2024-11-19
Nestle Go Free Gluten Free Honey Nut Flakes,£2.50,(71.4p/100g),cupboard,cereals,2024-11-19
Kellogg's Special K Juicy Red Berry Bars,£1.35,(£1.02/100g),cupboard,cereals,2024-11-19
Weetabix Chocolate Cereal,£3.50,(14.6p/each),cupboard,cereals,2024-11-19
Nature's Path Organic Gluten Free Maple Sunrise Cereal,£3.50,(£1.05/100g),cupboard,cereals,2024-11-19
Kellogg's Honey Bsss Loops 330g,£2.00,(60.6p/100g),cupboard,cereals,2024-11-19
Weetabix Banana Cereal,£3.50,(14.6p/each),cupboard,cereals,2024-11-19
Kellogg's Special K Peach & Apricot Cereal,£3.30,(91.7p/100g),cupboard,cereals,2024-11-19
Kellogg's Crunchy Nut Hazelnut & Chocolate Granola,£3.99,(66.5p/100g),cupboard,cereals,2024-11-19
ASDA Free From Choco Snaps,£1.80,(60.0p/100g),cupboard,cereals,2024-11-19
George Home Peel Lid Food Storer - Colour May Vary,£1.50,(£1.50/each),cupboard,cereals,2024-11-19
ASDA Free From Red Berry Granola 312g,£2.60,(83.3p/100g),cupboard,cereals,2024-11-19
Weetabix Protein Cereal,£3.50,(14.6p/each),cupboard,cereals,2024-11-19
ASDA Free From Choco Squares,£1.95,(65.0p/100g),cupboard,cereals,2024-11-19
Kellogg's Corn Flakes 670g,£2.75,(41.0p/100g),cupboard,cereals,2024-11-19
Kellogg's Crunchy Nut 460g,£2.75,(59.8p/100g),cupboard,cereals,2024-11-19
Kellogg's Coco Pops 420g,£3.29,(78.3p/100g),cupboard,cereals,2024-11-19
Kellogg's Crunchy Nut Clusters Chocolate,£2.50,(62.5p/100g),cupboard,cereals,2024-11-19
Kellogg's Krave Milk Chocolate Breakfast Cereal,£4.00,(53.3p/100g),cupboard,cereals,2024-11-19
Kellogg's Crunchy Nut Clusters Honey & Nut,£2.50,(62.5p/100g),cupboard,cereals,2024-11-19
Kellogg's Crunchy Nut 300g,£2.25,(75.0p/100g),cupboard,cereals,2024-11-19
Kellogg's Corn Flakes 1kg,£3.60,(36.0p/100g),cupboard,cereals,2024-11-19
Kellogg's Special K Original Breakfast Cereal,£3.60,(48.0p/100g),cupboard,cereals,2024-11-19
Kellogg's Frosties Breakfast Cereal,£4.50,(48.6p/100g),cupboard,cereals,2024-11-19
Kellogg's Coco Pops Chocos Chocolate Breakfast Cereal,£3.29,(76.5p/100g),cupboard,cereals,2024-11-19
Jordans Crunchy Oat Raisin & Almond Granola Breakfast Cereal 750g,£2.50,(33.3p/100g),cupboard,cereals,2024-11-19
FUEL10K Protein Boosted Chunky Chocolate Granola,£2.50,(62.5p/100g),cupboard,cereals,2024-11-19
FUEL10K Raisin & Almond Granola,£2.50,(62.5p/100g),cupboard,cereals,2024-11-19
Jordans Crunchy Oat Fruit & Nut Granola Breakfast Cereal 750g,£2.50,(33.3p/100g),cupboard,cereals,2024-11-19
Kellogg's Special K Crunchy Oat Granola Dark Chocolate Curls,£2.00,(57.1p/100g),cupboard,cereals,2024-11-19
Kellogg's Special K Crunchy Oat Granola Mixed Berries,£2.00,(57.1p/100g),cupboard,cereals,2024-11-19
Deliciously Ella Nutty Granola,£2.70,(71.0p/100g),cupboard,cereals,2024-11-19
Jordans Crunchy Oat Simply Granola with a Hint of Honey Breakfast Cereal 750g,£2.50,(33.3p/100g),cupboard,cereals,2024-11-19
Jordans Crunchy Oat Granola Tropical Fruits Breakfast Cereal 750g,£2.50,(33.3p/100g),cupboard,cereals,2024-11-19
FUEL10K Peanut Crunch Granola 400g,£2.50,(62.5p/100g),cupboard,cereals,2024-11-19
Sistema Klip It Food Storers,£7.00,(£2.33/each),cupboard,cereals,2024-11-19
ASDA Maple & Pecan Crisp 500g,£1.80,(36.0p/100g),cupboard,cereals,2024-11-19
ASDA Triple Chocolate Crisp 500g,£1.80,(36.0p/100g),cupboard,cereals,2024-11-19
ASDA Strawberry Crisp 500g,£1.80,(36.0p/100g),cupboard,cereals,2024-11-19
ASDA Raisin & Almond Granola,£1.99,(19.9p/100g),cupboard,cereals,2024-11-19
JUST ESSENTIALS by ASDA Granola 1kg,£1.90,(19.0p/100g),cupboard,cereals,2024-11-19
ASDA Strawberry Raspberry & Apple Granola,£1.99,(19.9p/100g),cupboard,cereals,2024-11-19
Jordans Country Crisp Dark Chocolate 500g,£3.60,(72.0p/100g),cupboard,cereals,2024-11-19
Kellogg's Crunchy Nut Chocolate & Hazelnut Granola,£3.29,(86.6p/100g),cupboard,cereals,2024-11-19
ASDA Swiss Style Muesli 1.1kg,£2.60,(23.6p/100g),cupboard,cereals,2024-11-19
ASDA Tropical Granola,£1.99,(19.9p/100g),cupboard,cereals,2024-11-19
JUST ESSENTIALS by ASDA Muesli,£1.89,(18.9p/100g),cupboard,cereals,2024-11-19
Jordans Country Crisp Breakfast Cereal with Sun-Ripe Strawberries 500g,£3.60,(72.0p/100g),cupboard,cereals,2024-11-19
Alpen Muesli Original,£2.69,(48.9p/100g),cupboard,cereals,2024-11-19
Jordans Country Crisp Breakfast Cereal with Honey & Nuts 500g,£3.60,(72.0p/100g),cupboard,cereals,2024-11-19
Alpen Muesli No Added Sugar,£2.69,(48.9p/100g),cupboard,cereals,2024-11-19
ASDA Berry Granola 500g,£1.90,(38.0p/100g),cupboard,cereals,2024-11-19
"Nature's Path Path Organic Granola Blueberries, Raspberries, Strawberries & Yogurt Chunks 300g",£3.50,(£1.17/100g),cupboard,cereals,2024-11-19
Jordans Super Nutty Granola 500g,£3.99,(79.8p/100g),cupboard,cereals,2024-11-19
ASDA Extra Special Berry Granola,£2.49,(49.8p/100g),cupboard,cereals,2024-11-19
Kellogg's Barista Edition Crunchy Nut Granola Chocolate Mocha Flavour,£3.29,(94.0p/100g),cupboard,cereals,2024-11-19
Kellogg's Crunchy Nut Caramelised Nuts Granola,£3.29,(86.6p/100g),cupboard,cereals,2024-11-19
Quaker Oat Raisin Granola Cereal 500g,£3.50,(70.0p/100g),cupboard,cereals,2024-11-19
At Home with Stacey Solomon Clear Glass Canister Extra Large,£7.00,(£7.00/each),cupboard,cereals,2024-11-19
Kitchen Queen Storer,£18.00,(£18.00/each),cupboard,cereals,2024-11-19
ASDA 6 Plastic Tubs,£2.50,(41.7p/each),cupboard,cereals,2024-11-19
At Home with Stacey Solomon Clear Glass Canister Large,£6.00,(£6.00/each),cupboard,cereals,2024-11-19
Dorset Cereals Simply Delicious Muesli,£3.40,(52.3p/100g),cupboard,cereals,2024-11-19
Wham 5.02 Box Green,£4.00,(£4.00/each),cupboard,cereals,2024-11-19
Wham Crystal 11 Litre Box & Lid Clear,£3.00,(£3.00/each),cupboard,cereals,2024-11-19
Curver My Style Cube 25L Grey,£5.00,(£5.00/each),cupboard,cereals,2024-11-19
ASDA Swiss Style Muesli,£3.00,(23.1p/100g),cupboard,cereals,2024-11-19
ASDA Fruit & Nut Muesli 750g,£2.00,(26.7p/100g),cupboard,cereals,2024-11-19
Post Grape-Nuts Original,£3.95,(68.1p/100g),cupboard,cereals,2024-11-19
Jordans Country Crisp Limited Edition Blueberry Crumble Breakfast Cereal 450g,£3.59,(79.8p/100g),cupboard,cereals,2024-11-19
Wham 1.01 Cube White,£0.80,(80.0p/each),cupboard,cereals,2024-11-19
Jordans No Added Sugar Granola Triple Nut 425g,£3.60,(84.7p/100g),cupboard,cereals,2024-11-19
Nairn's Fruit & Seed Oat Muesli 450g,£2.90,(64.4p/100g),cupboard,cereals,2024-11-19
ASDA Free From Tropical Granola 312g,£2.60,(83.3p/100g),cupboard,cereals,2024-11-19
Kellogg's Crunchy Nut Fruit & Nuts Granola,£3.29,(86.6p/100g),cupboard,cereals,2024-11-19
Smart Seal Food Storer 2.7L Tall,£5.00,(£5.00/each),cupboard,cereals,2024-11-19
Wham Crystal 2.6L Box & Lid Clear,£1.50,(£1.50/each),cupboard,cereals,2024-11-19
Wham 4.02 Box Green,£2.00,(£2.00/each),cupboard,cereals,2024-11-19
At Home with Stacey Solomon Clear Glass Canister Small,£4.00,(£4.00/each),cupboard,cereals,2024-11-19
Dorset Cereals Simply Nutty Muesli,£3.40,(60.7p/100g),cupboard,cereals,2024-11-19
Jordans Country Crisp Breakfast Cereal with Chunky Nuts 500g,£3.60,(72.0p/100g),cupboard,cereals,2024-11-19
Disney Mickey Mouse Red Earthenware Cookie Jar,£12.00,(£12.00/each),cupboard,cereals,2024-11-19
Wham Crystal 25L Box & Lid Clear,£4.00,(£4.00/each),cupboard,cereals,2024-11-19
Jordans Super Berry Granola Breakfast Cereal 500g,£3.60,(72.0p/100g),cupboard,cereals,2024-11-19
Wham Crystal 25L Box & Lid Clear,£4.00,(£4.00/each),cupboard,cereals,2024-11-19
At Home with Stacey Solomon Clear Glass Canister Medium,£5.50,(£5.50/each),cupboard,cereals,2024-11-19
Jordans Super Berry Granola Breakfast Cereal 500g,£3.60,(72.0p/100g),cupboard,cereals,2024-11-19
Bio & Me Granola Super Seedy & Nutty 360g,£2.50,(69.4p/100g),cupboard,cereals,2024-11-19
Pyrex Glass Dish With Lid,£6.50,(£6.50/each),cupboard,cereals,2024-11-19
ASDA Free From Muesli,£2.00,(44.4p/100g),cupboard,cereals,2024-11-19
"Bio & Me Low Sugar, Naturally Gut-Loving Granola",£2.50,(69.4p/100g),cupboard,cereals,2024-11-19
ASDA Extra Special Multi Nut & Three Seed Granola,£2.49,(49.8p/100g),cupboard,cereals,2024-11-19
ASDA Honey Nut Crunch 375g,£1.90,(50.7p/100g),cupboard,cereals,2024-11-19
Really Useful Boxes Small 3L Storage Box,£4.00,(£4.00/each),cupboard,cereals,2024-11-19
Alpen Muesli Original,£4.30,(39.1p/100g),cupboard,cereals,2024-11-19
Nature's Path Organic Gluten Free Maple Sunrise Cereal,£3.50,(£1.05/100g),cupboard,cereals,2024-11-19
Pyrex Glass Dish With Lid,£9.00,(£9.00/each),cupboard,cereals,2024-11-19
Skinny Crunch Chocolate Granola,£2.25,(60.0p/100g),cupboard,cereals,2024-11-19
Jordans No Added Sugar Granola Apple & Berry 425g,£3.60,(84.7p/100g),cupboard,cereals,2024-11-19
ASDA Simply Nutty Muesli 750g,£2.20,(29.3p/100g),cupboard,cereals,2024-11-19
Quaker Oat Honey & Almond Granola Cereal 500g,£3.50,(70.0p/100g),cupboard,cereals,2024-11-19
ASDA Extra Special Berries & Cherries Muesli,£2.49,(49.8p/100g),cupboard,cereals,2024-11-19
Dorset Cereals Oat Granola 500g,£3.69,(73.8p/100g),cupboard,cereals,2024-11-19
Jordans Country Crisp Breakfast Cereal with Flame Raisins 500g,£3.60,(72.0p/100g),cupboard,cereals,2024-11-19
Smart Seal Food Storer 2.1L,£4.50,(£4.50/each),cupboard,cereals,2024-11-19
Dorset Cereals Simply Fruity Muesli Breakfast Cereal 630g,£3.40,(54.0p/100g),cupboard,cereals,2024-11-19
ASDA Simply Granola 500g,£1.90,(38.0p/100g),cupboard,cereals,2024-11-19
ASDA Organic Granola,£3.75,(37.5p/100g),cupboard,cereals,2024-11-19
ASDA Extra Special Nutty Muesli,£2.49,(49.8p/100g),cupboard,cereals,2024-11-19
ASDA Free From Red Berry Granola 312g,£2.60,(83.3p/100g),cupboard,cereals,2024-11-19
ASDA Low Sugar Multigrain Nutty Granola,£2.25,(45.0p/100g),cupboard,cereals,2024-11-19
ASDA Extra Special Free From Chocolate & Coconut Granola 350g,£2.90,(82.9p/100g),cupboard,cereals,2024-11-19
Alpen Muesli No Added Sugar,£4.30,(43.0p/100g),cupboard,cereals,2024-11-19
George Home Clear Glass Clip Lid Canister,£2.00,(£2.00/each),cupboard,cereals,2024-11-19
George Home Acrylic Canister,£3.50,(£3.50/each),cupboard,cereals,2024-11-19
George Home Acacia Lid Jar,£5.00,(£5.00/each),cupboard,cereals,2024-11-19
George Home Blue Canister Set,£6.00,(£2.00/each),cupboard,cereals,2024-11-19
George Home Food Storer with Strainer,£1.50,(£1.50/each),cupboard,cereals,2024-11-19
George Home Natural Geometric Storage Basket,£10.00,(£10.00/each),cupboard,cereals,2024-11-19
George Home Peel Lid Food Storer - Colour May Vary,£2.75,(£2.75/each),cupboard,cereals,2024-11-19
George Home Soup Mug,£1.50,(£1.50/each),cupboard,cereals,2024-11-19
George Home Ribbed Clip Lid Canister 1L,£2.50,(£2.50/each),cupboard,cereals,2024-11-19
George Home Stacking Canister,£8.00,(£8.00/each),cupboard,cereals,2024-11-19
Sistema Klip It Plus Rectangular Food Storage 2.2L 3 Pack,£12.00,(£4.00/each),cupboard,cereals,2024-11-19
George Home Round Clip Lid Food Storers,£1.50,(50.0p/each),cupboard,cereals,2024-11-19
George Home Acacia Lid Spaghetti Canister,£5.00,(£5.00/each),cupboard,cereals,2024-11-19
George Home Bag Clips,£2.00,(£2.00/each),cupboard,cereals,2024-11-19
Neoflam Food Storer 3.6L,£6.50,(£6.50/each),cupboard,cereals,2024-11-19
George Home Spice Jar,£1.00,(£1.00/each),cupboard,cereals,2024-11-19
George Home Cream Workstop Canisters,£6.00,(£2.00/each),cupboard,cereals,2024-11-19
George Home Glass Canister With Wooden Lid 750ml,£2.00,(£2.00/each),cupboard,cereals,2024-11-19
Neoflam Food Storer 3.3L,£6.00,(£6.00/each),cupboard,cereals,2024-11-19
Sistema Bento Cube to Go,£7.00,(£7.00/each),cupboard,cereals,2024-11-19
George Home Peel Lid Dry Food Storer - Colour May Vary,£2.50,(£2.50/each),cupboard,cereals,2024-11-19
George Home 2.2L Clip Lid Food Storer,£2.00,(£2.00/each),cupboard,cereals,2024-11-19
George Home Premium Rectangular Food Storer,£1.50,(£1.50/each),cupboard,cereals,2024-11-19
George Home 250ml Plastic Food Storers 5pk,£1.00,(20.0p/each),cupboard,cereals,2024-11-19
George Home Black Kitchen Canister - Set of 5,£20.00,(£4.00/each),cupboard,cereals,2024-11-19
Neoflam Food Storer 1.35L,£3.75,(£3.75/each),cupboard,cereals,2024-11-19
George Home Spice Rack,£10.00,(£10.00/each),cupboard,cereals,2024-11-19
George Home Natural Laundry Bag,£4.50,(£4.50/each),cupboard,cereals,2024-11-19
George Home Green Stacking Canisters - Pack of 3,£8.00,(£8.00/each),cupboard,cereals,2024-11-19
George Home Natural Rattan Storage Tray,£9.00,(£3.00/each),cupboard,cereals,2024-11-19
George Home Peel Lid Food Storer Set - Colour May Vary,£7.00,(£7.00/each),cupboard,cereals,2024-11-19
George Home 7 Pack Nested Food Storers,£5.00,(71.4p/each),cupboard,cereals,2024-11-19
George Home 8 Piece Clip-Lid Food Storage Set,£6.00,(75.0p/each),cupboard,cereals,2024-11-19
George Home Canister Set,£20.00,(£20.00/each),cupboard,cereals,2024-11-19
George Home 3 Nested Food Storers,£5.00,(£1.67/each),cupboard,cereals,2024-11-19
Sistema Klip it Food Storer,£5.00,(£5.00/each),cupboard,cereals,2024-11-19
George Home Cereal Food Storer,£2.75,(£2.75/each),cupboard,cereals,2024-11-19
George Home Grey Workstop Storage Canisters,£6.00,(£2.00/each),cupboard,cereals,2024-11-19
George Home Grey Geo Ceramic Canister,£3.00,(£3.00/each),cupboard,cereals,2024-11-19
George Home Takeaway Food Storers,£3.50,(29.2p/each),cupboard,cereals,2024-11-19
George Home Storage Can Set,£6.00,(£2.00/each),cupboard,cereals,2024-11-19
George Home Peel Lid Food Storers - Colour May Vary,£1.00,(50.0p/each),cupboard,cereals,2024-11-19
George Home Green Canister Set,£6.00,(£2.00/each),cupboard,cereals,2024-11-19
Sistema Klip It Plus Rectangular Food Storage Essentials 6 Pack,£15.00,(£2.50/each),cupboard,cereals,2024-11-19
Sistema Sistema 1.15L Square Klip It Plus 3 Pack,£10.00,(£3.33/each),cupboard,cereals,2024-11-19
George Home Wood Top Canister,£2.25,(£2.25/each),cupboard,cereals,2024-11-19
George Home Cream Bread Bin,£12.00,(£12.00/each),cupboard,cereals,2024-11-19
George Home Bento Box,£3.50,(£3.50/each),cupboard,cereals,2024-11-19
George Home Square Glass Canister With Chrome Lid 700ml,£3.00,(£3.00/each),cupboard,cereals,2024-11-19
Neoflam Food Storer 1.7L Round,£4.25,(£4.25/each),cupboard,cereals,2024-11-19
George Home Clip Lid Canister,£3.00,(£3.00/each),cupboard,cereals,2024-11-19
George Home Spice Jars,£2.00,(50.0p/each),cupboard,cereals,2024-11-19
George Home Peel Lid Food Storer with Handle - Colour May Vary,£2.50,(£2.50/each),cupboard,cereals,2024-11-19
George Home Square Glass Canister With Chrome Lid 1900ml,£4.50,(£4.50/each),cupboard,cereals,2024-11-19
George Home Clip Lid Food Storer 900ml,£1.00,(£1.00/each),cupboard,cereals,2024-11-19
George Home Glass Storage Jar with Screw Lid,£2.00,(£2.00/each),cupboard,cereals,2024-11-19
George Home Clip Lid Food Storer with Scoop,£3.75,(£3.75/each),cupboard,cereals,2024-11-19
George Home 1.3L Clip Lid Food Storer,£1.25,(£1.25/each),cupboard,cereals,2024-11-19
George Home 10L Food Container with Handle,£3.00,(£3.00/each),cupboard,cereals,2024-11-19
George Home Small Black Wire Basket,£2.75,(£2.75/each),cupboard,cereals,2024-11-19
George Home Glass Food Storer,£3.00,(£3.00/each),cupboard,cereals,2024-11-19
George Home Mini Food Storers,£2.00,(50.0p/each),cupboard,cereals,2024-11-19
George Home Acacia Lid Jar 400ml,£2.75,(£2.75/each),cupboard,cereals,2024-11-19
George Home Disney Stitch Cake Tin - Set of 2,£8.50,(£8.50/each),cupboard,cereals,2024-11-19
George Home Square Glass Canister With Chrome Lid 1000ml,£3.50,(£3.50/each),cupboard,cereals,2024-11-19
George Home Large Bonbon Biscuit Jar,£7.00,(£7.00/each),cupboard,cereals,2024-11-19
George Home Screw Lid Canister,£1.50,(£1.50/each),cupboard,cereals,2024-11-19
Sistema Multi-Coloured Klip it Food Storer,£8.00,(£8.00/each),cupboard,cereals,2024-11-19
George Home 3 Piece Square Food Storage Set,£3.00,(£1.00/each),cupboard,cereals,2024-11-19
George Home Clear Glass Clip Lid Canister,£1.50,(£1.50/each),cupboard,cereals,2024-11-19
Neoflam Food Storer 2.7L Wide,£5.00,(£5.00/each),cupboard,cereals,2024-11-19
George Home Food Storers,£1.00,(50.0p/each),cupboard,cereals,2024-11-19
George Home 600ml Plastic Food Storers 16pk,£3.00,(18.8p/each),cupboard,cereals,2024-11-19
George Home Mini Twist Food Storers 4 Pack,£2.00,(50.0p/each),cupboard,cereals,2024-11-19
George Home Ribbed Clip Lid Canister 500ml,£2.00,(£2.00/each),cupboard,cereals,2024-11-19
George Home Noodle Bowl,£1.75,(£1.75/each),cupboard,cereals,2024-11-19
George Home Large Black Wire Basket,£3.75,(£3.75/each),cupboard,cereals,2024-11-19
George Home Natural Woven Fringed Storage Basket,£10.00,(£10.00/each),cupboard,cereals,2024-11-19
George Home Food Storers,£4.00,(£1.00/each),cupboard,cereals,2024-11-19
George Home Acacia Lid Jar 700ml,£3.75,(£3.75/each),cupboard,cereals,2024-11-19
Sistema Klip It Food Storer,£2.00,(£2.00/each),cupboard,cereals,2024-11-19
George Home 2.2L Lunch Box,£2.50,(£2.50/each),cupboard,cereals,2024-11-19
George Home Glass Worktop Storage Jar,£2.00,(£2.00/each),cupboard,cereals,2024-11-19
George Home Premium Rectangular Food Storers,£6.00,(£1.50/each),cupboard,cereals,2024-11-19
George Home 450ml Clip Lid Food Storers,£1.25,(62.5p/each),cupboard,cereals,2024-11-19
George Home Food Storers,£7.00,(33.3p/each),cupboard,cereals,2024-11-19
George Home Mini Food Storers,£2.00,(50.0p/each),cupboard,cereals,2024-11-19
Neoflam Food Storer 2.7L Wide,£5.00,(£5.00/each),cupboard,cereals,2024-11-19
George Home Clear Glass Clip Lid Canister,£1.50,(£1.50/each),cupboard,cereals,2024-11-19
George Home Stainless Steel Food Flask,£6.00,(£6.00/each),cupboard,cereals,2024-11-19
George Home 1L Plastic Food Storers 3pk,£1.00,(33.3p/each),cupboard,cereals,2024-11-19
George Home Large Black Wire Basket,£3.75,(£3.75/each),cupboard,cereals,2024-11-19
George Home 1L Plastic Food Storers 5 Pack,£3.50,(70.0p/each),cupboard,cereals,2024-11-19
George Home Premium Rectangular Food Storer,£2.00,(£2.00/each),cupboard,cereals,2024-11-19
Sistema Snack Box 3 Pack,£6.00,(£2.00/each),cupboard,cereals,2024-11-19
George Home Medium Glass Jar,£3.50,(£3.50/each),cupboard,cereals,2024-11-19
George Home 2.5L Clip Lid Jug,£2.25,(£2.25/each),cupboard,cereals,2024-11-19
George Home Food Storers,£5.00,(£1.67/each),cupboard,cereals,2024-11-19
George Home Square Glass Canister With Chrome Lid 450ml,£2.50,(£2.50/each),cupboard,cereals,2024-11-19
George Home Canister Set of 3 - Grey,£7.00,(£2.33/each),cupboard,cereals,2024-11-19
George Home Acacia Lid Canister,£4.50,(£4.50/each),cupboard,cereals,2024-11-19
George Home Marble Plastic Canisters,£6.50,(£2.17/each),cupboard,cereals,2024-11-19
Neoflam Food Storer 4.5L,£7.50,(£7.50/each),cupboard,cereals,2024-11-19
George Home Peel Lid Food Storer - Colour May Vary,£1.50,(£1.50/each),cupboard,cereals,2024-11-19
George Home Ribbed Clip Lid Canister 2L,£3.00,(£3.00/each),cupboard,cereals,2024-11-19
George Home Mini Food Storers 3 Pack,£2.00,(66.7p/each),cupboard,cereals,2024-11-19
Sistema Sistema 1.15L Square Klip It Plus,£3.75,(£3.75/each),cupboard,cereals,2024-11-19
George Home Clip Lid Canister,£2.50,(£2.50/each),cupboard,cereals,2024-11-19
George Home White Knitted Ceramic Canister,£3.00,(£3.00/each),cupboard,cereals,2024-11-19
George Home Lunch Bag Storage Set,£8.00,(£8.00/each),cupboard,cereals,2024-11-19
George Home 3.6L Clip Lid Food Storer,£2.75,(£2.75/each),cupboard,cereals,2024-11-19
Quaker Oat So Simple Golden Syrup Porridge 10 Pack,£3.50,(97.2p/100g),cupboard,cereals,2024-11-19
Quaker Oat So Simple Sweet Cinnamon Porridge 10 Pack,£3.50,(£1.06/100g),cupboard,cereals,2024-11-19
Quaker Oat So Simple Mixed Berries Porridge,£3.50,(£1.06/100g),cupboard,cereals,2024-11-19
ASDA Golden Syrup Flavour Porridge Sachets 8 x 36g (288g),£1.00,(34.7p/100g),cupboard,cereals,2024-11-19
ASDA Apple & Blueberry Flavour Porridge Sachets 8 x 36g (288g),£1.00,(34.7p/100g),cupboard,cereals,2024-11-19
ASDA Original Porridge Sachets 270g,£1.15,(42.6p/100g),cupboard,cereals,2024-11-19
Quaker Oat So Simple Big Bowl Golden Syrup Porridge 6 Pack,£1.75,(58.8p/100g),cupboard,cereals,2024-11-19
Quaker Golden Syrup Porridge Sachets 6 x 36g,£2.00,(92.6p/100g),cupboard,cereals,2024-11-19
Quaker Oat So Simple Simply Strawberry,£3.50,(£1.35/100g),cupboard,cereals,2024-11-19
Quaker Original Porridge Sachets 6 x 27g,£2.00,(£1.23/100g),cupboard,cereals,2024-11-19
Quaker Oat So Simple Original Porridge Sachets,£4.50,(83.3p/100g),cupboard,cereals,2024-11-19
FUEL10K Chocolate Porridge 10x,£2.00,(55.6p/100g),cupboard,cereals,2024-11-19
Quaker Oat So Simple Original Porridge Sachets,£3.50,(£1.30/100g),cupboard,cereals,2024-11-19
Quaker Oat So Simple Golden Syrup Family Pack Porridge Sachets,£4.50,(62.5p/100g),cupboard,cereals,2024-11-19
ASDA Coconut Flavour Porridge Sachets 8 x 36g (288g),£1.00,(34.7p/100g),cupboard,cereals,2024-11-19
Quaker Oat So Simple Big Bowl Original Porridge 6 Pack,£1.75,(75.8p/100g),cupboard,cereals,2024-11-19
FUEL10K Golden Syrup Porridge 10x,£2.50,(69.4p/100g),cupboard,cereals,2024-11-19
JUST ESSENTIALS by ASDA Porridge Oats,£0.90,(9.0p/100g),cupboard,cereals,2024-11-19
ASDA Ready Oats 750g,£2.10,(28.0p/100g),cupboard,cereals,2024-11-19
Ready Brek Smooth Porridge Oats Original,£3.29,(43.9p/100g),cupboard,cereals,2024-11-19
ASDA Golden Syrup Flavour Porridge Pot,£0.50,(87.7p/100g),cupboard,cereals,2024-11-19
ASDA Scottish Porridge Oats 1kg,£1.25,(12.5p/100g),cupboard,cereals,2024-11-19
FUEL10K High Protein Salted Caramel Porridge Pot,£1.29,(£1.84/100g),cupboard,cereals,2024-11-19
FUEL10K Protein Boosted Chunky Chocolate Granola,£1.29,(£1.84/100g),cupboard,cereals,2024-11-19
ASDA Organic Wholegrain Porridge Oats,£2.20,(29.3p/100g),cupboard,cereals,2024-11-19
Quaker High in Protein Strawberries & Cream Porridge Sachets 8x42g,£3.50,(£8.35/100g),cupboard,cereals,2024-11-19
Ambrosia Ready to Eat Porridge Golden Syrup Flavour 210g,£1.29,(61.4p/100g),cupboard,cereals,2024-11-19
Mornflake Migthy Oats Scottish Jumbo Oats,£2.20,(14.7p/100g),cupboard,cereals,2024-11-19
Up & Go Breakfast Shake Banana & Honey 300ml,£1.25,(41.7p/100ml),cupboard,cereals,2024-11-19
ASDA British Porridge Oats 500g,£0.90,(18.0p/100g),cupboard,cereals,2024-11-19
Scott's Old Fashioned Porridge Oats,£2.75,(27.5p/100g),cupboard,cereals,2024-11-19
Quaker Porridge Oats,£3.25,(21.7p/100g),cupboard,cereals,2024-11-19
FUEL10K High Fibre Chocolate Breakfast Oat Drink,£1.29,(39.1p/100ml),cupboard,cereals,2024-11-19
Quaker Porridge Jumbo Oats,£2.75,(27.5p/100g),cupboard,cereals,2024-11-19
Quaker Summer Berries Porridge Pot 58g,£1.29,(£2.22/100g),cupboard,cereals,2024-11-19
FUEL10K High Protein Vanilla Breakfast Milk Drink,£1.29,(39.1p/100ml),cupboard,cereals,2024-11-19
Mornflake Creamy Superfast Oats,£0.89,(17.8p/100g),cupboard,cereals,2024-11-19
ASDA Chocolate Protein Porridge Pot 70g,£0.79,(£1.13/100g),cupboard,cereals,2024-11-19
Quaker High in Protein Peanut Butter Porridge Sachets 8x43g,£3.50,(£1.35/100g),cupboard,cereals,2024-11-19
Up & Go Breakfast Shake Chocolate 300ml,£1.25,(41.7p/100ml),cupboard,cereals,2024-11-19
FUEL10K High Protein Banana Breakfast Milk Drink,£1.29,(39.1p/100ml),cupboard,cereals,2024-11-19
Mornflake Mighty Oats Organic Porridge Oats 1kg,£2.50,(25.0p/100g),cupboard,cereals,2024-11-19
Quaker Oat So Simple Golden Syrup Porridge Pot,£1.29,(£2.26/100g),cupboard,cereals,2024-11-19
Quaker Oat So Simple Apple & Blueberry Porridge 10 Pack,£3.50,(97.2p/100g),cupboard,cereals,2024-11-19
FUEL10K Protein Boosted Peanut Crunch Granola,£1.29,(£1.84/100g),cupboard,cereals,2024-11-19
Quaker Oat So Simple Sultanas & Raisins Porridge 10 Pack,£3.50,(90.9p/100g),cupboard,cereals,2024-11-19
Ambrosia Ready to Eat Porridge Pot Layered Raspberry,£1.29,(61.4p/100g),cupboard,cereals,2024-11-19
FUEL10K Double Chocolate Oat Square 50g,£1.30,(£2.60/100g),cupboard,cereals,2024-11-19
Quaker Protein Golden Syrup Porridge Pot 63g,£1.29,(£2.05/100g),cupboard,cereals,2024-11-19
Quaker Oat So Simple Protein Original Porridge 8 Pack,£3.50,(£1.14/100g),cupboard,cereals,2024-11-19
Quaker Oat Porridge To Go Golden Syrup Breakfast Bars,£1.60,(£1.45/100g),cupboard,cereals,2024-11-19
FUEL10K High Protein Apple & Cinnamon Porridge Pot,£1.29,(£1.84/100g),cupboard,cereals,2024-11-19
Quaker Oat So Simple Golden Syrup Porridge 10 Pack,£3.50,(97.2p/100g),cupboard,cereals,2024-11-19
Quaker 100% Wholegrain Rolled Porridge Oats,£2.75,(27.5p/100g),cupboard,cereals,2024-11-19
Scott's Original Scottish Porridge Oats,£2.75,(27.5p/100g),cupboard,cereals,2024-11-19
Quaker Oat So Simple Sweet Cinnamon Porridge 10 Pack,£3.50,(£1.06/100g),cupboard,cereals,2024-11-19
Quaker Heavenly Oats Caramel Fudge Porridge Pot,£1.29,(£2.19/100g),cupboard,cereals,2024-11-19
Quaker Oat So Simple Mixed Berries Porridge,£3.50,(£1.06/100g),cupboard,cereals,2024-11-19
Quaker Protein Golden Syrup Porridge Pot 63g,£1.29,(£2.05/100g),cupboard,cereals,2024-11-19
Quaker Oat So Simple Original Porridge Sachets,£3.50,(£1.30/100g),cupboard,cereals,2024-11-19
Quaker Porridge Jumbo Oats,£2.75,(27.5p/100g),cupboard,cereals,2024-11-19
Quaker Oat So Simple Protein Original Porridge 8 Pack,£3.50,(£1.14/100g),cupboard,cereals,2024-11-19
Quaker Oat So Simple Golden Syrup Porridge Pot,£1.29,(£2.26/100g),cupboard,cereals,2024-11-19
Quaker 100% Wholegrain Rolled Porridge Oats,£2.75,(27.5p/100g),cupboard,cereals,2024-11-19
Quaker Oat So Simple Protein Original Porridge 8 Pack,£3.50,(£1.14/100g),cupboard,cereals,2024-11-19
Quaker Oat So Simple Golden Syrup Porridge 10 Pack,£3.50,(97.2p/100g),cupboard,cereals,2024-11-19
"Quaker Porridge To Go Strawberry, Raspberry & Cranberry Breakfast Bars 2x55g",£1.60,(£1.45/100g),cupboard,cereals,2024-11-19
Ambrosia Ready to Eat Porridge Original 210g,£1.29,(61.4p/100g),cupboard,cereals,2024-11-19
ASDA Jumbo British Porridge Oats 1kg,£1.29,(12.9p/100g),cupboard,cereals,2024-11-19
FUEL10K High Protein Apple & Cinnamon Porridge Pot,£1.29,(£1.84/100g),cupboard,cereals,2024-11-19
FUEL10K High Protein Double Chocolate Oat Muffin Pot,£1.29,(£2.48/100g),cupboard,cereals,2024-11-19
Quaker Caramelised Biscuit Porridge Pot 57g,£1.29,(£2.26/100g),cupboard,cereals,2024-11-19
FUEL10K High Protein Chocolate Porridge Pot,£1.29,(£1.84/100g),cupboard,cereals,2024-11-19
Quaker Oat So Simple Protein Golden Syrup Porridge,£3.50,(£1.02/100g),cupboard,cereals,2024-11-19
ASDA Apple & Blueberry Porridge Pot,£0.50,(87.7p/100g),cupboard,cereals,2024-11-19
ASDA Protein Porridge Pot Cinnamon & Pecan 70g,£0.79,(£1.13/100g),cupboard,cereals,2024-11-19
FUEL10K High Protein Super Berry Porridge Pot,£1.29,(£1.84/100g),cupboard,cereals,2024-11-19
Quaker Oat So Simple Classic Banana Porridge Sachets,£3.50,(£1.01/100g),cupboard,cereals,2024-11-19
Quaker Porridge To Go Cinnamon Breakfast Bars,£1.60,(£1.45/100g),cupboard,cereals,2024-11-19
FUEL10K Salted Caramel Porridge 10x,£2.50,(69.4p/100g),cupboard,cereals,2024-11-19
Mornflake Original Heart Healthy Oatbran,£2.50,(31.2p/100g),cupboard,cereals,2024-11-19
Quaker Oats Hazelnut Chocolate Porridge Pot 58g,£1.29,(£2.22/100g),cupboard,cereals,2024-11-19
FUEL10K High Protein Strawberry Breakfast Milk Drink,£1.29,(39.1p/100ml),cupboard,cereals,2024-11-19
Quaker Oats High Protein Peanut Butter Porridge Pot 59g,£1.29,(£2.22/100g),cupboard,cereals,2024-11-19
Scott's Original Scottish Porridge Oats,£2.75,(27.5p/100g),cupboard,cereals,2024-11-19
ASDA Original Porridge Pot,£0.50,(£1.00/100g),cupboard,cereals,2024-11-19
Quaker Oat So Simple Apple & Blueberry Porridge Pot,£1.29,(£2.26/100g),cupboard,cereals,2024-11-19
Ambrosia Porridge with Apple & Blueberry Layer 210g,£1.29,(61.4p/100g),cupboard,cereals,2024-11-19
FUEL10K High Protein Chocolate Breakfast Milk Drink,£1.29,(39.1p/100ml),cupboard,cereals,2024-11-19
FUEL10K High Protein Golden Syrup Porridge Pot,£1.29,(£1.84/100g),cupboard,cereals,2024-11-19
Flahavan's Irish Porridge Oats Original,£2.75,(18.3p/100g),cupboard,cereals,2024-11-19
Quaker Oat So Simple Original Porridge Pot,£1.29,(£2.87/100g),cupboard,cereals,2024-11-19
Quaker 100% Wholegrain Rolled Porridge Oats,£1.50,(30.0p/100g),cupboard,cereals,2024-11-19
Quaker Caramelised Biscuit Porridge Sachets 10 x 33.4g,£3.50,(£1.05/100g),cupboard,cereals,2024-11-19
Quaker Oats High Protein Strawberries & Cream Porridge Pot 58g,£1.29,(£2.18/100g),cupboard,cereals,2024-11-19
Quaker Heavenly Oats Caramel Fudge Porridge Pot,£1.29,(£2.19/100g),cupboard,cereals,2024-11-19
Quaker Oat So Simple Sweet Cinnamon Porridge Pot,£1.29,(£2.26/100g),cupboard,cereals,2024-11-19
Mornflake Creamy Superfast Oats,£2.50,(12.5p/100g),cupboard,cereals,2024-11-19
Quaker Banana & Strawberry Porridge Pot 58g,£1.29,(£2.22/100g),cupboard,cereals,2024-11-19
George Home Stacking Canister,£8.00,(£8.00/each),cupboard,cereals,2024-11-19
George Home Acacia Lid Jar,£5.00,(£5.00/each),cupboard,cereals,2024-11-19
George Home Soup Mug,£1.50,(£1.50/each),cupboard,cereals,2024-11-19
FUEL10K Chocolate Breakfast A Day Bundle,£5.58,null,cupboard,cereals,2024-11-19
George Home Clear Glass Clip Lid Canister,£2.00,(£2.00/each),cupboard,cereals,2024-11-19
Sistema Klip It Plus Rectangular Food Storage 2.2L 3 Pack,£12.00,(£4.00/each),cupboard,cereals,2024-11-19
George Home 2.2L Clip Lid Food Storer,£2.00,(£2.00/each),cupboard,cereals,2024-11-19
George Home Food Storer with Strainer,£1.50,(£1.50/each),cupboard,cereals,2024-11-19
George Home Cream Workstop Canisters,£6.00,(£2.00/each),cupboard,cereals,2024-11-19
George Home Glass Canister With Wooden Lid 750ml,£2.00,(£2.00/each),cupboard,cereals,2024-11-19
Neoflam Food Storer 3.3L,£6.00,(£6.00/each),cupboard,cereals,2024-11-19
Quaker 100% Wholegrain Rolled Porridge Oats,£2.75,(27.5p/100g),cupboard,cereals,2024-11-19
Scott's Original Scottish Porridge Oats,£2.75,(27.5p/100g),cupboard,cereals,2024-11-19
Quaker Porridge Jumbo Oats,£2.75,(27.5p/100g),cupboard,cereals,2024-11-19
Scott's Old Fashioned Porridge Oats,£2.75,(27.5p/100g),cupboard,cereals,2024-11-19
Quaker Heavenly Oats Caramel Fudge Porridge Pot,£1.29,(£2.19/100g),cupboard,cereals,2024-11-19
Quaker Oat So Simple Protein Original Porridge 8 Pack,£3.50,(£1.14/100g),cupboard,cereals,2024-11-19
Quaker Oat So Simple Golden Syrup Porridge 10 Pack,£3.50,(97.2p/100g),cupboard,cereals,2024-11-19
Quaker Oat So Simple Mixed Berries Porridge,£3.50,(£1.06/100g),cupboard,cereals,2024-11-19
Quaker Oat So Simple Original Porridge Sachets,£3.50,(£1.30/100g),cupboard,cereals,2024-11-19
Quaker Oat So Simple Sweet Cinnamon Porridge 10 Pack,£3.50,(£1.06/100g),cupboard,cereals,2024-11-19
Quaker Summer Berries Porridge Pot 58g,£1.29,(£2.22/100g),cupboard,cereals,2024-11-19
Quaker Oat So Simple Sweet Cinnamon Porridge Pot,£1.29,(£2.26/100g),cupboard,cereals,2024-11-19
Quaker 100% Wholegrain Rolled Porridge Oats,£2.75,(27.5p/100g),cupboard,cereals,2024-11-19
Quaker Oat So Simple Protein Original Porridge 8 Pack,£3.50,(£1.14/100g),cupboard,cereals,2024-11-19
Quaker Oat So Simple Golden Syrup Porridge 10 Pack,£3.50,(97.2p/100g),cupboard,cereals,2024-11-19
George Home Premium Rectangular Food Storer,£1.50,(£1.50/each),cupboard,cereals,2024-11-19
George Home Glass Canister With Wooden Lid 750ml,£2.00,(£2.00/each),cupboard,cereals,2024-11-19
Neoflam Food Storer 3.3L,£6.00,(£6.00/each),cupboard,cereals,2024-11-19
Sistema Bento Cube to Go,£7.00,(£7.00/each),cupboard,cereals,2024-11-19
George Home Round Clip Lid Food Storers,£1.50,(50.0p/each),cupboard,cereals,2024-11-19
Sistema Klip It Plus Rectangular Food Storage 2.2L 3 Pack,£12.00,(£4.00/each),cupboard,cereals,2024-11-19
At Home with Stacey Solomon Clear Glass Canister Extra Large,£7.00,(£7.00/each),cupboard,cereals,2024-11-19
Kitchen Queen Storer,£18.00,(£18.00/each),cupboard,cereals,2024-11-19
George Home 250ml Plastic Food Storers 5pk,£1.00,(20.0p/each),cupboard,cereals,2024-11-19
ASDA 6 Plastic Tubs,£2.50,(41.7p/each),cupboard,cereals,2024-11-19
George Home Black Kitchen Canister - Set of 5,£20.00,(£4.00/each),cupboard,cereals,2024-11-19
At Home with Stacey Solomon Clear Glass Canister Large,£6.00,(£6.00/each),cupboard,cereals,2024-11-19
George Home Natural Laundry Bag,£4.50,(£4.50/each),cupboard,cereals,2024-11-19
George Home Peel Lid Dry Food Storer - Colour May Vary,£2.50,(£2.50/each),cupboard,cereals,2024-11-19
George Home Acacia Lid Spaghetti Canister,£5.00,(£5.00/each),cupboard,cereals,2024-11-19
George Home Blue Canister Set,£6.00,(£2.00/each),cupboard,cereals,2024-11-19
Wham 5.02 Box Green,£4.00,(£4.00/each),cupboard,cereals,2024-11-19
Wham Crystal 11 Litre Box & Lid Clear,£3.00,(£3.00/each),cupboard,cereals,2024-11-19
Curver My Style Cube 25L Grey,£5.00,(£5.00/each),cupboard,cereals,2024-11-19
George Home Spice Rack,£10.00,(£10.00/each),cupboard,cereals,2024-11-19
Neoflam Food Storer 1.35L,£3.75,(£3.75/each),cupboard,cereals,2024-11-19
Melvit Premium Roasted Buckwheat Groats 4 x 100g (400g),£1.80,(45.0p/100g),cupboard,cereals,2024-11-19
George Home Clip Lid Food Storer 900ml,£1.00,(£1.00/each),cupboard,cereals,2024-11-19
George Home Clear Glass Clip Lid Canister,£2.00,(£2.00/each),cupboard,cereals,2024-11-19
George Home Natural Rattan Storage Tray,£9.00,(£3.00/each),cupboard,cereals,2024-11-19
George Home Peel Lid Food Storer Set - Colour May Vary,£7.00,(£7.00/each),cupboard,cereals,2024-11-19
George Home Green Stacking Canisters - Pack of 3,£8.00,(£8.00/each),cupboard,cereals,2024-11-19
George Home 7 Pack Nested Food Storers,£5.00,(71.4p/each),cupboard,cereals,2024-11-19
George Home 3 Nested Food Storers,£5.00,(£1.67/each),cupboard,cereals,2024-11-19
George Home 8 Piece Clip-Lid Food Storage Set,£6.00,(75.0p/each),cupboard,cereals,2024-11-19
George Home Glass Storage Jar with Screw Lid,£2.00,(£2.00/each),cupboard,cereals,2024-11-19
George Home Bag Clips,£2.00,(£2.00/each),cupboard,cereals,2024-11-19
George Home Spice Jar,£1.00,(£1.00/each),cupboard,cereals,2024-11-19
Neoflam Food Storer 3.6L,£6.50,(£6.50/each),cupboard,cereals,2024-11-19
George Home Canister Set,£20.00,(£20.00/each),cupboard,cereals,2024-11-19
George Home Peel Lid Food Storers - Colour May Vary,£1.00,(50.0p/each),cupboard,cereals,2024-11-19
George Home Grey Workstop Storage Canisters,£6.00,(£2.00/each),cupboard,cereals,2024-11-19
George Home Grey Geo Ceramic Canister,£3.00,(£3.00/each),cupboard,cereals,2024-11-19
Sistema Klip It Plus Rectangular Food Storage Essentials 6 Pack,£15.00,(£2.50/each),cupboard,cereals,2024-11-19
Sistema Sistema 1.15L Square Klip It Plus 3 Pack,£10.00,(£3.33/each),cupboard,cereals,2024-11-19
Wham 1.01 Cube White,£0.80,(80.0p/each),cupboard,cereals,2024-11-19
George Home Cream Bread Bin,£12.00,(£12.00/each),cupboard,cereals,2024-11-19
George Home Bento Box,£3.50,(£3.50/each),cupboard,cereals,2024-11-19
George Home Square Glass Canister With Chrome Lid 700ml,£3.00,(£3.00/each),cupboard,cereals,2024-11-19
Neoflam Food Storer 1.7L Round,£4.25,(£4.25/each),cupboard,cereals,2024-11-19
George Home Clip Lid Canister,£3.00,(£3.00/each),cupboard,cereals,2024-11-19
Sistema Klip it Food Storer,£5.00,(£5.00/each),cupboard,cereals,2024-11-19
George Home Cereal Food Storer,£2.75,(£2.75/each),cupboard,cereals,2024-11-19
Smart Seal Food Storer 2.7L Tall,£5.00,(£5.00/each),cupboard,cereals,2024-11-19
George Home Wood Top Canister,£2.25,(£2.25/each),cupboard,cereals,2024-11-19
George Home Green Canister Set,£6.00,(£2.00/each),cupboard,cereals,2024-11-19
Wham Crystal 2.6L Box & Lid Clear,£1.50,(£1.50/each),cupboard,cereals,2024-11-19
Wham 4.02 Box Green,£2.00,(£2.00/each),cupboard,cereals,2024-11-19
George Home Spice Jars,£2.00,(50.0p/each),cupboard,cereals,2024-11-19
At Home with Stacey Solomon Clear Glass Canister Small,£4.00,(£4.00/each),cupboard,cereals,2024-11-19
George Home Square Glass Canister With Chrome Lid 1900ml,£4.50,(£4.50/each),cupboard,cereals,2024-11-19
George Home Peel Lid Food Storer with Handle - Colour May Vary,£2.50,(£2.50/each),cupboard,cereals,2024-11-19
Quaker 100% Wholegrain Rolled Porridge Oats,£2.75,(27.5p/100g),cupboard,cereals,2024-11-19
Scott's Original Scottish Porridge Oats,£2.75,(27.5p/100g),cupboard,cereals,2024-11-19
Quaker Porridge Jumbo Oats,£2.75,(27.5p/100g),cupboard,cereals,2024-11-19
Scott's Old Fashioned Porridge Oats,£2.75,(27.5p/100g),cupboard,cereals,2024-11-19
Quaker Heavenly Oats Caramel Fudge Porridge Pot,£1.29,(£2.19/100g),cupboard,cereals,2024-11-19
Quaker Oat So Simple Protein Original Porridge 8 Pack,£3.50,(£1.14/100g),cupboard,cereals,2024-11-19
Quaker Oat So Simple Golden Syrup Porridge 10 Pack,£3.50,(97.2p/100g),cupboard,cereals,2024-11-19
Quaker Oat So Simple Mixed Berries Porridge,£3.50,(£1.06/100g),cupboard,cereals,2024-11-19
Quaker Oat So Simple Original Porridge Sachets,£3.50,(£1.30/100g),cupboard,cereals,2024-11-19
Quaker Oat So Simple Sweet Cinnamon Porridge 10 Pack,£3.50,(£1.06/100g),cupboard,cereals,2024-11-19
Quaker Summer Berries Porridge Pot 58g,£1.29,(£2.22/100g),cupboard,cereals,2024-11-19
Quaker Oat So Simple Sweet Cinnamon Porridge Pot,£1.29,(£2.26/100g),cupboard,cereals,2024-11-19
Quaker 100% Wholegrain Rolled Porridge Oats,£2.75,(27.5p/100g),cupboard,cereals,2024-11-19
Quaker Oat So Simple Protein Original Porridge 8 Pack,£3.50,(£1.14/100g),cupboard,cereals,2024-11-19
Quaker Oat So Simple Golden Syrup Porridge 10 Pack,£3.50,(97.2p/100g),cupboard,cereals,2024-11-19
George Home 1.3L Clip Lid Food Storer,£1.25,(£1.25/each),cupboard,cereals,2024-11-19
George Home Clip Lid Food Storer with Scoop,£3.75,(£3.75/each),cupboard,cereals,2024-11-19
Wham Crystal 25L Box & Lid Clear,£4.00,(£4.00/each),cupboard,cereals,2024-11-19
George Home Square Glass Canister With Chrome Lid 1000ml,£3.50,(£3.50/each),cupboard,cereals,2024-11-19
George Home Small Black Wire Basket,£2.75,(£2.75/each),cupboard,cereals,2024-11-19
George Home 10L Food Container with Handle,£3.00,(£3.00/each),cupboard,cereals,2024-11-19
Pyrex Glass Dish With Lid,£6.50,(£6.50/each),cupboard,cereals,2024-11-19
At Home with Stacey Solomon Clear Glass Canister Medium,£5.50,(£5.50/each),cupboard,cereals,2024-11-19
George Home Mini Food Storers,£2.00,(50.0p/each),cupboard,cereals,2024-11-19
George Home Food Storers,£7.00,(33.3p/each),cupboard,cereals,2024-11-19
George Home Glass Food Storer,£3.00,(£3.00/each),cupboard,cereals,2024-11-19
George Home Large Bonbon Biscuit Jar,£7.00,(£7.00/each),cupboard,cereals,2024-11-19
Sistema Klip It Food Storers,£7.00,(£2.33/each),cupboard,cereals,2024-11-19
George Home Glass Worktop Storage Jar,£2.00,(£2.00/each),cupboard,cereals,2024-11-19
ASDA Free From Golden Syrup Flavour Porridge Pot,£0.75,(£1.36/100g),cupboard,cereals,2024-11-19
ASDA Free From Original Porridge Pot,£0.75,(£1.36/100g),cupboard,cereals,2024-11-19
George Home Premium Rectangular Food Storers,£6.00,(£1.50/each),cupboard,cereals,2024-11-19
George Home 450ml Clip Lid Food Storers,£1.25,(62.5p/each),cupboard,cereals,2024-11-19
George Home Acacia Lid Jar,£6.00,(£6.00/each),cupboard,cereals,2024-11-19
George Home Acacia Lid Jar 700ml,£3.75,(£3.75/each),cupboard,cereals,2024-11-19
Sistema Klip It Food Storer,£2.00,(£2.00/each),cupboard,cereals,2024-11-19
ASDA Free From Pure Porridge Oats,£1.70,(37.8p/100g),cupboard,cereals,2024-11-19
George Home Acacia Lid Jar 400ml,£2.75,(£2.75/each),cupboard,cereals,2024-11-19
George Home Clear Glass Clip Lid Canister,£1.50,(£1.50/each),cupboard,cereals,2024-11-19
Neoflam Food Storer 2.7L Wide,£5.00,(£5.00/each),cupboard,cereals,2024-11-19
George Home Food Storers,£1.00,(50.0p/each),cupboard,cereals,2024-11-19
George Home Disney Stitch Cake Tin - Set of 2,£8.50,(£8.50/each),cupboard,cereals,2024-11-19
George Home 3 Piece Rectangular Food Storage Set,£4.50,(£1.50/each),cupboard,cereals,2024-11-19
George Home Stainless Steel Food Flask,£6.00,(£6.00/each),cupboard,cereals,2024-11-19
George Home Mini Twist Food Storers 4 Pack,£2.00,(50.0p/each),cupboard,cereals,2024-11-19
George Home Noodle Bowl,£1.75,(£1.75/each),cupboard,cereals,2024-11-19
George Home Ribbed Clip Lid Canister 500ml,£2.00,(£2.00/each),cupboard,cereals,2024-11-19
George Home Natural Woven Fringed Storage Basket,£10.00,(£10.00/each),cupboard,cereals,2024-11-19
George Home Food Storers,£4.00,(£1.00/each),cupboard,cereals,2024-11-19
George Home Screw Lid Canister,£1.50,(£1.50/each),cupboard,cereals,2024-11-19
Sistema Multi-Coloured Klip it Food Storer,£8.00,(£8.00/each),cupboard,cereals,2024-11-19
Really Useful Boxes Small 3L Storage Box,£4.00,(£4.00/each),cupboard,cereals,2024-11-19
George Home 3 Piece Square Food Storage Set,£3.00,(£1.00/each),cupboard,cereals,2024-11-19
Quaker Rolled Porridge Oats 2 x 1kg Bundle,£4.00,null,cupboard,cereals,2024-11-19
George Home 600ml Plastic Food Storers 16pk,£3.00,(18.8p/each),cupboard,cereals,2024-11-19
Nairn's Scottish Porridge Oats,£2.20,(48.9p/100g),cupboard,cereals,2024-11-19
Sistema Multi-Coloured Klip It Food Storer 1 Litre,£3.50,(£3.50/each),cupboard,cereals,2024-11-19
George Home 2.2L Lunch Box,£2.50,(£2.50/each),cupboard,cereals,2024-11-19
George Home Glass Canister With Wooden Lid,£2.50,(£2.50/each),cupboard,cereals,2024-11-19
George Home Canister Set of 3 - Grey,£7.00,(£2.33/each),cupboard,cereals,2024-11-19
Quaker Oat So Simple Gluten Free Original Porridge,£3.80,(£1.09/100g),cupboard,cereals,2024-11-19
Pyrex Glass Dish With Lid,£9.00,(£9.00/each),cupboard,cereals,2024-11-19
George Home Clip Lid Canister,£2.50,(£2.50/each),cupboard,cereals,2024-11-19
George Home Mini Food Storers 3 Pack,£2.00,(66.7p/each),cupboard,cereals,2024-11-19
George Home Large Black Wire Basket,£3.75,(£3.75/each),cupboard,cereals,2024-11-19
George Home 1L Plastic Food Storers 3pk,£1.00,(33.3p/each),cupboard,cereals,2024-11-19
Sistema Sistema 1.15L Square Klip It Plus,£3.75,(£3.75/each),cupboard,cereals,2024-11-19
Sistema Snack Box 3 Pack,£6.00,(£2.00/each),cupboard,cereals,2024-11-19
George Home Medium Glass Jar,£3.50,(£3.50/each),cupboard,cereals,2024-11-19
Neoflam Food Storer 4.5L,£7.50,(£7.50/each),cupboard,cereals,2024-11-19
George Home 2.5L Clip Lid Jug,£2.25,(£2.25/each),cupboard,cereals,2024-11-19
George Home Peel Lid Food Storer - Colour May Vary,£1.50,(£1.50/each),cupboard,cereals,2024-11-19
Quaker 100% Wholegrain Rolled Porridge Oats,£2.75,(27.5p/100g),cupboard,cereals,2024-11-19
Scott's Original Scottish Porridge Oats,£2.75,(27.5p/100g),cupboard,cereals,2024-11-19
Quaker Porridge Jumbo Oats,£2.75,(27.5p/100g),cupboard,cereals,2024-11-19
Scott's Old Fashioned Porridge Oats,£2.75,(27.5p/100g),cupboard,cereals,2024-11-19
Quaker Heavenly Oats Caramel Fudge Porridge Pot,£1.29,(£2.19/100g),cupboard,cereals,2024-11-19
Quaker Oat So Simple Protein Original Porridge 8 Pack,£3.50,(£1.14/100g),cupboard,cereals,2024-11-19
Quaker Oat So Simple Golden Syrup Porridge 10 Pack,£3.50,(97.2p/100g),cupboard,cereals,2024-11-19
Quaker Oat So Simple Mixed Berries Porridge,£3.50,(£1.06/100g),cupboard,cereals,2024-11-19
Quaker Oat So Simple Original Porridge Sachets,£3.50,(£1.30/100g),cupboard,cereals,2024-11-19
Quaker Oat So Simple Sweet Cinnamon Porridge 10 Pack,£3.50,(£1.06/100g),cupboard,cereals,2024-11-19
Quaker Summer Berries Porridge Pot 58g,£1.29,(£2.22/100g),cupboard,cereals,2024-11-19
Quaker Oat So Simple Sweet Cinnamon Porridge Pot,£1.29,(£2.26/100g),cupboard,cereals,2024-11-19
Quaker 100% Wholegrain Rolled Porridge Oats,£2.75,(27.5p/100g),cupboard,cereals,2024-11-19
Quaker Oat So Simple Protein Original Porridge 8 Pack,£3.50,(£1.14/100g),cupboard,cereals,2024-11-19
Quaker Oat So Simple Golden Syrup Porridge 10 Pack,£3.50,(97.2p/100g),cupboard,cereals,2024-11-19
Pyrex Glass Dish With Lid,£9.00,(£9.00/each),cupboard,cereals,2024-11-19
George Home Medium Glass Jar,£3.50,(£3.50/each),cupboard,cereals,2024-11-19
Quaker Gluten Free Original Porridge Oats,£3.60,(70.6p/100g),cupboard,cereals,2024-11-19
Smart Seal Food Storer 2.1L,£4.50,(£4.50/each),cupboard,cereals,2024-11-19
Quaker Oat So Simple Gluten Free Original Porridge,£3.80,(£1.09/100g),cupboard,cereals,2024-11-19
George Home Canister Set of 3 - Grey,£7.00,(£2.33/each),cupboard,cereals,2024-11-19
George Home Ribbed Clip Lid Canister 2L,£3.00,(£3.00/each),cupboard,cereals,2024-11-19
George Home Lunch Bag Storage Set,£8.00,(£8.00/each),cupboard,cereals,2024-11-19
George Home 3.6L Clip Lid Food Storer,£2.75,(£2.75/each),cupboard,cereals,2024-11-19
Quaker 100% Wholegrain Rolled Porridge Oats,£2.75,(27.5p/100g),cupboard,cereals,2024-11-19
Scott's Original Scottish Porridge Oats,£2.75,(27.5p/100g),cupboard,cereals,2024-11-19
Quaker Porridge Jumbo Oats,£2.75,(27.5p/100g),cupboard,cereals,2024-11-19
Scott's Old Fashioned Porridge Oats,£2.75,(27.5p/100g),cupboard,cereals,2024-11-19
Quaker Heavenly Oats Caramel Fudge Porridge Pot,£1.29,(£2.19/100g),cupboard,cereals,2024-11-19
Quaker Oat So Simple Protein Original Porridge 8 Pack,£3.50,(£1.14/100g),cupboard,cereals,2024-11-19
Quaker Oat So Simple Golden Syrup Porridge 10 Pack,£3.50,(97.2p/100g),cupboard,cereals,2024-11-19
Quaker Oat So Simple Mixed Berries Porridge,£3.50,(£1.06/100g),cupboard,cereals,2024-11-19
Quaker Oat So Simple Original Porridge Sachets,£3.50,(£1.30/100g),cupboard,cereals,2024-11-19
Quaker Oat So Simple Sweet Cinnamon Porridge 10 Pack,£3.50,(£1.06/100g),cupboard,cereals,2024-11-19
Quaker Summer Berries Porridge Pot 58g,£1.29,(£2.22/100g),cupboard,cereals,2024-11-19
Quaker Oat So Simple Sweet Cinnamon Porridge Pot,£1.29,(£2.26/100g),cupboard,cereals,2024-11-19
Heinz Beanz in a Rich Tomato Sauce Great Value Pack 4 x 200g,£2.75,(£3.44/kg),cupboard,canned,2024-11-19
Heinz Beanz in a Rich Tomato Sauce Big Value Pack,£3.60,(£3.00/kg),cupboard,canned,2024-11-19
Branston Baked Beans in Tomato Sauce,£2.50,(£1.52/kg),cupboard,canned,2024-11-19
Heinz Baked Beans,£1.40,(£3.37/kg),cupboard,canned,2024-11-19
Heinz Beanz in a Rich Tomato Sauce 6 x 200g,£3.60,(£3.00/kg),cupboard,canned,2024-11-19
Heinz Baked Beans Snap Pots,£3.00,(£3.75/kg),cupboard,canned,2024-11-19
Branston Baked Beans 6 x 410g,£3.75,(15.2p/100g),cupboard,canned,2024-11-19
Branston Baked Beans with Sausages in Tomato Sauce,£1.00,(£2.47/kg),cupboard,canned,2024-11-19
Heinz Baked Beans,£3.75,(£2.26/kg),cupboard,canned,2024-11-19
Heinz Baked Beans in a Rich Tomato Sauce,£5.25,(£2.11/kg),cupboard,canned,2024-11-19
Heinz Beanz in A Rich Tomato Sauce with Richmond Pork Sausages 415g,£2.00,(£4.82/kg),cupboard,canned,2024-11-19
ASDA Baked Beans in a Rich Tomato Sauce 410g,£0.42,(£1.02/kg),cupboard,canned,2024-11-19
Branston Baked Beans,£1.00,(£2.44/kg),cupboard,canned,2024-11-19
Heinz No Added Sugar Baked Beans in a Rich Tomato Sauce,£3.75,(£2.26/kg),cupboard,canned,2024-11-19
Heinz Baked Beans Snap Pots,£3.00,(£3.75/kg),cupboard,canned,2024-11-19
ASDA Asda Baked Beans 4 x 410g,£1.61,(98.2p/kg),cupboard,canned,2024-11-19
Heinz Beanz in a Rich Tomato Sauce 4 x 200g,£2.75,(£3.44/kg),cupboard,canned,2024-11-19
Heinz Baked Beans Barbecue,£1.40,(£3.59/kg),cupboard,canned,2024-11-19
Heinz Baked Beans,£0.80,(£5.33/kg),cupboard,canned,2024-11-19
Heinz No Added Sugar Baked Beans,£1.40,(£3.37/kg),cupboard,canned,2024-11-19
Heinz Five Mixed Beans,£1.40,(£3.37/kg),cupboard,canned,2024-11-19
Heinz Beanz In a Rich Tomato Sauce With Richmond Pork Sausages 200g,£1.40,(£7.00/kg),cupboard,canned,2024-11-19
Branston Baked Beans,£0.50,(£2.27/kg),cupboard,canned,2024-11-19
ASDA Baked Beans in a Rich Tomato Sauce 410g,£0.42,(£1.02/kg),cupboard,canned,2024-11-19
Heinz Baked Beans Chilli,£1.40,(£3.59/kg),cupboard,canned,2024-11-19
Heinz Baked Beans,£1.00,(£5.00/kg),cupboard,canned,2024-11-19
Branston Reduced Salt and Sugar Baked Beans 410g,£1.00,(£2.44/kg),cupboard,canned,2024-11-19
ASDA Asda Baked Beans 4 x 410g,£1.61,(98.2p/kg),cupboard,canned,2024-11-19
Heinz Cathedral City Cheesy Tinned Baked Beans 390g,£1.80,(£4.62/kg),cupboard,canned,2024-11-19
Heinz Limited Edition Beanz Tikka Creamy 390g,£1.40,(£3.59/kg),cupboard,canned,2024-11-19
Heinz No Added Sugar Baked Beans,£1.00,(£5.00/kg),cupboard,canned,2024-11-19
Heinz Limited Edition Beanz Jalfrezi 390g,£1.40,(£3.59/kg),cupboard,canned,2024-11-19
Heinz Cupboard Fillers,£6.35,null,cupboard,canned,2024-11-19
ASDA Baked Beans in a Rich Tomato Sauce 210g,£0.23,(£1.10/kg),cupboard,canned,2024-11-19
ASDA Baked Beans & Sausages in a Rich Tomato Sauce 405g,£0.56,(£1.38/kg),cupboard,canned,2024-11-19
Heinz Spaghetti Hoops,£3.00,(£1.88/kg),cupboard,canned,2024-11-19
Heinz Spaghetti Carbonara 400g,£2.00,(£5.00/kg),cupboard,canned,2024-11-19
Heinz Spaghetti in Tomato Sauce,£0.90,(£4.50/kg),cupboard,canned,2024-11-19
Heinz Spaghetti Hoops in Tomato Sauce,£0.90,(£4.39/kg),cupboard,canned,2024-11-19
Heinz No Added Sugar Spaghetti Hoops,£0.90,(£4.39/kg),cupboard,canned,2024-11-19
Heinz Spaghetti in Tomato Sauce,£3.00,(£1.88/kg),cupboard,canned,2024-11-19
Heinz Peppa Pig Pasta Shapes Snap Pots 4 x 190g (760g),£3.00,(£3.95/kg),cupboard,canned,2024-11-19
Heinz Spaghetti Hoops in Tomato Sauce Snap Pots,£3.00,(£3.95/kg),cupboard,canned,2024-11-19
ASDA Beef Ravioli in a Rich Tomato Sauce 400g,£0.79,(£1.98/kg),cupboard,canned,2024-11-19
ASDA Spaghetti Bolognese in a Rich Tomato Sauce 395g,£0.90,(£2.28/kg),cupboard,canned,2024-11-19
ASDA Spaghetti Loops & Sausages in a Rich Tomato Sauce 395g,£0.90,(£2.28/kg),cupboard,canned,2024-11-19
Heinz Spaghetti Bolognese,£2.00,(£5.00/kg),cupboard,canned,2024-11-19
ASDA Macaroni Cheese in a Rich & Creamy Sauce 395g,£0.90,(£2.28/kg),cupboard,canned,2024-11-19
Heinz Macaroni Cheese,£2.00,(£5.00/kg),cupboard,canned,2024-11-19
ASDA Spaghetti Loops 210g,£0.35,(£1.67/kg),cupboard,canned,2024-11-19
Heinz Beef Ravioli in Tomato Sauce,£2.00,(£5.00/kg),cupboard,canned,2024-11-19
Heinz Despicable Me Minions Pasta Shapes in Tomato Sauce,£0.90,(£4.39/kg),cupboard,canned,2024-11-19
Heinz Peppa Pig Pasta Shapes in Tomato Sauce,£0.90,(£4.39/kg),cupboard,canned,2024-11-19
Heinz Beef Ravioli in Tomato Sauce,£1.40,(£7.00/kg),cupboard,canned,2024-11-19
Heinz Thomas & Friends Pasta Shapes in Tomato Sauce,£0.90,(£4.39/kg),cupboard,canned,2024-11-19
Heinz Spaghetti Hoops,£1.25,(£3.12/kg),cupboard,canned,2024-11-19
Heinz Spaghetti Bolognese,£1.40,(£7.00/kg),cupboard,canned,2024-11-19
Heinz Spaghetti In a Rich Tomato Sauce With Richmond Pork Sausages 400g,£2.00,(£5.00/kg),cupboard,canned,2024-11-19
Heinz Spaghetti In a Rich Tomato Sauce With Richmond Pork Sausages 200g,£1.40,(£7.00/kg),cupboard,canned,2024-11-19
Heinz Spaghetti in Tomato Sauce,£1.25,(£3.12/kg),cupboard,canned,2024-11-19
Heinz Macaroni Cheese,£1.40,(£7.00/kg),cupboard,canned,2024-11-19
Heinz Alphabetti Pasta,£1.25,(£3.12/kg),cupboard,canned,2024-11-19
Heinz Cupboard Fillers,£6.35,null,cupboard,canned,2024-11-19
ASDA Spaghetti Loops in a Rich Tomato Sauce 395g,£0.40,(£1.01/kg),cupboard,canned,2024-11-19
ASDA Spaghetti Strands in Tomato Sauce 395g,£0.42,(£1.06/kg),cupboard,canned,2024-11-19
JUST ESSENTIALS by ASDA Spaghetti Loops in Tomato Sauce,£0.19,(48.1p/kg),cupboard,canned,2024-11-19
ASDA Skipjack Tuna Chunks in Brine,£2.62,(64.2p/100g),cupboard,canned,2024-11-19
ASDA Skipjack Tuna Chunks in Spring Water,£2.62,(64.2p/100g),cupboard,canned,2024-11-19
John West Tuna Chunks in Brine 125g,£4.25,(85.0p/100g),cupboard,canned,2024-11-19
John West Tuna Chunks in Spring Water 125g,£4.25,(£1.04/100g),cupboard,canned,2024-11-19
John West Tuna Chunks in Sunflower Oil 125g,£4.25,(£1.12/100g),cupboard,canned,2024-11-19
John West Tuna Chunks in Sunflower Oil 4 x 132g,£3.50,(92.1p/100g),cupboard,canned,2024-11-19
ASDA Tuna Steak in a Little Spring Water 110g,£1.20,(£1.09/100g),cupboard,canned,2024-11-19
ASDA Tuna Steak in Brine 198g,£1.15,(77.2p/100g),cupboard,canned,2024-11-19
Rio Mare Tuna in Olive Oil 3 x 80g,£4.85,(£3.11/100g),cupboard,canned,2024-11-19
John West Tuna Chunks in Spring Water 4 x 132g,£3.50,(£3.76/100g),cupboard,canned,2024-11-19
John West Tuna with an Oven Dried Tomato & Herb Dressing,£1.25,(£1.47/100g),cupboard,canned,2024-11-19
John West Tuna Chunks in Brine 4 x 132g,£3.50,(66.3p/100g),cupboard,canned,2024-11-19
ASDA Tuna Steak in a Little Spring Water 3 x 110g (330g),£3.00,(90.9p/100g),cupboard,canned,2024-11-19
John West No Drain Fridge Pot Tuna Steak with a Little Spring Water,£2.00,(£1.82/100g),cupboard,canned,2024-11-19
ASDA Tuna Steak in a Little Brine 3 x 110g (330g),£3.00,(90.9p/100g),cupboard,canned,2024-11-19
John West No Drain Fridge Pot Tuna Steak with a Little Sunflower Oil,£2.00,(£1.82/100g),cupboard,canned,2024-11-19
ASDA Skinless & Boneless Mackerel Fillets in a Rich Tomato Sauce 125g,£0.90,(72.0p/100g),cupboard,canned,2024-11-19
ASDA Sardines in Tomato Sauce,£0.55,(45.8p/100g),cupboard,canned,2024-11-19
ASDA Skipjack Tuna Chunks in Spring Water,£0.69,(67.7p/100g),cupboard,canned,2024-11-19
ASDA Skipjack Tuna Chunks in Brine,£0.69,(67.7p/100g),cupboard,canned,2024-11-19
Glenryck Pilchards in Tomato Sauce,£0.60,(38.7p/100g),cupboard,canned,2024-11-19
ASDA Scottish Mackerel Fillets in Brine,£0.90,(72.0p/100g),cupboard,canned,2024-11-19
ASDA Sardines in Brine,£0.50,(59.5p/100g),cupboard,canned,2024-11-19
ASDA Pacific Pink Salmon,£1.55,(72.8p/100g),cupboard,canned,2024-11-19
ASDA Mackerel Fillets in Olive Oil,£0.95,(£1.06/100g),cupboard,canned,2024-11-19
ASDA Anchovy Fillets in Olive Oil,£0.75,(£1.50/100g),cupboard,canned,2024-11-19
ASDA Tuna Chunks in Sunflower Oil 145g,£0.69,(67.7p/100g),cupboard,canned,2024-11-19
ASDA Sardines in Sunflower Oil with a Lemon Twist,£0.55,(61.8p/100g),cupboard,canned,2024-11-19
George Home Acrylic Canister,£3.50,(£3.50/each),cupboard,canned,2024-11-19
George Home Ribbed Clip Lid Canister 1L,£2.50,(£2.50/each),cupboard,canned,2024-11-19
ASDA Extra Special Chilli Crusted Hot Smoked Mackerel Fillets 110g,£1.99,(£1.81/100g),cupboard,canned,2024-11-19
George Home Stacking Canister,£8.00,(£8.00/each),cupboard,canned,2024-11-19
John West No Drain Fridge Pot Tuna Steak with a Little Brine 3 x 110g,£4.00,(£1.21/100g),cupboard,canned,2024-11-19
George Home 2.2L Clip Lid Food Storer,£2.00,(£2.00/each),cupboard,canned,2024-11-19
ASDA Extra Special Sweet Cured Hot Smoked Mackerel Fillets 110g,£1.99,(£1.81/100g),cupboard,canned,2024-11-19
Kingfisher Crab Meat Shredded 145g,£2.00,(£1.38/100g),cupboard,canned,2024-11-19
"ASDA Extra Special Chipotle Chilli, Red Pepper, Tomato & Herb Brisling Sardines 105g",£0.99,(94.3p/100g),cupboard,canned,2024-11-19
George Home Soup Mug,£1.50,(£1.50/each),cupboard,canned,2024-11-19
George Home Food Storer with Strainer,£1.50,(£1.50/each),cupboard,canned,2024-11-19
John West Wild Pacific Pink Salmon,£2.00,(93.9p/100g),cupboard,canned,2024-11-19
George Home Natural Geometric Storage Basket,£10.00,(£10.00/each),cupboard,canned,2024-11-19
George Home Clear Glass Clip Lid Canister,£2.00,(£2.00/each),cupboard,canned,2024-11-19
ASDA Tuna Fusions with Chilli & Garlic 80g,£1.00,(£1.25/100g),cupboard,canned,2024-11-19
George Home Glass Canister With Wooden Lid 750ml,£2.00,(£2.00/each),cupboard,canned,2024-11-19
ASDA Mackerel Fillets in a Thai Green Curry Sauce 125g,£0.95,(76.0p/100g),cupboard,canned,2024-11-19
George Home Cream Workstop Canisters,£6.00,(£2.00/each),cupboard,canned,2024-11-19
John West Kippers in Sunflower Oil,£2.00,(£1.38/100g),cupboard,canned,2024-11-19
Sistema Bento Cube to Go,£7.00,(£7.00/each),cupboard,canned,2024-11-19
John West Tuna Chunks in Sunflower Oil 125g,£1.15,(£1.21/100g),cupboard,canned,2024-11-19
Neoflam Food Storer 3.3L,£6.00,(£6.00/each),cupboard,canned,2024-11-19
John West Infusions Tuna Sundried Tomato 80g,£1.79,(£2.24/100g),cupboard,canned,2024-11-19
John West Mackerel Fillets in Sunflower Oil,£1.50,(£1.30/100g),cupboard,canned,2024-11-19
George Home Acacia Lid Jar,£5.00,(£5.00/each),cupboard,canned,2024-11-19
At Home with Stacey Solomon Clear Glass Canister Large,£6.00,(£6.00/each),cupboard,canned,2024-11-19
George Home Premium Rectangular Food Storer,£1.50,(£1.50/each),cupboard,canned,2024-11-19
Kitchen Queen Storer,£18.00,(£18.00/each),cupboard,canned,2024-11-19
John West Mackerel Fillets in Tomato Sauce,£1.50,(£1.30/100g),cupboard,canned,2024-11-19
George Home Natural Laundry Bag,£4.50,(£4.50/each),cupboard,canned,2024-11-19
At Home with Stacey Solomon Clear Glass Canister Extra Large,£7.00,(£7.00/each),cupboard,canned,2024-11-19
John West Fridge Pot Tuna Steak with a Little Sunflower Oil 3 x 110g,£4.00,(£1.21/100g),cupboard,canned,2024-11-19
ASDA Skinless & Boneless Red Salmon,£4.15,(£2.44/100g),cupboard,canned,2024-11-19
John West Sild in Tomato Sauce,£1.60,(£1.45/100g),cupboard,canned,2024-11-19
George Home Peel Lid Food Storer - Colour May Vary,£2.75,(£2.75/each),cupboard,canned,2024-11-19
George Home Blue Canister Set,£6.00,(£2.00/each),cupboard,canned,2024-11-19
Curver My Style Cube 25L Grey,£5.00,(£5.00/each),cupboard,canned,2024-11-19
Wham 5.02 Box Green,£4.00,(£4.00/each),cupboard,canned,2024-11-19
John West Infusions No Drain Tuna Chilli & Garlic,£1.79,(£2.24/100g),cupboard,canned,2024-11-19
Wham Crystal 11 Litre Box & Lid Clear,£3.00,(£3.00/each),cupboard,canned,2024-11-19
Schwartz Lemongrass 6.5g,£1.60,(32.0p/10g),cupboard,canned,2024-11-19
John West Infusions Tuna Sundried Tomato 80g,£1.79,(£2.24/100g),cupboard,canned,2024-11-19
George Home Premium Rectangular Food Storer,£1.50,(£1.50/each),cupboard,canned,2024-11-19
ASDA Tuna Fusions with Chilli & Garlic 80g,£1.00,(£1.25/100g),cupboard,canned,2024-11-19
George Home Cream Workstop Canisters,£6.00,(£2.00/each),cupboard,canned,2024-11-19
George Home Glass Canister With Wooden Lid 750ml,£2.00,(£2.00/each),cupboard,canned,2024-11-19
Neoflam Food Storer 3.3L,£6.00,(£6.00/each),cupboard,canned,2024-11-19
ASDA Mackerel Fillets in a Thai Green Curry Sauce 125g,£0.95,(76.0p/100g),cupboard,canned,2024-11-19
At Home with Stacey Solomon Clear Glass Canister Large,£6.00,(£6.00/each),cupboard,canned,2024-11-19
George Home Natural Laundry Bag,£4.50,(£4.50/each),cupboard,canned,2024-11-19
At Home with Stacey Solomon Clear Glass Canister Extra Large,£7.00,(£7.00/each),cupboard,canned,2024-11-19
Kitchen Queen Storer,£18.00,(£18.00/each),cupboard,canned,2024-11-19
John West Mackerel Fillets in Tomato Sauce,£1.50,(£1.30/100g),cupboard,canned,2024-11-19
John West Fridge Pot Tuna Steak with a Little Sunflower Oil 3 x 110g,£4.00,(£1.21/100g),cupboard,canned,2024-11-19
George Home 250ml Plastic Food Storers 5pk,£1.00,(20.0p/each),cupboard,canned,2024-11-19
ASDA 6 Plastic Tubs,£2.50,(41.7p/each),cupboard,canned,2024-11-19
George Home Black Kitchen Canister - Set of 5,£20.00,(£4.00/each),cupboard,canned,2024-11-19
George Home Glass Storage Jar with Screw Lid,£2.00,(£2.00/each),cupboard,canned,2024-11-19
George Home Natural Rattan Storage Tray,£9.00,(£3.00/each),cupboard,canned,2024-11-19
Kingfisher Crab Meat Lump 145g,£3.00,(£2.07/100g),cupboard,canned,2024-11-19
Cawoods Dry Salted Skinless & Boneless Saltfish,£3.25,(£1.62/100g),cupboard,canned,2024-11-19
ASDA Skinless & Boneless Sardines in Tomato Sauce,£0.90,(84.9p/100g),cupboard,canned,2024-11-19
At Home with Stacey Solomon Clear Glass Canister Small,£4.00,(£4.00/each),cupboard,canned,2024-11-19
George Home Green Canister Set,£6.00,(£2.00/each),cupboard,canned,2024-11-19
George Home Peel Lid Food Storer with Handle - Colour May Vary,£2.50,(£2.50/each),cupboard,canned,2024-11-19
ASDA Mackerel Fillets in Korma Sauce 125g,£0.95,(76.0p/100g),cupboard,canned,2024-11-19
George Home Square Glass Canister With Chrome Lid 1900ml,£4.50,(£4.50/each),cupboard,canned,2024-11-19
ASDA Sardines in Sunflower Oil 120g,£0.50,(59.5p/100g),cupboard,canned,2024-11-19
George Home Wood Top Canister,£2.25,(£2.25/each),cupboard,canned,2024-11-19
John West Boneless Sardines in Tomato Sauce,£1.35,(£1.42/100g),cupboard,canned,2024-11-19
Sistema Klip it Food Storer,£5.00,(£5.00/each),cupboard,canned,2024-11-19
ASDA Tuna Steak in a Little Sunflower Oil 3 x 110g (330g),£3.00,(90.9p/100g),cupboard,canned,2024-11-19
ASDA Mackerel Fillets in a Rich Sun-Dried Tomato and Basil Sauce 125g,£0.95,(76.0p/100g),cupboard,canned,2024-11-19
George Home Grey Workstop Storage Canisters,£6.00,(£2.00/each),cupboard,canned,2024-11-19
John West Specialities Smoked Mussels in Sunflower Oil,£2.50,(£3.85/100g),cupboard,canned,2024-11-19
George Home Grey Geo Ceramic Canister,£3.00,(£3.00/each),cupboard,canned,2024-11-19
George Home 3 Nested Food Storers,£5.00,(£1.67/each),cupboard,canned,2024-11-19
George Home 8 Piece Clip-Lid Food Storage Set,£6.00,(75.0p/each),cupboard,canned,2024-11-19
George Home Bag Clips,£2.00,(£2.00/each),cupboard,canned,2024-11-19
"ASDA Extra Special Lemon, Dill & Black Pepper Brisling Sardines 105g",£0.99,(94.3p/100g),cupboard,canned,2024-11-19
John West Cracker Toppers Sweet Chilli Tuna 80g,£1.25,(£1.56/100g),cupboard,canned,2024-11-19
George Home 7 Pack Nested Food Storers,£5.00,(71.4p/each),cupboard,canned,2024-11-19
ASDA Skinless and Boneless Pink Salmon,£2.40,(£1.41/100g),cupboard,canned,2024-11-19
John West No Drain Fridge Pot Tuna Steak with a Little Spring Water 3 x 110g,£4.00,(£1.21/100g),cupboard,canned,2024-11-19
Neoflam Food Storer 3.6L,£6.50,(£6.50/each),cupboard,canned,2024-11-19
Wham Crystal 2.6L Box & Lid Clear,£1.50,(£1.50/each),cupboard,canned,2024-11-19
Glenryck Pilchards in Tomato Sauce,£1.30,(32.5p/100g),cupboard,canned,2024-11-19
George Home Peel Lid Food Storer Set - Colour May Vary,£7.00,(£7.00/each),cupboard,canned,2024-11-19
George Home Canister Set,£20.00,(£20.00/each),cupboard,canned,2024-11-19
George Home Green Stacking Canisters - Pack of 3,£8.00,(£8.00/each),cupboard,canned,2024-11-19
George Home Peel Lid Food Storers - Colour May Vary,£1.00,(50.0p/each),cupboard,canned,2024-11-19
ASDA Pacific Pink Salmon,£1.60,(£1.52/100g),cupboard,canned,2024-11-19
George Home Premium Rectangular Food Storers,£6.00,(£1.50/each),cupboard,canned,2024-11-19
George Home 450ml Clip Lid Food Storers,£1.25,(62.5p/each),cupboard,canned,2024-11-19
John West Traditional Wood Smoked Skippers Brisling in Sunflower Oil,£1.50,(£1.42/100g),cupboard,canned,2024-11-19
Pyrex Glass Dish With Lid,£6.50,(£6.50/each),cupboard,canned,2024-11-19
Rio Mare Tuna in Olive Oil 160g,£2.30,(£2.21/100g),cupboard,canned,2024-11-19
ASDA Extra Special Peppered Hot Smoked Mackerel Fillets 110g,£1.99,(£1.81/100g),cupboard,canned,2024-11-19
George Home Glass Food Storer,£3.00,(£3.00/each),cupboard,canned,2024-11-19
George Home 10L Food Container with Handle,£3.00,(£3.00/each),cupboard,canned,2024-11-19
George Home Mini Twist Food Storers 4 Pack,£2.00,(50.0p/each),cupboard,canned,2024-11-19
George Home Ribbed Clip Lid Canister 500ml,£2.00,(£2.00/each),cupboard,canned,2024-11-19
George Home Noodle Bowl,£1.75,(£1.75/each),cupboard,canned,2024-11-19
John West Tuna Chunks in Spring Water 125g,£1.15,(£1.13/100g),cupboard,canned,2024-11-19
John West No Drain Tuna Steak with a Little Spring Water,£3.39,(£1.88/100g),cupboard,canned,2024-11-19
ASDA Tuna Chunks in Spring Water 3 x 80g (240g),£2.20,(£1.31/100g),cupboard,canned,2024-11-19
George Home Food Storers,£4.00,(£1.00/each),cupboard,canned,2024-11-19
ASDA Mackerel Fillets in a Fiery Hot and Spicy Sauce 125g,£0.95,(76.0p/100g),cupboard,canned,2024-11-19
Sistema Multi-Coloured Klip It Food Storer 1 Litre,£3.50,(£3.50/each),cupboard,canned,2024-11-19
George Home 2.2L Lunch Box,£2.50,(£2.50/each),cupboard,canned,2024-11-19
John West Infusions Tuna Sweet Chilli 280g,£1.79,(£2.24/100g),cupboard,canned,2024-11-19
ASDA Tuna Fusions with Sundried Tomato 80g,£1.00,(£1.25/100g),cupboard,canned,2024-11-19
John West Cracker Toppers Tuna Mayo with Sweetcorn,£1.25,(£1.56/100g),cupboard,canned,2024-11-19
George Home Acacia Lid Jar 400ml,£2.75,(£2.75/each),cupboard,canned,2024-11-19
John West Sardines in Olive Oil,£1.10,(91.7p/100g),cupboard,canned,2024-11-19
John West Boneless Sardines in Olive Oil,£1.35,(£1.42/100g),cupboard,canned,2024-11-19
George Home 600ml Plastic Food Storers 16pk,£3.00,(18.8p/each),cupboard,canned,2024-11-19
John West On The Go Italian Tuna Pasta Salad,£2.59,(£1.18/100g),cupboard,canned,2024-11-19
George Home Natural Woven Fringed Storage Basket,£10.00,(£10.00/each),cupboard,canned,2024-11-19
WW Tuna in Mayonnaise with Sweetcorn,£3.15,(£1.31/100g),cupboard,canned,2024-11-19
George Home Glass Canister With Wooden Lid,£2.50,(£2.50/each),cupboard,canned,2024-11-19
Kingfisher Crab Meat Lump 145g,£3.00,(£2.07/100g),cupboard,canned,2024-11-19
George Home Peel Lid Food Storer Set - Colour May Vary,£7.00,(£7.00/each),cupboard,canned,2024-11-19
George Home Green Stacking Canisters - Pack of 3,£8.00,(£8.00/each),cupboard,canned,2024-11-19
Sistema Klip it Food Storer,£5.00,(£5.00/each),cupboard,canned,2024-11-19
George Home Grey Workstop Storage Canisters,£6.00,(£2.00/each),cupboard,canned,2024-11-19
John West Specialities Smoked Mussels in Sunflower Oil,£2.50,(£3.85/100g),cupboard,canned,2024-11-19
John West Cracker Toppers Sweet Chilli Tuna 80g,£1.25,(£1.56/100g),cupboard,canned,2024-11-19
George Home 7 Pack Nested Food Storers,£5.00,(71.4p/each),cupboard,canned,2024-11-19
George Home Canister Set,£20.00,(£20.00/each),cupboard,canned,2024-11-19
George Home 3 Nested Food Storers,£5.00,(£1.67/each),cupboard,canned,2024-11-19
Wham Crystal 2.6L Box & Lid Clear,£1.50,(£1.50/each),cupboard,canned,2024-11-19
George Home Glass Storage Jar with Screw Lid,£2.00,(£2.00/each),cupboard,canned,2024-11-19
George Home Bag Clips,£2.00,(£2.00/each),cupboard,canned,2024-11-19
Ocean Crown Cooked and Pickled Mussels,£2.00,(£2.22/100g),cupboard,canned,2024-11-19
John West No Drain Fridge Pot Tuna Steak with a Little Spring Water 3 x 110g,£4.00,(£1.21/100g),cupboard,canned,2024-11-19
ASDA Skinless & Boneless Sardines in Tomato Sauce,£0.90,(84.9p/100g),cupboard,canned,2024-11-19
ASDA Pacific Pink Salmon,£1.60,(£1.52/100g),cupboard,canned,2024-11-19
ASDA Tuna Steak in a Little Sunflower Oil 3 x 110g (330g),£3.00,(90.9p/100g),cupboard,canned,2024-11-19
George Home 8 Piece Clip-Lid Food Storage Set,£6.00,(75.0p/each),cupboard,canned,2024-11-19
Cawoods Dry Salted Skinless & Boneless Saltfish,£3.25,(£1.62/100g),cupboard,canned,2024-11-19
John West Sild in Tomato Sauce,£1.60,(£1.45/100g),cupboard,canned,2024-11-19
"ASDA Extra Special Lemon, Dill & Black Pepper Brisling Sardines 105g",£0.99,(94.3p/100g),cupboard,canned,2024-11-19
ASDA Skinless and Boneless Pink Salmon,£2.40,(£1.41/100g),cupboard,canned,2024-11-19
Neoflam Food Storer 3.6L,£6.50,(£6.50/each),cupboard,canned,2024-11-19
George Home Spice Jar,£1.00,(£1.00/each),cupboard,canned,2024-11-19
George Home Peel Lid Food Storers - Colour May Vary,£1.00,(50.0p/each),cupboard,canned,2024-11-19
John West On the Go Harissa Spiced Super Tuna Salad,£2.00,(90.9p/100g),cupboard,canned,2024-11-19
George Home Natural Rattan Storage Tray,£9.00,(£3.00/each),cupboard,canned,2024-11-19
Glenryck Pilchards in Tomato Sauce,£1.30,(32.5p/100g),cupboard,canned,2024-11-19
ASDA Mackerel Fillets in a Rich Sun-Dried Tomato and Basil Sauce 125g,£0.95,(76.0p/100g),cupboard,canned,2024-11-19
George Home Cereal Food Storer,£2.75,(£2.75/each),cupboard,canned,2024-11-19
George Home 3 Piece Square Food Storage Set,£3.00,(£1.00/each),cupboard,canned,2024-11-19
John West Tuna Chunks in Brine 125g,£1.15,(92.0p/100g),cupboard,canned,2024-11-19
George Home Clear Glass Clip Lid Canister,£1.50,(£1.50/each),cupboard,canned,2024-11-19
Neoflam Food Storer 2.7L Wide,£5.00,(£5.00/each),cupboard,canned,2024-11-19
George Home Food Storers,£1.00,(50.0p/each),cupboard,canned,2024-11-19
John West Boneless Sardines in Olive Oil,£1.35,(£1.42/100g),cupboard,canned,2024-11-19
George Home 600ml Plastic Food Storers 16pk,£3.00,(18.8p/each),cupboard,canned,2024-11-19
John West Tuna Chunks in Spring Water 125g,£1.15,(£1.13/100g),cupboard,canned,2024-11-19
George Home Mini Twist Food Storers 4 Pack,£2.00,(50.0p/each),cupboard,canned,2024-11-19
George Home Ribbed Clip Lid Canister 500ml,£2.00,(£2.00/each),cupboard,canned,2024-11-19
George Home Noodle Bowl,£1.75,(£1.75/each),cupboard,canned,2024-11-19
Pyrex Glass Dish With Lid,£9.00,(£9.00/each),cupboard,canned,2024-11-19
John West Sardines in Spicy Tomato Sauce,£1.10,(91.7p/100g),cupboard,canned,2024-11-19
George Home Large Black Wire Basket,£3.75,(£3.75/each),cupboard,canned,2024-11-19
George Home Natural Woven Fringed Storage Basket,£10.00,(£10.00/each),cupboard,canned,2024-11-19
John West No Drain Tuna Steak with a Little Spring Water,£3.39,(£1.88/100g),cupboard,canned,2024-11-19
George Home Food Storers,£4.00,(£1.00/each),cupboard,canned,2024-11-19
John West On The Go Italian Tuna Pasta Salad,£2.59,(£1.18/100g),cupboard,canned,2024-11-19
WW Tuna in Mayonnaise with Sweetcorn,£3.15,(£1.31/100g),cupboard,canned,2024-11-19
ASDA Mackerel Fillets in a Fiery Hot and Spicy Sauce 125g,£0.95,(76.0p/100g),cupboard,canned,2024-11-19
ASDA Tuna Chunks in Spring Water 3 x 80g (240g),£2.20,(£1.31/100g),cupboard,canned,2024-11-19
ASDA Tuna Fusions with Sundried Tomato 80g,£1.00,(£1.25/100g),cupboard,canned,2024-11-19
John West Infusions Tuna Sweet Chilli 280g,£1.79,(£2.24/100g),cupboard,canned,2024-11-19
George Home Acacia Lid Jar 700ml,£3.75,(£3.75/each),cupboard,canned,2024-11-19
Sistema Klip It Food Storer,£2.00,(£2.00/each),cupboard,canned,2024-11-19
George Home 2.2L Lunch Box,£2.50,(£2.50/each),cupboard,canned,2024-11-19
John West Cracker Toppers Tuna Mayo with Sweetcorn,£1.25,(£1.56/100g),cupboard,canned,2024-11-19
Sistema Klip It Food Storers,£7.00,(£2.33/each),cupboard,canned,2024-11-19
ASDA Pacific Red Salmon,£2.60,(£2.48/100g),cupboard,canned,2024-11-19
George Home Glass Worktop Storage Jar,£2.00,(£2.00/each),cupboard,canned,2024-11-19
John West On The Go French Tuna Pasta Salad,£2.00,(90.9p/100g),cupboard,canned,2024-11-19
George Home Premium Rectangular Food Storers,£6.00,(£1.50/each),cupboard,canned,2024-11-19
George Home 450ml Clip Lid Food Storers,£1.25,(62.5p/each),cupboard,canned,2024-11-19
John West Tuna Chunks with a Little Sunflower Oil 100g,£3.25,(£1.08/100g),cupboard,canned,2024-11-19
George Home Food Storers,£7.00,(33.3p/each),cupboard,canned,2024-11-19
George Home 3 Piece Rectangular Food Storage Set,£4.50,(£1.50/each),cupboard,canned,2024-11-19
George Home Acacia Lid Jar,£6.00,(£6.00/each),cupboard,canned,2024-11-19
George Home Glass Canister With Wooden Lid,£2.50,(£2.50/each),cupboard,canned,2024-11-19
George Home Stainless Steel Food Flask,£6.00,(£6.00/each),cupboard,canned,2024-11-19
ASDA 3 Tuna Chunks in Sunflower Oil 3 x 80g (240g),£2.20,(£1.31/100g),cupboard,canned,2024-11-19
ASDA Skipjack Tuna Steaks in A Litte Brine,£1.20,(£1.09/100g),cupboard,canned,2024-11-19
Sistema Multi-Coloured Klip It Food Storer 1 Litre,£3.50,(£3.50/each),cupboard,canned,2024-11-19
John West Mackerel Fillets in Olive Oil,£1.50,(£1.30/100g),cupboard,canned,2024-11-19
George Home Mini Food Storers 3 Pack,£2.00,(66.7p/each),cupboard,canned,2024-11-19
John West Skinless & Boneless Wild Pink Salmon,£3.50,(£1.46/100g),cupboard,canned,2024-11-19
ASDA Tuna Mayo Paste 75g,£0.55,(73.3p/100g),cupboard,canned,2024-11-19
ASDA Tuna Fusions with Lemon & Thyme 80g,£1.00,(£1.25/100g),cupboard,canned,2024-11-19
George Home Canister Set of 3 - Grey,£7.00,(£2.33/each),cupboard,canned,2024-11-19
Smart Seal Food Storer 2.1L,£4.50,(£4.50/each),cupboard,canned,2024-11-19
Neoflam Food Storer 4.5L,£7.50,(£7.50/each),cupboard,canned,2024-11-19
George Home Medium Glass Jar,£3.50,(£3.50/each),cupboard,canned,2024-11-19
George Home Peel Lid Food Storer - Colour May Vary,£1.50,(£1.50/each),cupboard,canned,2024-11-19
George Home 2.5L Clip Lid Jug,£2.25,(£2.25/each),cupboard,canned,2024-11-19
John West Herring Fillets in Tomato Sauce,£1.90,(£1.31/100g),cupboard,canned,2024-11-19
ASDA Extra Special Cantabrian Anchovy Fillets in Extra Virgin Olive Oil 100g,£2.90,(£4.83/100g),cupboard,canned,2024-11-19
Sistema Sistema 1.15L Square Klip It Plus,£3.75,(£3.75/each),cupboard,canned,2024-11-19
George Home 1L Plastic Food Storers 3pk,£1.00,(33.3p/each),cupboard,canned,2024-11-19
George Home 1L Plastic Food Storers 5 Pack,£3.50,(70.0p/each),cupboard,canned,2024-11-19
John West Skippers Brisling in Tomato Sauce,£1.50,(£1.42/100g),cupboard,canned,2024-11-19
ASDA Mackerel Fillets in Sunflower Oil 125g,£0.90,(72.0p/100g),cupboard,canned,2024-11-19
George Home 1L Plastic Food Storers 5 Pack,£3.50,(70.0p/each),cupboard,canned,2024-11-19
John West Herring Fillets in Tomato Sauce,£1.90,(£1.31/100g),cupboard,canned,2024-11-19
George Home Mini Food Storers 3 Pack,£2.00,(66.7p/each),cupboard,canned,2024-11-19
ASDA Skinless & Boneless Sardines in Sunflower Oil,£0.90,(£1.20/100g),cupboard,canned,2024-11-19
George Home Peel Lid Food Storer - Colour May Vary,£1.50,(£1.50/each),cupboard,canned,2024-11-19
Sistema Sistema 1.15L Square Klip It Plus,£3.75,(£3.75/each),cupboard,canned,2024-11-19
ASDA Extra Special Spring Water & Sea Salt Brisling Sardines 105g,£0.99,(94.3p/100g),cupboard,canned,2024-11-19
George Home 2.5L Clip Lid Jug,£2.25,(£2.25/each),cupboard,canned,2024-11-19
Pyrex Glass Dish With Lid,£9.00,(£9.00/each),cupboard,canned,2024-11-19
George Home Medium Glass Jar,£3.50,(£3.50/each),cupboard,canned,2024-11-19
ASDA Tuna Fusions with Lemon & Thyme 80g,£1.00,(£1.25/100g),cupboard,canned,2024-11-19
Smart Seal Food Storer 2.1L,£4.50,(£4.50/each),cupboard,canned,2024-11-19
ASDA Extra Special Cantabrian Anchovy Fillets in Extra Virgin Olive Oil 100g,£2.90,(£4.83/100g),cupboard,canned,2024-11-19
George Home Canister Set of 3 - Grey,£7.00,(£2.33/each),cupboard,canned,2024-11-19
George Home Ribbed Clip Lid Canister 2L,£3.00,(£3.00/each),cupboard,canned,2024-11-19
George Home Lunch Bag Storage Set,£8.00,(£8.00/each),cupboard,canned,2024-11-19
George Home 3.6L Clip Lid Food Storer,£2.75,(£2.75/each),cupboard,canned,2024-11-19
ASDA Tuna Steak in Sunflower Oil 198g,£1.15,(77.2p/100g),cupboard,canned,2024-11-19
Heinz Chopped Tomatoes,£2.50,(£1.56/kg),cupboard,canned,2024-11-19
Heinz Tinned Classic Pizza Sauce Base 400g,£1.00,(25.0p/100g),cupboard,canned,2024-11-19
ASDA Chopped Tomatoes 400g,£0.47,(£1.18/kg),cupboard,canned,2024-11-19
Napolina Chopped Tomatoes in Rich Tomato Juice,£2.50,(£1.56/kg),cupboard,canned,2024-11-19
Napolina Peeled Plum Tomatoes in Rich Tomato Juice,£2.50,(£1.56/kg),cupboard,canned,2024-11-19
ASDA Chopped Tomatoes with Herbs 400g,£0.80,(£2.00/kg),cupboard,canned,2024-11-19
ASDA Chopped Tomatoes with Garlic in Tomato Juice,£0.80,(£2.00/kg),cupboard,canned,2024-11-19
ASDA Chopped Tomatoes with Chilli & Peppers 400g,£0.80,(£2.00/kg),cupboard,canned,2024-11-19
Cook Italian Chopped Tomatoes in a Rich Tomato Juice,£0.65,(£1.62/kg),cupboard,canned,2024-11-19
Mutti Polpa Finely Chopped Tomatoes,£1.15,(£2.88/kg),cupboard,canned,2024-11-19
Heinz Peeled Tinned Tomatoes 400g,£0.75,(£1.88/kg),cupboard,canned,2024-11-19
Heinz Chopped Tinned Tomatoes 400g,£0.75,(£1.88/kg),cupboard,canned,2024-11-19
Napolina Peeled Plum Tomatoes in Rich Tomato Juice,£1.00,(£2.50/kg),cupboard,canned,2024-11-19
Napolina Chopped Tomatoes in a Rich Tomato Juice,£1.00,(£2.50/kg),cupboard,canned,2024-11-19
Cook Italian Peeled Plum Tomatoes,£0.70,(£1.75/kg),cupboard,canned,2024-11-19
Mutti Peeled Tomatoes,£1.15,(£2.88/kg),cupboard,canned,2024-11-19
Mutti Polpa Finely Chopped Tomatoes,£5.25,(£3.28/kg),cupboard,canned,2024-11-19
Napolina Chopped Tomatoes with Garlic,£1.00,(£2.50/kg),cupboard,canned,2024-11-19
ASDA Organic Chopped Tomatoes in Concentrated Tomato Juice,£1.20,(30.0p/100g),cupboard,canned,2024-11-19
ASDA Peeled Plum Tomatoes in Tomato Juice 400g,£0.47,(£1.81/kg),cupboard,canned,2024-11-19
Cook Italian Chopped Tomatoes in a Rich Tomato Juice,£2.00,(£1.25/kg),cupboard,canned,2024-11-19
ASDA Extra Special Pomodorini Cherry Tomatoes in Rich Tomato Juice,£0.85,(£3.54/kg),cupboard,canned,2024-11-19
KTC Plum Tomatoes in Tomato Juice,£0.65,(£1.62/kg),cupboard,canned,2024-11-19
KTC Chopped Tomatoes in Tomato Juice,£0.65,(£1.62/kg),cupboard,canned,2024-11-19
Napolina Chopped Tomatoes in Rich Tomato Juice,£0.70,(£3.08/kg),cupboard,canned,2024-11-19
ASDA Chopped Tomatoes in Tomato Juice 4 x 400g,£1.80,(£1.12/kg),cupboard,canned,2024-11-19
Green Giant Original Sweetcorn,£2.85,(£4.32/kg),cupboard,canned,2024-11-19
ASDA Sweetcorn in Water 198g,£0.49,(£3.10/kg),cupboard,canned,2024-11-19
ASDA Garden Peas in Water 290g,£0.55,(£3.14/kg),cupboard,canned,2024-11-19
ASDA Sliced Carrots in Water 300g,£0.50,(£3.12/kg),cupboard,canned,2024-11-19
Batchelors Bigga Marrowfat Peas,£0.70,(£2.33/kg),cupboard,canned,2024-11-19
Batchelors Chip Shop Style Mushy Peas,£0.70,(£2.33/kg),cupboard,canned,2024-11-19
Batchelors Mixed Vegetables in Water,£1.00,(£2.50/kg),cupboard,canned,2024-11-19
ASDA Marrowfat Peas 300g,£0.45,(£2.50/kg),cupboard,canned,2024-11-19
ASDA Whole Button Mushrooms in Water 285g,£1.40,(£4.91/kg),cupboard,canned,2024-11-19
JUST ESSENTIALS by ASDA Sliced Carrots,£0.45,(£2.81/kg),cupboard,canned,2024-11-19
ASDA New Potatoes in Water,£0.75,(£4.55/kg),cupboard,canned,2024-11-19
Batchelors Potatoes in Water 400g,£1.00,(£3.77/kg),cupboard,canned,2024-11-19
JUST ESSENTIALS by ASDA Mushy Peas,£0.31,(£1.03/kg),cupboard,canned,2024-11-19
ASDA Mushy Peas 300g,£0.50,(£1.67/kg),cupboard,canned,2024-11-19
JUST ESSENTIALS by ASDA Sliced Mushrooms,£0.70,(£4.49/kg),cupboard,canned,2024-11-19
Batchelors Peas & Carrots in Water 400g,£1.00,(£3.55/kg),cupboard,canned,2024-11-19
ASDA Sweetcorn in Water 326g,£0.80,(£3.08/kg),cupboard,canned,2024-11-19
ASDA Petits Pois in Water,£0.55,(£3.93/kg),cupboard,canned,2024-11-19
Batchelors Original Mushy Peas,£0.70,(£2.33/kg),cupboard,canned,2024-11-19
Batchelors Original Mushy Peas,£1.75,(£1.94/kg),cupboard,canned,2024-11-19
Green Giant Original Sweetcorn,£1.00,(£6.06/kg),cupboard,canned,2024-11-19
Foresight Pease Pudding,£0.50,(£2.27/kg),cupboard,canned,2024-11-19
ASDA Spinach Leaves in Water 380g,£0.85,(£3.21/kg),cupboard,canned,2024-11-19
Farrows Giant Marrowfat Peas in Water,£0.90,(£3.00/kg),cupboard,canned,2024-11-19
Green Giant Salt Free Sweetcorn,£2.85,(£4.32/kg),cupboard,canned,2024-11-19
ASDA Petits Pois in Water,£1.00,(£3.77/kg),cupboard,canned,2024-11-19
Batchelors Quick Soak Dried Peas,£0.85,(£3.40/kg),cupboard,canned,2024-11-19
Green Giant Original Sweetcorn,£3.10,(£3.63/kg),cupboard,canned,2024-11-19
Batchelors Bigga Dried Marrowfat Peas,£0.85,(£3.40/kg),cupboard,canned,2024-11-19
Merchant Gourmet Porcini Mushrooms Simply Dried,£3.00,(£10.00/100g),cupboard,canned,2024-11-19
Green Giant Salt Free Sweetcorn,£1.00,(£6.06/kg),cupboard,canned,2024-11-19
Bucegi Vegetable 200g,£1.50,(75.0p/100g),cupboard,canned,2024-11-19
Pork Pie & Peas Bundle,£2.45,null,cupboard,canned,2024-11-19
Green Giant Original Sweetcorn,£1.25,(£4.39/kg),cupboard,canned,2024-11-19
Peppadew Sweet Piquanté Peppers Mild Whole,£2.00,(50.0p/100g),cupboard,canned,2024-11-19
JUST ESSENTIALS by ASDA Sweetcorn 326g,£0.57,(£2.19/kg),cupboard,canned,2024-11-19
Baxters Favourites Lentil & Bacon 400g,£1.40,(35.0p/100g),cupboard,canned,2024-11-19
Baxters Favourites Chicken Broth,£1.40,(35.0p/100g),cupboard,canned,2024-11-19
Baxters Favourites Pea & Ham Soup,£1.40,(35.0p/100g),cupboard,canned,2024-11-19
Heinz Cream of Tomato Soup,£3.75,(23.4p/100g),cupboard,canned,2024-11-19
Campbell's Condensed Soup Cream of Chicken 295g,£1.50,(50.8p/100g),cupboard,canned,2024-11-19
Heinz Cream of Chicken Soup,£3.75,(23.4p/100g),cupboard,canned,2024-11-19
Heinz Cream of Tomato Soup 400g,£1.70,(42.5p/100g),cupboard,canned,2024-11-19
ASDA Cream of Tomato Soup 400g,£0.75,(18.8p/100g),cupboard,canned,2024-11-19
Knorr Super Chicken Noodle Dry Soup,£1.25,(£2.45/100g),cupboard,canned,2024-11-19
ASDA Cream of Chicken Soup,£0.75,(18.8p/100g),cupboard,canned,2024-11-19
ASDA Chunky Beef & Veg Soup 400g,£1.20,(30.0p/100g),cupboard,canned,2024-11-19
Heinz Cream of Chicken Soup,£1.70,(42.5p/100g),cupboard,canned,2024-11-19
ASDA Classic Chicken Noodle Soup,£0.75,(18.8p/100g),cupboard,canned,2024-11-19
Heinz Cream of Tomato Soup 6 x 400g,£5.25,(21.9p/100g),cupboard,canned,2024-11-19
ASDA Hearty Vegetable Soup 400g,£0.75,(18.8p/100g),cupboard,canned,2024-11-19
ASDA Chunky Chicken & Veg Soup 400g,£1.20,(30.0p/100g),cupboard,canned,2024-11-19
Heinz Classic Vegetable Soup,£3.75,(23.4p/100g),cupboard,canned,2024-11-19
ASDA Cream of Mushroom Soup,£0.75,(18.8p/100g),cupboard,canned,2024-11-19
Campbell's Condensed Cream of Mushroom Soup,£1.50,(50.8p/100g),cupboard,canned,2024-11-19
Batchelors Cup a Soup Chicken 4 Instant Soup Sachets,£1.49,(£1.84/100g),cupboard,canned,2024-11-19
Heinz Classic Cream of Tomato Cup Soup,£1.50,(£1.70/100g),cupboard,canned,2024-11-19
ASDA Hearty Scotch Broth 400g,£0.75,(18.8p/100g),cupboard,canned,2024-11-19
Heinz Oxtail Soup,£1.70,(42.5p/100g),cupboard,canned,2024-11-19
ASDA Lentil Soup,£0.75,(18.8p/100g),cupboard,canned,2024-11-19
ASDA Chunky Vegetable Soup 400g,£1.20,(30.0p/100g),cupboard,canned,2024-11-19
Batchelors Cup a Soup Cream of Vegetable with Croutons 4 Instant Soup Sachets,£1.49,(£1.24/100g),cupboard,canned,2024-11-19
Batchelors Cup a Soup Chicken & Vegetable with Croutons 4 Instant Soup Sachets,£1.49,(£1.35/100g),cupboard,canned,2024-11-19
ASDA Cream of Tomato Soup 400g,£0.75,(18.8p/100g),cupboard,canned,2024-11-19
Knorr Chicken & Leek Dry Soup,£1.25,(£2.08/100g),cupboard,canned,2024-11-19
Batchelors Cup a Soup Potato & Leek 4 Instant Soup Sachets,£1.49,(£1.39/100g),cupboard,canned,2024-11-19
Crosse & Blackwell Roast Chicken & Vegetable,£1.00,(25.0p/100g),cupboard,canned,2024-11-19
Crosse & Blackwell Winter Vegetable,£1.00,(25.0p/100g),cupboard,canned,2024-11-19
Heinz Beef Broth Soup,£1.70,(42.5p/100g),cupboard,canned,2024-11-19
ASDA Minestrone Warming Soup 400g,£0.75,(18.8p/100g),cupboard,canned,2024-11-19
JUST ESSENTIALS by ASDA Tomato Soup,£0.55,(13.8p/100g),cupboard,canned,2024-11-19
ASDA Warming Oxtail Soup 400g,£0.75,(18.8p/100g),cupboard,canned,2024-11-19
Heinz Scotch Broth Soup 400g,£1.70,(42.5p/100g),cupboard,canned,2024-11-19
Heinz Cream of Mushroom Soup,£1.70,(42.5p/100g),cupboard,canned,2024-11-19
Heinz Vegetable Soup,£1.70,(42.5p/100g),cupboard,canned,2024-11-19
Heinz Mulligatawny Soup,£1.70,(42.5p/100g),cupboard,canned,2024-11-19
JUST ESSENTIALS by ASDA Chicken Soup,£0.55,(13.8p/100g),cupboard,canned,2024-11-19
ASDA Chunky Minted Lamb Soup 400g,£1.10,(27.5p/100g),cupboard,canned,2024-11-19
Heinz Potato & Leek Soup,£1.70,(42.5p/100g),cupboard,canned,2024-11-19
JUST ESSENTIALS by ASDA Vegetable Soup,£0.55,(13.8p/100g),cupboard,canned,2024-11-19
Heinz Lentil Soup,£1.70,(42.5p/100g),cupboard,canned,2024-11-19
Heinz Minestrone Soup,£1.70,(42.5p/100g),cupboard,canned,2024-11-19
ASDA Smoky Pea & Ham Soup 400g,£0.75,(18.8p/100g),cupboard,canned,2024-11-19
Crosse & Blackwell Chunky Vegetable & Beef Soup,£1.00,(25.0p/100g),cupboard,canned,2024-11-19
Heinz Beef & Vegetable Chunky Big Soup,£2.00,(50.0p/100g),cupboard,canned,2024-11-19
Heinz Chicken Noodle Soup,£1.70,(42.5p/100g),cupboard,canned,2024-11-19
Heinz Chicken & Vegetable Chunky Big Soup,£2.00,(50.0p/100g),cupboard,canned,2024-11-19
Crosse & Blackwell Broccoli & Stilton,£1.00,(25.0p/100g),cupboard,canned,2024-11-19
Crosse & Blackwell Spicy Parsnip & Carrot,£1.00,(25.0p/100g),cupboard,canned,2024-11-19
Heinz Carrot & Coriander Soup,£1.70,(42.5p/100g),cupboard,canned,2024-11-19
ASDA Golden Vegetable Soup in a Cup with Croutons 4 x 23g (92g),£0.70,(76.1p/100g),cupboard,canned,2024-11-19
Crosse & Blackwell Ltd Cauliflower & Wensleydale 400g,£1.00,(25.0p/100g),cupboard,canned,2024-11-19
ASDA Hearty Minestrone with Croutons Soup in a Cup 4x23.5g (94g),£0.70,(74.5p/100g),cupboard,canned,2024-11-19
Heinz Lentil & Bacon Soup,£1.70,(42.5p/100g),cupboard,canned,2024-11-19
The Health Menu by ASDA Aromatic Spiced Chickpea & Spinach Soup 400g,£0.75,(18.8p/100g),cupboard,canned,2024-11-19
ASDA Classic Chicken Mug Soup (4 x 28g) 112g,£0.75,(67.0p/100g),cupboard,canned,2024-11-19
Baxters Favourites Lentil & Bacon 400g,£1.40,(35.0p/100g),cupboard,canned,2024-11-19
Baxters Favourites Chicken Broth,£1.40,(35.0p/100g),cupboard,canned,2024-11-19
Baxters Favourites Pea & Ham Soup,£1.40,(35.0p/100g),cupboard,canned,2024-11-19
Baxters Favourites French Onion Soup,£1.40,(35.0p/100g),cupboard,canned,2024-11-19
Baxters Favourites Minestrone Soup,£1.40,(35.0p/100g),cupboard,canned,2024-11-19
Baxters Favourites Cream of Tomato,£1.40,(35.0p/100g),cupboard,canned,2024-11-19
Baxters Favourites Lentil & Bacon 400g,£1.40,(35.0p/100g),cupboard,canned,2024-11-19
Baxters Favourites Chicken Broth,£1.40,(35.0p/100g),cupboard,canned,2024-11-19
Baxters Favourites Pea & Ham Soup,£1.40,(35.0p/100g),cupboard,canned,2024-11-19
The Health Menu by ASDA Aromatic Spiced Chickpea & Spinach Soup 400g,£0.75,(18.8p/100g),cupboard,canned,2024-11-19
George Home Natural Geometric Storage Basket,£10.00,(£10.00/each),cupboard,canned,2024-11-19
George Home Food Storer with Strainer,£1.50,(£1.50/each),cupboard,canned,2024-11-19
George Home Peel Lid Food Storer - Colour May Vary,£2.75,(£2.75/each),cupboard,canned,2024-11-19
George Home Blue Canister Set,£6.00,(£2.00/each),cupboard,canned,2024-11-19
Vifon Mild Chicken Flavour Instant Noodle Soup 65g,£0.60,(£8.57/kg),cupboard,canned,2024-11-19
Vifon Broth Flavour Instant Noodle Soup 65g,£0.60,(£9.23/kg),cupboard,canned,2024-11-19
Sistema Klip It Plus Rectangular Food Storage 2.2L 3 Pack,£12.00,(£4.00/each),cupboard,canned,2024-11-19
Heinz Chunky Vegetable Big Soup,£2.00,(50.0p/100g),cupboard,canned,2024-11-19
Vifon Golden Chicken Flavour Instant Noodle Soup Mild 70g,£0.60,(£8.57/kg),cupboard,canned,2024-11-19
Heinz Cupboard Fillers,£6.35,null,cupboard,canned,2024-11-19
George Home Stacking Canister,£8.00,(£8.00/each),cupboard,canned,2024-11-19
George Home Acacia Lid Jar,£5.00,(£5.00/each),cupboard,canned,2024-11-19
George Home Clear Glass Clip Lid Canister,£2.00,(£2.00/each),cupboard,canned,2024-11-19
George Home Acrylic Canister,£3.50,(£3.50/each),cupboard,canned,2024-11-19
Heinz Beef Broth Chunky Big Soup,£2.00,(50.0p/100g),cupboard,canned,2024-11-19
George Home Ribbed Clip Lid Canister 1L,£2.50,(£2.50/each),cupboard,canned,2024-11-19
Batchelors Slim a Soup Creamy Asparagus 4 Sachets 59g,£1.49,(£2.53/100g),cupboard,canned,2024-11-19
George Home 2.2L Clip Lid Food Storer,£2.00,(£2.00/each),cupboard,canned,2024-11-19
Ainsley Harriott Szechuan Hot & Sour Cup Soup,£1.00,(£1.67/100g),cupboard,canned,2024-11-19
George Home Round Clip Lid Food Storers,£1.50,(50.0p/each),cupboard,canned,2024-11-19
Heinz Sausage & Vegetable Chunky Big Soup,£2.00,(50.0p/100g),cupboard,canned,2024-11-19
Batchelors Cup a Soup Cheese & Broccoli 4 Sachets 92g,£1.49,(£1.62/100g),cupboard,canned,2024-11-19
Heinz No Added Sugar Cream of Tomato Soup,£1.70,(42.5p/100g),cupboard,canned,2024-11-19
Campbell's Condensed Cream of Tomato Soup,£1.50,(50.8p/100g),cupboard,canned,2024-11-19
George Home Acacia Lid Spaghetti Canister,£5.00,(£5.00/each),cupboard,canned,2024-11-19
Kucharek Instant Red Borsch 48g,£0.60,(£1.25/100g),cupboard,canned,2024-11-19
George Home Peel Lid Dry Food Storer - Colour May Vary,£2.50,(£2.50/each),cupboard,canned,2024-11-19
Batchelors Cup a Soup Cream of Mushroom 4 Instant Soup Sachets,£1.49,(£1.51/100g),cupboard,canned,2024-11-19
Neoflam Food Storer 1.35L,£3.75,(£3.75/each),cupboard,canned,2024-11-19
Heinz Classic Minestrone Cup Soup with Croutons,£1.50,(£2.08/100g),cupboard,canned,2024-11-19
George Home Spice Rack,£10.00,(£10.00/each),cupboard,canned,2024-11-19
George Home Clip Lid Food Storer 900ml,£1.00,(£1.00/each),cupboard,canned,2024-11-19
Sistema Bento Cube to Go,£7.00,(£7.00/each),cupboard,canned,2024-11-19
Heinz Spring Vegetable Soup,£1.70,(42.5p/100g),cupboard,canned,2024-11-19
Batchelors 4 Cup a Soup Broccoli & Cauliflower 101g,£1.49,(£1.48/100g),cupboard,canned,2024-11-19
Neoflam Food Storer 3.6L,£6.50,(£6.50/each),cupboard,canned,2024-11-19
"Baxters Super Good Pea, Broccoli and Basil Pesto 400g",£2.20,(55.0p/100g),cupboard,canned,2024-11-19
Crosse & Blackwell Cream of Chicken Condensed Soup 295g,£0.95,(32.2p/100g),cupboard,canned,2024-11-19
Wham 5.02 Box Green,£4.00,(£4.00/each),cupboard,canned,2024-11-19
Wham Crystal 11 Litre Box & Lid Clear,£3.00,(£3.00/each),cupboard,canned,2024-11-19
Curver My Style Cube 25L Grey,£5.00,(£5.00/each),cupboard,canned,2024-11-19
Weight Watchers from Heinz Hearty Vegetable Broth Soup,£1.20,(40.7p/100g),cupboard,canned,2024-11-19
Batchelors Cup a Soup Minestrone with Croutons 4 Instant Soup Sachets,£1.49,(£1.59/100g),cupboard,canned,2024-11-19
George Home Glass Canister With Wooden Lid 750ml,£2.00,(£2.00/each),cupboard,canned,2024-11-19
Neoflam Food Storer 3.3L,£6.00,(£6.00/each),cupboard,canned,2024-11-19
Batchelors Cup a Soup Tomato Soup 4 Instant Soup Sachets,£1.49,(£1.60/100g),cupboard,canned,2024-11-19
George Home Cream Workstop Canisters,£6.00,(£2.00/each),cupboard,canned,2024-11-19
George Home Natural Rattan Storage Tray,£9.00,(£3.00/each),cupboard,canned,2024-11-19
Batchelors Cup a Soup Chicken & Leek 4 Sachets 86g,£1.49,(£1.73/100g),cupboard,canned,2024-11-19
George Home Green Stacking Canisters - Pack of 3,£8.00,(£8.00/each),cupboard,canned,2024-11-19
George Home Peel Lid Food Storer Set - Colour May Vary,£7.00,(£7.00/each),cupboard,canned,2024-11-19
George Home Canister Set,£20.00,(£20.00/each),cupboard,canned,2024-11-19
George Home 3 Nested Food Storers,£5.00,(£1.67/each),cupboard,canned,2024-11-19
George Home Bag Clips,£2.00,(£2.00/each),cupboard,canned,2024-11-19
George Home Spice Jar,£1.00,(£1.00/each),cupboard,canned,2024-11-19
Wham Crystal 2.6L Box & Lid Clear,£1.50,(£1.50/each),cupboard,canned,2024-11-19
Baxters Favourites Lentil & Bacon 400g,£1.40,(35.0p/100g),cupboard,canned,2024-11-19
Baxters Favourites Chicken Broth,£1.40,(35.0p/100g),cupboard,canned,2024-11-19
Baxters Favourites Pea & Ham Soup,£1.40,(35.0p/100g),cupboard,canned,2024-11-19
Baxters Favourites French Onion Soup,£1.40,(35.0p/100g),cupboard,canned,2024-11-19
Baxters Favourites Cream of Tomato,£1.40,(35.0p/100g),cupboard,canned,2024-11-19
Baxters Favourites Minestrone Soup,£1.40,(35.0p/100g),cupboard,canned,2024-11-19
Baxters Favourites Lentil & Bacon 400g,£1.40,(35.0p/100g),cupboard,canned,2024-11-19
Baxters Favourites Chicken Broth,£1.40,(35.0p/100g),cupboard,canned,2024-11-19
Baxters Favourites Pea & Ham Soup,£1.40,(35.0p/100g),cupboard,canned,2024-11-19
George Home 8 Piece Clip-Lid Food Storage Set,£6.00,(75.0p/each),cupboard,canned,2024-11-19
Batchelors Cup a Soup Chicken & Leek 4 Sachets 86g,£1.49,(£1.73/100g),cupboard,canned,2024-11-19
George Home Green Stacking Canisters - Pack of 3,£8.00,(£8.00/each),cupboard,canned,2024-11-19
George Home Natural Rattan Storage Tray,£9.00,(£3.00/each),cupboard,canned,2024-11-19
George Home 3 Nested Food Storers,£5.00,(£1.67/each),cupboard,canned,2024-11-19
George Home 7 Pack Nested Food Storers,£5.00,(71.4p/each),cupboard,canned,2024-11-19
Heinz Chicken & Mushroom Soup,£1.70,(42.5p/100g),cupboard,canned,2024-11-19
George Home Peel Lid Food Storer with Handle - Colour May Vary,£2.50,(£2.50/each),cupboard,canned,2024-11-19
At Home with Stacey Solomon Clear Glass Canister Small,£4.00,(£4.00/each),cupboard,canned,2024-11-19
George Home Square Glass Canister With Chrome Lid 1900ml,£4.50,(£4.50/each),cupboard,canned,2024-11-19
George Home Green Canister Set,£6.00,(£2.00/each),cupboard,canned,2024-11-19
George Home Spice Jars,£2.00,(50.0p/each),cupboard,canned,2024-11-19
Wham 4.02 Box Green,£2.00,(£2.00/each),cupboard,canned,2024-11-19
George Home Grey Workstop Storage Canisters,£6.00,(£2.00/each),cupboard,canned,2024-11-19
Sistema Klip it Food Storer,£5.00,(£5.00/each),cupboard,canned,2024-11-19
George Home Canister Set,£20.00,(£20.00/each),cupboard,canned,2024-11-19
George Home Cereal Food Storer,£2.75,(£2.75/each),cupboard,canned,2024-11-19
Batchelors 4 Cup a Soup Broccoli & Cauliflower 101g,£1.49,(£1.48/100g),cupboard,canned,2024-11-19
Heinz Spring Vegetable Soup,£1.70,(42.5p/100g),cupboard,canned,2024-11-19
Heinz Classic Minestrone Cup Soup with Croutons,£1.50,(£2.08/100g),cupboard,canned,2024-11-19
Batchelors Slim a Soup Minestrone with Croutons 4 Sachets 61g,£1.49,(£2.44/100g),cupboard,canned,2024-11-19
George Home Spice Jar,£1.00,(£1.00/each),cupboard,canned,2024-11-19
Wham Crystal 2.6L Box & Lid Clear,£1.50,(£1.50/each),cupboard,canned,2024-11-19
Neoflam Food Storer 3.6L,£6.50,(£6.50/each),cupboard,canned,2024-11-19
George Home Bag Clips,£2.00,(£2.00/each),cupboard,canned,2024-11-19
Smart Seal Food Storer 2.7L Tall,£5.00,(£5.00/each),cupboard,canned,2024-11-19
Crosse & Blackwell Cream of Tomato Condensed Soup 295g,£0.95,(32.2p/100g),cupboard,canned,2024-11-19
Crosse & Blackwell Cream of Roast Chicken 400g,£1.00,(25.0p/100g),cupboard,canned,2024-11-19
George Home Grey Geo Ceramic Canister,£3.00,(£3.00/each),cupboard,canned,2024-11-19
George Home Peel Lid Food Storers - Colour May Vary,£1.00,(50.0p/each),cupboard,canned,2024-11-19
Sistema Klip It Plus Rectangular Food Storage Essentials 6 Pack,£15.00,(£2.50/each),cupboard,canned,2024-11-19
Sistema Sistema 1.15L Square Klip It Plus 3 Pack,£10.00,(£3.33/each),cupboard,canned,2024-11-19
Heinz Lamb & Vegetable Chunky Big Soup,£2.00,(50.0p/100g),cupboard,canned,2024-11-19
George Home Wood Top Canister,£2.25,(£2.25/each),cupboard,canned,2024-11-19
George Home Takeaway Food Storers,£3.50,(29.2p/each),cupboard,canned,2024-11-19
George Home Storage Can Set,£6.00,(£2.00/each),cupboard,canned,2024-11-19
Heinz Pea & Ham Soup,£1.70,(42.5p/100g),cupboard,canned,2024-11-19
Neoflam Food Storer 1.7L Round,£4.25,(£4.25/each),cupboard,canned,2024-11-19
George Home Square Glass Canister With Chrome Lid 700ml,£3.00,(£3.00/each),cupboard,canned,2024-11-19
Batchelors Cup a Soup Golden Vegetable Soup 4 Instant Soup Sachets,£1.49,(£1.82/100g),cupboard,canned,2024-11-19
Sistema Microwaveable Noodle Bowl,£5.50,(£5.50/each),cupboard,canned,2024-11-19
Knorr Spring Vegetable Dry Soup,£1.25,(£2.60/100g),cupboard,canned,2024-11-19
George Home Clip Lid Canister,£3.00,(£3.00/each),cupboard,canned,2024-11-19
George Home Clip Lid Food Storer 900ml,£1.00,(£1.00/each),cupboard,canned,2024-11-19
Crosse & Blackwell Cream of Roasted Mushroom 400g,£1.00,(25.0p/100g),cupboard,canned,2024-11-19
The Health Menu by ASDA Tomato & Three Bean Soup 400g,£0.75,(18.8p/100g),cupboard,canned,2024-11-19
Pyrex Glass Dish With Lid,£6.50,(£6.50/each),cupboard,canned,2024-11-19
Crosse & Blackwell Cream of Mushroom Condensed Soup 295g,£0.95,(32.2p/100g),cupboard,canned,2024-11-19
Heinz Chicken Broth 400g,£1.70,(42.5p/100g),cupboard,canned,2024-11-19
George Home Glass Food Storer,£3.00,(£3.00/each),cupboard,canned,2024-11-19
Batchelors Cup A Soup Cream of Asparagus 4 Instant Soup Sachets,£1.49,(£1.27/100g),cupboard,canned,2024-11-19
Wham Crystal 25L Box & Lid Clear,£4.00,(£4.00/each),cupboard,canned,2024-11-19
Baxters Super Good Root Vegetable and Turmeric 400g,£2.20,(55.0p/100g),cupboard,canned,2024-11-19
Disney Mickey Mouse Red Earthenware Cookie Jar,£12.00,(£12.00/each),cupboard,canned,2024-11-19
George Home 10L Food Container with Handle,£3.00,(£3.00/each),cupboard,canned,2024-11-19
George Home Mini Food Storers,£2.00,(50.0p/each),cupboard,canned,2024-11-19
George Home Bento Box,£3.50,(£3.50/each),cupboard,canned,2024-11-19
Baxters Favourites Lentil & Bacon 400g,£1.40,(35.0p/100g),cupboard,canned,2024-11-19
Baxters Favourites Chicken Broth,£1.40,(35.0p/100g),cupboard,canned,2024-11-19
Baxters Favourites Pea & Ham Soup,£1.40,(35.0p/100g),cupboard,canned,2024-11-19
Baxters Favourites French Onion Soup,£1.40,(35.0p/100g),cupboard,canned,2024-11-19
Baxters Favourites Cream of Tomato,£1.40,(35.0p/100g),cupboard,canned,2024-11-19
Baxters Favourites Minestrone Soup,£1.40,(35.0p/100g),cupboard,canned,2024-11-19
Baxters Favourites Lentil & Bacon 400g,£1.40,(35.0p/100g),cupboard,canned,2024-11-19
Baxters Favourites Chicken Broth,£1.40,(35.0p/100g),cupboard,canned,2024-11-19
Baxters Favourites Pea & Ham Soup,£1.40,(35.0p/100g),cupboard,canned,2024-11-19
George Home Grey Workstop Storage Canisters,£6.00,(£2.00/each),cupboard,canned,2024-11-19
George Home 7 Pack Nested Food Storers,£5.00,(71.4p/each),cupboard,canned,2024-11-19
George Home Canister Set,£20.00,(£20.00/each),cupboard,canned,2024-11-19
George Home 3 Nested Food Storers,£5.00,(£1.67/each),cupboard,canned,2024-11-19
Batchelors Slim a Soup Minestrone with Croutons 4 Sachets 61g,£1.49,(£2.44/100g),cupboard,canned,2024-11-19
Wham Crystal 2.6L Box & Lid Clear,£1.50,(£1.50/each),cupboard,canned,2024-11-19
Batchelors 4 Cup a Soup Broccoli & Cauliflower 101g,£1.49,(£1.48/100g),cupboard,canned,2024-11-19
George Home Glass Storage Jar with Screw Lid,£2.00,(£2.00/each),cupboard,canned,2024-11-19
George Home Bag Clips,£2.00,(£2.00/each),cupboard,canned,2024-11-19
Batchelors Cup a Soup Chicken & Leek 4 Sachets 86g,£1.49,(£1.73/100g),cupboard,canned,2024-11-19
George Home 8 Piece Clip-Lid Food Storage Set,£6.00,(75.0p/each),cupboard,canned,2024-11-19
Neoflam Food Storer 3.6L,£6.50,(£6.50/each),cupboard,canned,2024-11-19
George Home Spice Jar,£1.00,(£1.00/each),cupboard,canned,2024-11-19
George Home Peel Lid Food Storers - Colour May Vary,£1.00,(50.0p/each),cupboard,canned,2024-11-19
George Home Natural Rattan Storage Tray,£9.00,(£3.00/each),cupboard,canned,2024-11-19
Crosse & Blackwell Cream of Tomato Condensed Soup 295g,£0.95,(32.2p/100g),cupboard,canned,2024-11-19
Crosse & Blackwell Cream of Roast Chicken 400g,£1.00,(25.0p/100g),cupboard,canned,2024-11-19
George Home Cereal Food Storer,£2.75,(£2.75/each),cupboard,canned,2024-11-19
At Home with Stacey Solomon Clear Glass Canister Small,£4.00,(£4.00/each),cupboard,canned,2024-11-19
George Home Square Glass Canister With Chrome Lid 1900ml,£4.50,(£4.50/each),cupboard,canned,2024-11-19
Heinz Chicken & Mushroom Soup,£1.70,(42.5p/100g),cupboard,canned,2024-11-19
George Home Peel Lid Food Storer with Handle - Colour May Vary,£2.50,(£2.50/each),cupboard,canned,2024-11-19
George Home Green Canister Set,£6.00,(£2.00/each),cupboard,canned,2024-11-19
George Home Wood Top Canister,£2.25,(£2.25/each),cupboard,canned,2024-11-19
Wham 4.02 Box Green,£2.00,(£2.00/each),cupboard,canned,2024-11-19
George Home Spice Jars,£2.00,(50.0p/each),cupboard,canned,2024-11-19
George Home Takeaway Food Storers,£3.50,(29.2p/each),cupboard,canned,2024-11-19
George Home Storage Can Set,£6.00,(£2.00/each),cupboard,canned,2024-11-19
Heinz Lamb & Vegetable Chunky Big Soup,£2.00,(50.0p/100g),cupboard,canned,2024-11-19
Sistema Klip It Plus Rectangular Food Storage Essentials 6 Pack,£15.00,(£2.50/each),cupboard,canned,2024-11-19
Sistema Sistema 1.15L Square Klip It Plus 3 Pack,£10.00,(£3.33/each),cupboard,canned,2024-11-19
Knorr Spring Vegetable Dry Soup,£1.25,(£2.60/100g),cupboard,canned,2024-11-19
Batchelors Cup a Soup Golden Vegetable Soup 4 Instant Soup Sachets,£1.49,(£1.82/100g),cupboard,canned,2024-11-19
Heinz Pea & Ham Soup,£1.70,(42.5p/100g),cupboard,canned,2024-11-19
Sistema Microwaveable Noodle Bowl,£5.50,(£5.50/each),cupboard,canned,2024-11-19
Neoflam Food Storer 1.7L Round,£4.25,(£4.25/each),cupboard,canned,2024-11-19
George Home Clip Lid Canister,£3.00,(£3.00/each),cupboard,canned,2024-11-19
George Home Disney Stitch Cake Tin - Set of 2,£8.50,(£8.50/each),cupboard,canned,2024-11-19
George Home Large Bonbon Biscuit Jar,£7.00,(£7.00/each),cupboard,canned,2024-11-19
George Home Food Storers,£1.00,(50.0p/each),cupboard,canned,2024-11-19
Heinz Chicken Broth 400g,£1.70,(42.5p/100g),cupboard,canned,2024-11-19
George Home 3 Piece Rectangular Food Storage Set,£4.50,(£1.50/each),cupboard,canned,2024-11-19
George Home Mini Food Storers,£2.00,(50.0p/each),cupboard,canned,2024-11-19
Neoflam Food Storer 2.7L Wide,£5.00,(£5.00/each),cupboard,canned,2024-11-19
George Home Clear Glass Clip Lid Canister,£1.50,(£1.50/each),cupboard,canned,2024-11-19
George Home Stainless Steel Food Flask,£6.00,(£6.00/each),cupboard,canned,2024-11-19
ASDA Olive Oil & Sea Salt Croutons 100g,£1.10,(£1.10/100g),cupboard,canned,2024-11-19
Batchelors Cup a Soup Thai Chicken & Lemongrass 4 Instant Soup Sachets,£1.49,(£1.69/100g),cupboard,canned,2024-11-19
Pyrex Glass Dish With Lid,£9.00,(£9.00/each),cupboard,canned,2024-11-19
George Home 1L Plastic Food Storers 3pk,£1.00,(33.3p/each),cupboard,canned,2024-11-19
George Home Large Black Wire Basket,£3.75,(£3.75/each),cupboard,canned,2024-11-19
Ainsley Harriott Broccoli & Stilton Cup Soup,£1.00,(£1.39/100g),cupboard,canned,2024-11-19
ASDA Chicken Noodle Soup in a Cup 4 x 13g (52g),£0.75,(£1.44/100g),cupboard,canned,2024-11-19
George Home 1L Plastic Food Storers 5 Pack,£3.50,(70.0p/each),cupboard,canned,2024-11-19
George Home Premium Rectangular Food Storer,£2.00,(£2.00/each),cupboard,canned,2024-11-19
ASDA Classic Mushroom Flavour Soup in a Cup 4 x 20g (80g),£0.70,(87.5p/100g),cupboard,canned,2024-11-19
Sistema Snack Box 3 Pack,£6.00,(£2.00/each),cupboard,canned,2024-11-19
Baxters Favourites Lentil & Bacon 400g,£1.40,(35.0p/100g),cupboard,canned,2024-11-19
Baxters Favourites Chicken Broth,£1.40,(35.0p/100g),cupboard,canned,2024-11-19
Baxters Favourites Pea & Ham Soup,£1.40,(35.0p/100g),cupboard,canned,2024-11-19
Baxters Favourites French Onion Soup,£1.40,(35.0p/100g),cupboard,canned,2024-11-19
Baxters Favourites Cream of Tomato,£1.40,(35.0p/100g),cupboard,canned,2024-11-19
Baxters Favourites Minestrone Soup,£1.40,(35.0p/100g),cupboard,canned,2024-11-19
Baxters Favourites Lentil & Bacon 400g,£1.40,(35.0p/100g),cupboard,canned,2024-11-19
Baxters Favourites Chicken Broth,£1.40,(35.0p/100g),cupboard,canned,2024-11-19
Baxters Favourites Pea & Ham Soup,£1.40,(35.0p/100g),cupboard,canned,2024-11-19
George Home 1L Plastic Food Storers 3pk,£1.00,(33.3p/each),cupboard,canned,2024-11-19
George Home 1L Plastic Food Storers 5 Pack,£3.50,(70.0p/each),cupboard,canned,2024-11-19
ASDA Chicken Noodle Soup in a Cup 4 x 13g (52g),£0.75,(£1.44/100g),cupboard,canned,2024-11-19
Pyrex Glass Dish With Lid,£9.00,(£9.00/each),cupboard,canned,2024-11-19
Heinz Classic Cream of Tomato Cup Soup with a Hint of Basil,£1.50,(£1.70/100g),cupboard,canned,2024-11-19
Heinz No Added Sugar Cream of Tomato Soup,£3.75,(23.4p/100g),cupboard,canned,2024-11-19
Crosse & Blackwell Minestrone 400g,£1.00,(25.0p/100g),cupboard,canned,2024-11-19
Smart Seal Food Storer 2.1L,£4.50,(£4.50/each),cupboard,canned,2024-11-19
Batchelors Cup a Soup Chicken Noodle 4 Sachets 94g,£1.49,(£1.59/100g),cupboard,canned,2024-11-19
George Home Marble Plastic Canisters,£6.50,(£2.17/each),cupboard,canned,2024-11-19
Weight Watchers from Heinz Tomato Soup,£1.20,(40.7p/100g),cupboard,canned,2024-11-19
George Home Acacia Lid Canister,£4.50,(£4.50/each),cupboard,canned,2024-11-19
George Home Canister Set of 3 - Grey,£7.00,(£2.33/each),cupboard,canned,2024-11-19
Batchelors Cup a Soup Tomato & Vegetable with Croutons 4 Sachets 104g,£1.49,(£1.43/100g),cupboard,canned,2024-11-19
Heinz Steak & Potato Big Soup,£2.00,(50.0p/100g),cupboard,canned,2024-11-19
George Home Mini Food Storers 3 Pack,£2.00,(66.7p/each),cupboard,canned,2024-11-19
George Home Peel Lid Food Storer - Colour May Vary,£1.50,(£1.50/each),cupboard,canned,2024-11-19
Baxters Favourites Minestrone Soup,£1.40,(35.0p/100g),cupboard,canned,2024-11-19
George Home Ribbed Clip Lid Canister 2L,£3.00,(£3.00/each),cupboard,canned,2024-11-19
Neoflam Food Storer 4.5L,£7.50,(£7.50/each),cupboard,canned,2024-11-19
Sistema Snack Box 3 Pack,£6.00,(£2.00/each),cupboard,canned,2024-11-19
Sistema Sistema 1.15L Square Klip It Plus,£3.75,(£3.75/each),cupboard,canned,2024-11-19
Batchelors Cup a Soup Oxtail Soup 4 Instant Soup Sachets,£1.49,(£1.91/100g),cupboard,canned,2024-11-19
George Home Lunch Bag Storage Set,£8.00,(£8.00/each),cupboard,canned,2024-11-19
Baxters Favourites Cream of Tomato,£1.40,(35.0p/100g),cupboard,canned,2024-11-19
George Home 3.6L Clip Lid Food Storer,£2.75,(£2.75/each),cupboard,canned,2024-11-19
Baxters Favourites Lentil & Bacon 400g,£1.40,(35.0p/100g),cupboard,canned,2024-11-19
Baxters Favourites Chicken Broth,£1.40,(35.0p/100g),cupboard,canned,2024-11-19
Baxters Favourites Pea & Ham Soup,£1.40,(35.0p/100g),cupboard,canned,2024-11-19
Baxters Favourites French Onion Soup,£1.40,(35.0p/100g),cupboard,canned,2024-11-19
Baxters Favourites Cream of Tomato,£1.40,(35.0p/100g),cupboard,canned,2024-11-19
Baxters Favourites Minestrone Soup,£1.40,(35.0p/100g),cupboard,canned,2024-11-19
Napolina Double Concentrate Tomato Purée,£1.00,(£5.00/kg),cupboard,canned,2024-11-19
Cook Italian Tomato Purée,£0.75,(£5.36/kg),cupboard,canned,2024-11-19
ASDA Organic Tomato Purée Double Concentrate,£1.20,(60.0p/100g),cupboard,canned,2024-11-19
Mutti Double Concentrate Tomato Puree,£1.50,(£11.54/kg),cupboard,canned,2024-11-19
ASDA Passata 500g,£0.60,(£1.20/kg),cupboard,canned,2024-11-19
ASDA Tomato Passata with Garlic,£1.00,(£2.00/kg),cupboard,canned,2024-11-19
Napolina Tomato Passata,£1.00,(£2.00/kg),cupboard,canned,2024-11-19
ASDA Tomato Passata with Basil,£1.00,(£2.00/kg),cupboard,canned,2024-11-19
Napolina Tomato Passata,£1.25,(£1.81/kg),cupboard,canned,2024-11-19
Heinz Classic Passata,£1.00,(£2.00/kg),cupboard,canned,2024-11-19
Heinz Passata with Basil,£1.00,(£2.00/kg),cupboard,canned,2024-11-19
Bodrum Tomato Paste,£3.00,(42.9p/100g),cupboard,canned,2024-11-19
ASDA Extra Special Sun-Dried Tomato & Basil Passata,£1.30,(£3.02/kg),cupboard,canned,2024-11-19
ASDA Extra Special Sweet Peppers & Red Chilli Passata,£1.30,(£3.02/kg),cupboard,canned,2024-11-19
Mutti Parma Passata,£2.00,(50.0p/100g),cupboard,canned,2024-11-19
ASDA Tomato & Basil Pizza Sauce Topper,£2.30,(92.0p/100g),cupboard,canned,2024-11-19
ASDA Tomato Passata with Chilli & Peppers,£1.00,(£2.00/kg),cupboard,canned,2024-11-19
ASDA Organic Passata,£1.80,(26.5p/100g),cupboard,canned,2024-11-19
ASDA Extra Special Roasted Garlic & Herb Passata,£1.30,(£3.02/kg),cupboard,canned,2024-11-19
Del Monte Peach Slices in Juice,£1.20,(£4.80/kg),cupboard,canned,2024-11-19
ASDA Pineapple Chunks in Fruit Juice 432g,£1.10,(£4.23/kg),cupboard,canned,2024-11-19
JUST ESSENTIALS by ASDA Mandarin Pieces in Light Syrup,£0.60,(34.3p/100g),cupboard,canned,2024-11-19
ASDA Black Cherries in Light Syrup 425g,£1.20,(£4.62/kg),cupboard,canned,2024-11-19
ASDA Peach Slices in Fruit Juice 213g,£0.70,(56.0p/100g),cupboard,canned,2024-11-19
ASDA Peach Slices in Fruit Juice 411g,£1.10,(44.0p/100g),cupboard,canned,2024-11-19
ASDA Pear Halves in Fruit Juice 410g,£1.10,(45.8p/100g),cupboard,canned,2024-11-19
Del Monte Fruit Cocktail in Light Syrup,£1.20,(£4.80/kg),cupboard,canned,2024-11-19
ASDA Pineapple Slices in Fruit Juice 432g,£1.10,(£4.23/kg),cupboard,canned,2024-11-19
Del Monte Prunes in Juice,£1.20,(£5.11/kg),cupboard,canned,2024-11-19
ASDA Apple Slices 385g,£1.10,(£2.86/kg),cupboard,canned,2024-11-19
Del Monte Peach Slices in Light Syrup,£1.00,(£7.14/kg),cupboard,canned,2024-11-19
Del Monte Pear Halves in Juice,£1.20,(£5.22/kg),cupboard,canned,2024-11-19
Del Monte Mango Slices in Light Syrup,£1.20,(£5.22/kg),cupboard,canned,2024-11-19
Princes Pineapple Slices in Juice 227g,£0.95,(41.9p/100g),cupboard,canned,2024-11-19
Del Monte Mandarin Segments in Juice,£1.20,(£6.86/kg),cupboard,canned,2024-11-19
Princes Rhubarb in Light Syrup,£1.60,(65.3p/100g),cupboard,canned,2024-11-19
Dole Tropical Gold Premium Pineapple in Pineapple Juice 432g,£1.25,(46.0p/100g),cupboard,canned,2024-11-19
Del Monte Peach Slices in Light Syrup,£1.20,(£4.80/kg),cupboard,canned,2024-11-19
Del Monte Pear Halves in Light Syrup,£1.20,(£5.22/kg),cupboard,canned,2024-11-19
Dole Tropical Gold Premium Pineapple in Pineapple Juice 432g,£1.25,(46.0p/100g),cupboard,canned,2024-11-19
Del Monte Peach Halves in Juice,£1.20,(£4.80/kg),cupboard,canned,2024-11-19
Del Monte Fruit Cocktail in Juice,£1.20,(£4.80/kg),cupboard,canned,2024-11-19
ASDA Mandarin Segment in Mandarin Juice 298g,£0.80,(45.7p/100g),cupboard,canned,2024-11-19
Nature's Finest Peach in Juice 700g,£2.80,(40.0p/100g),cupboard,canned,2024-11-19
Princes Fillings & Toppings Black Cherry 410g,£1.80,(43.9p/100g),cupboard,canned,2024-11-19
ASDA Raspberries in Light Syrup 300g,£1.50,(£13.64/kg),cupboard,canned,2024-11-19
Princes Fruit Filling Apple,£1.60,(£4.05/kg),cupboard,canned,2024-11-19
Princes Fillings & Toppings Summer Fruits 410g,£1.80,(43.9p/100g),cupboard,canned,2024-11-19
Princes Apple Slices 385g,£1.60,(41.6p/100g),cupboard,canned,2024-11-19
Aroy-D Coconut Milk,£1.55,(£3.88/lt),cupboard,canned,2024-11-19
Opies Cocktail Cherries Maraschino Flavour,£2.05,(£1.64/100g),cupboard,canned,2024-11-19
Nature's Finest Pitted Prunes in Juice 700g,£3.20,(45.7p/100g),cupboard,canned,2024-11-19
Tropical Sun Young Green Jackfruit in Water,£1.50,(£3.75/kg),cupboard,canned,2024-11-19
Nature's Finest Mandarin in Juice 700g,£2.80,(40.0p/100g),cupboard,canned,2024-11-19
Opies Stem Ginger in Syrup,£2.60,(£9.29/kg),cupboard,canned,2024-11-19
Ben's Plant Powered Bean Chilli Non Carne,£1.75,(£6.14/kg),cupboard,carbs,2024-11-19
ASDA Penne 1kg,£1.29,(£1.29/kg),cupboard,carbs,2024-11-19
ASDA Fusilli 1kg,£1.29,(£1.29/kg),cupboard,carbs,2024-11-19
ASDA Spaghetti 500g,£0.75,(£1.50/kg),cupboard,carbs,2024-11-19
ASDA Conchiglie 500g,£0.69,(£1.38/kg),cupboard,carbs,2024-11-19
ASDA Fusilli 3kg,£3.80,(£1.27/kg),cupboard,carbs,2024-11-19
ASDA Penne 500g,£0.69,(£1.38/kg),cupboard,carbs,2024-11-19
ASDA Asda Fusilli 500g,£0.69,(£1.38/kg),cupboard,carbs,2024-11-19
ASDA Linguine,£0.75,(£1.50/kg),cupboard,carbs,2024-11-19
ASDA Macaroni 500g,£0.72,(£1.44/kg),cupboard,carbs,2024-11-19
ASDA Penne 3kg,£3.80,(£1.27/kg),cupboard,carbs,2024-11-19
Napolina Spaghetti,£2.25,(£2.25/kg),cupboard,carbs,2024-11-19
ASDA Farfalle 500g,£0.69,(£1.38/kg),cupboard,carbs,2024-11-19
ASDA Rigatoni 500g,£0.75,(£1.50/kg),cupboard,carbs,2024-11-19
ASDA Tricolore Fusilli 500g,£0.75,(£1.50/kg),cupboard,carbs,2024-11-19
ASDA Spirali 500g,£0.75,(£1.50/kg),cupboard,carbs,2024-11-19
ASDA Tagliatelle,£0.75,(£1.50/kg),cupboard,carbs,2024-11-19
JUST ESSENTIALS by ASDA Lasagne Sheets,£0.64,(£1.71/kg),cupboard,carbs,2024-11-19
ASDA Orzo 500g,£1.00,(£2.00/kg),cupboard,carbs,2024-11-19
ASDA Wholewheat Fusilli 500g,£0.75,(£1.50/kg),cupboard,carbs,2024-11-19
Napolina Conchiglie,£1.00,(£2.00/kg),cupboard,carbs,2024-11-19
ASDA Egg Lasagne Sheets,£0.80,(£2.13/kg),cupboard,carbs,2024-11-19
Napolina Rigatoni,£1.00,(£2.00/kg),cupboard,carbs,2024-11-19
ASDA Wholewheat Spaghetti 500g,£0.75,(£1.50/kg),cupboard,carbs,2024-11-19
ASDA Wholewheat Penne 500g,£0.75,(£1.50/kg),cupboard,carbs,2024-11-19
Napolina Tagliatelle,£1.25,(£2.50/kg),cupboard,carbs,2024-11-19
ASDA Tomato & Chorizo Micro Pasta,£1.25,(£6.25/kg),cupboard,carbs,2024-11-19
ASDA Tomato & Basil Micro Pasta,£1.25,(£6.25/kg),cupboard,carbs,2024-11-19
Napolina Spaghetti,£1.00,(£2.00/kg),cupboard,carbs,2024-11-19
Pastificio Liguori Mezzi Rigatoni No.38 500g,£1.35,(£2.70/kg),cupboard,carbs,2024-11-19
ASDA Gnocchi Pasta,£1.95,(£3.90/kg),cupboard,carbs,2024-11-19
Barilla Fusilli,£1.00,(£2.00/kg),cupboard,carbs,2024-11-19
ASDA Green Pesto Micro Pasta 200g,£1.25,(£6.25/kg),cupboard,carbs,2024-11-19
Barilla Spaghetti n.5,£1.00,(£2.00/kg),cupboard,carbs,2024-11-19
Napolina Fusilli,£1.00,(£2.00/kg),cupboard,carbs,2024-11-19
Pastificio Liguori Fusilli No.31 500g,£1.35,(£2.70/kg),cupboard,carbs,2024-11-19
Loyd Grossman Lean Turkey Lasagne Meal for 4-6,£9.85,null,cupboard,carbs,2024-11-19
La Gnoccheria Gluten Free Potato Gnocchi,£1.30,(£5.20/kg),cupboard,carbs,2024-11-19
George Home Clear Glass Clip Lid Canister,£2.00,(£2.00/each),cupboard,carbs,2024-11-19
Napolina Penne,£1.00,(£2.00/kg),cupboard,carbs,2024-11-19
ASDA Organic Penne 500g,£1.20,(£2.40/kg),cupboard,carbs,2024-11-19
Pastificio Liguori Orecchiette No.121 500g,£1.35,(£2.70/kg),cupboard,carbs,2024-11-19
ASDA Extra Special Traditional Fusilli,£1.70,(£3.40/kg),cupboard,carbs,2024-11-19
ASDA Extra Special Traditional Spaghetti,£1.70,(£3.40/kg),cupboard,carbs,2024-11-19
ASDA Mushroom & Garlic Micro Pasta 200g,£1.25,(£6.25/kg),cupboard,carbs,2024-11-19
Pastificio Liguori Casarecce No.27 500g,£1.35,(£2.70/kg),cupboard,carbs,2024-11-19
Chicken Pesto Pasta Bundle,£6.15,null,cupboard,carbs,2024-11-19
Midweek Creamy Pasta Meal for 3-4 People,£3.19,null,cupboard,carbs,2024-11-19
ASDA Organic Wholewheat Fusilli 500g,£1.20,(£2.40/kg),cupboard,carbs,2024-11-19
ASDA Free From Lasagne Sheets,£1.25,(£5.00/kg),cupboard,carbs,2024-11-19
ASDA Extra Special Traditional Pennoni Rigati,£1.70,(£3.40/kg),cupboard,carbs,2024-11-19
Meatballs Meal Bundle for 4,£6.55,null,cupboard,carbs,2024-11-19
Pastificio Liguori Bucatini No.6 500g,£1.35,(£2.70/kg),cupboard,carbs,2024-11-19
Dolmio Pasta Pronto With Tomato and Basil,£2.00,(£10.00/kg),cupboard,carbs,2024-11-19
Dolmio Sundried Tomato Pasta Salad Meal Bundle For 2,£3.44,null,cupboard,carbs,2024-11-19
Barilla Collezione Lasagne,£1.30,(£2.60/kg),cupboard,carbs,2024-11-19
Ben's Plant Powered Bean Chilli Non Carne,£1.75,(£6.14/kg),cupboard,carbs,2024-11-19
Dolmio Pasta Pronto with Tomato and Chilli,£2.00,(£10.00/kg),cupboard,carbs,2024-11-19
Napolina Macaroni 500g,£1.00,(£2.00/kg),cupboard,carbs,2024-11-19
Pesto & Spaghetti Bundle,£3.50,null,cupboard,carbs,2024-11-19
Dolmio Carbonara Pasta Bake Meal Bundle For 4,£8.24,null,cupboard,carbs,2024-11-19
Dolmio Pasta Pronto With Tomato and Basil,£2.00,(£10.00/kg),cupboard,carbs,2024-11-19
Heinz Pasta Bake Bundle,£5.24,null,cupboard,carbs,2024-11-19
Napolina Lasagne Pasta,£1.60,(£4.27/kg),cupboard,carbs,2024-11-19
Dolmio Pronto Pasta Twists,£2.00,(£10.00/kg),cupboard,carbs,2024-11-19
ASDA Free From Spaghetti,£1.00,(£2.00/kg),cupboard,carbs,2024-11-19
Napolina Linguine 500g,£1.00,(£2.00/kg),cupboard,carbs,2024-11-19
Pastificio Liguori Tofe No.48 500g,£1.35,(£2.70/kg),cupboard,carbs,2024-11-19
Ben's Original Boil In Bag Long Grain Rice 8 x 62.5g,£3.15,(£6.30/kg),cupboard,carbs,2024-11-19
Ben's Original Long Grain Rice,£5.25,(£5.25/kg),cupboard,carbs,2024-11-19
ASDA 4 Pack Boil in the Bag Basmati Rice,£2.00,(£4.00/kg),cupboard,carbs,2024-11-19
ASDA Brown Basmati Rice,£3.25,(£3.25/kg),cupboard,carbs,2024-11-19
ASDA Long Grain White Rice 1kg,£1.25,(£1.25/kg),cupboard,carbs,2024-11-19
ASDA 4 Pack Boil in the Bag Long Grain Rice,£1.20,(£2.40/kg),cupboard,carbs,2024-11-19
ASDA Golden Vegetable Savoury Rice 105g,£0.70,(£6.67/kg),cupboard,carbs,2024-11-19
ASDA Straight to Wok Noodles 300g,£1.00,(£3.33/kg),cupboard,carbs,2024-11-19
ASDA White Basmati Rice,£3.60,(£1.80/kg),cupboard,carbs,2024-11-19
ASDA Long Grain White Rice 500g,£1.00,(£2.00/kg),cupboard,carbs,2024-11-19
ASDA Orzo 500g,£1.00,(£2.00/kg),cupboard,carbs,2024-11-19
Blue Dragon Medium Egg Noodles 250g,£1.50,(£6.00/kg),cupboard,carbs,2024-11-19
Sharwood's Medium Egg Noodles 226g,£1.25,(£5.53/kg),cupboard,carbs,2024-11-19
ASDA Chicken Flavour Savoury Rice 105g,£0.65,(£6.19/kg),cupboard,carbs,2024-11-19
ASDA Thai Jasmine Rice 500g,£1.75,(£3.50/kg),cupboard,carbs,2024-11-19
ASDA Medium Egg Noodles 250g,£1.15,(£4.60/kg),cupboard,carbs,2024-11-19
ASDA Risotto Arborio Rice 500g,£2.40,(£4.80/kg),cupboard,carbs,2024-11-19
Batchelors Super Rice Beef Flavour 90g,£1.00,(£11.11/kg),cupboard,carbs,2024-11-19
Tilda Pure Basmati Rice,£3.00,(£6.00/kg),cupboard,carbs,2024-11-19
ASDA White Basmati Rice,£1.30,(£2.60/kg),cupboard,carbs,2024-11-19
ASDA Rice Noodles 250g,£1.15,(£4.60/kg),cupboard,carbs,2024-11-19
Batchelor's Super Noodles Japanese Katsu Curry Flavour 90g,£1.00,(£11.11/kg),cupboard,carbs,2024-11-19
Tilda Boil in Bag Pure Basmati Rice 250g,£1.80,(£7.20/kg),cupboard,carbs,2024-11-19
ASDA Long Grain White Rice 4kg,£5.00,(£1.25/kg),cupboard,carbs,2024-11-19
ASDA Green Lentils 500g,£2.00,(£4.00/kg),cupboard,carbs,2024-11-19
Laila Ground Rice 1.5kg,£2.49,(£1.66/kg),cupboard,carbs,2024-11-19
Veetee Mega Basmati Extra Long Premium Rice 5kg,£13.00,(£2.60/kg),cupboard,carbs,2024-11-19
Kohinoor Gold Basmati Rice,£11.00,(£2.20/kg),cupboard,carbs,2024-11-19
Tropical Sun Pre-Fluffed American Easy Cook Rice,£8.50,(£1.70/kg),cupboard,carbs,2024-11-19
ASDA Bulgur Wheat 500g,£2.00,(£4.00/kg),cupboard,carbs,2024-11-19
Tilda Boil in Bag Easy Long Grain Rice 250g,£1.80,(£7.20/kg),cupboard,carbs,2024-11-19
Amoy Straight To Wok Singapore Curry Noodles,£2.15,(£7.17/kg),cupboard,carbs,2024-11-19
ASDA Thai Sticky Rice 500g,£1.50,(£3.00/kg),cupboard,carbs,2024-11-19
ASDA Spanish Paella Rice 500g,£2.40,(£4.80/kg),cupboard,carbs,2024-11-19
Blue Dragon Wholewheat Noodles 250g,£1.50,(£6.00/kg),cupboard,carbs,2024-11-19
ASDA Straight to Wok Wholewheat Noodles 300g,£1.15,(£3.83/kg),cupboard,carbs,2024-11-19
ASDA Giant Cous Cous 300g,£1.60,(£5.33/kg),cupboard,carbs,2024-11-19
Tilda Brown Wholegrain Basmati Rice,£3.00,(£6.00/kg),cupboard,carbs,2024-11-19
Blue Dragon Black Bean Stir Fry Sauce,£0.95,(79.2p/100g),cupboard,carbs,2024-11-19
Badshah Basmati Rice,£11.00,(£2.20/kg),cupboard,carbs,2024-11-19
Badshah Basmati Rice 2kg,£5.00,(£2.50/kg),cupboard,carbs,2024-11-19
Vesta Chow Mein Noodle Meal,£2.75,(£1.71/100g),cupboard,carbs,2024-11-19
Indus Kala Chana Black Chick Peas 1kg,£2.50,(£2.50/kg),cupboard,carbs,2024-11-19
ASDA Basmati & Wild Rice 500g,£2.40,(£4.80/kg),cupboard,carbs,2024-11-19
Laila Black Eye Beans 2kg,£3.99,(£2.00/kg),cupboard,carbs,2024-11-19
Ko-Lee King Prawn Tom Yum Flavour Instant Noodles 85g,£0.60,(£7.06/kg),cupboard,carbs,2024-11-19
Laila Kala Chana 2kg,£3.00,(£1.50/kg),cupboard,carbs,2024-11-19
Shahi Finest Long Gran Matured Basmati Rice 5kg,£6.00,(£1.20/kg),cupboard,carbs,2024-11-19
Tilda Everyday Long Grain Rice,£1.00,(£2.00/kg),cupboard,carbs,2024-11-19
Blue Dragon Blue Dragon Fine Egg Noodles 250g,£1.50,(£6.00/kg),cupboard,carbs,2024-11-19
Gallo Traditional Risotto Rice,£2.65,(£5.30/kg),cupboard,carbs,2024-11-19
Laila Basmati Rice,£19.00,(£1.90/kg),cupboard,carbs,2024-11-19
Salaam Basmati Rice,£11.00,(£2.20/kg),cupboard,carbs,2024-11-19
ASDA Pearl Barley 500g,£1.10,(£2.20/kg),cupboard,carbs,2024-11-19
Laila Basmati Rice,£11.00,(£2.20/kg),cupboard,carbs,2024-11-19
Ben's Original Boil In Bag Long Grain Rice 8 x 62.5g,£3.15,(£6.30/kg),cupboard,carbs,2024-11-19
Ben's Original Long Grain Rice,£5.25,(£5.25/kg),cupboard,carbs,2024-11-19
Shahi Finest Long Gran Matured Basmati Rice 5kg,£6.00,(£1.20/kg),cupboard,carbs,2024-11-19
Sharwood's Fine Egg Noodles 226g,£1.25,(£5.53/kg),cupboard,carbs,2024-11-19
Tilda Pure Basmati Rice,£4.00,(£4.00/kg),cupboard,carbs,2024-11-19
Trophy Basmati Rice,£10.50,(£2.10/kg),cupboard,carbs,2024-11-19
Batchelors Super Rice Golden Vegetable Flavour 90g,£1.00,(£11.11/kg),cupboard,carbs,2024-11-19
Tilda Pure Original Basmati Rice,£16.00,(£3.20/kg),cupboard,carbs,2024-11-19
Salaam Basmati Rice,£20.00,(£2.00/kg),cupboard,carbs,2024-11-19
Blue Dragon Wok Ready Wide Noodles,£1.80,(£6.00/kg),cupboard,carbs,2024-11-19
Blue Dragon Medium Noodles Wok Ready,£1.80,(£6.00/kg),cupboard,carbs,2024-11-19
ASDA Broth Mix 500g,£2.00,(£4.00/kg),cupboard,carbs,2024-11-19
Veetee Mega Basmati Extra Long Premium Rice 2kg,£5.70,(£2.85/kg),cupboard,carbs,2024-11-19
Laila Xtra Long Basmati Rice 2kg,£5.00,(£2.50/kg),cupboard,carbs,2024-11-19
ASDA Quinoa 300g,£2.80,(£9.33/kg),cupboard,carbs,2024-11-19
Badshah Badshah Basmati Rice,£15.00,(£1.50/kg),cupboard,carbs,2024-11-19
Laila Mung Daal 500g,£1.39,(£2.78/kg),cupboard,carbs,2024-11-19
Laila Supreme Extra Long Rice Grains,£13.00,(£2.60/kg),cupboard,carbs,2024-11-19
Laila Basmati Rice 2kg,£4.50,(£2.25/kg),cupboard,carbs,2024-11-19
ASDA Yellow Split Peas 500g,£1.20,(£2.40/kg),cupboard,carbs,2024-11-19
Apana Liberty Liberty Easy Cook Rice,£12.50,(£1.25/kg),cupboard,carbs,2024-11-19
Tropical Sun Pre-Fluffed American Easy Cook Rice,£15.50,(£1.55/kg),cupboard,carbs,2024-11-19
Amoy Straight to Wok Medium Noodles,£2.15,(£7.17/kg),cupboard,carbs,2024-11-19
ASDA Red Lentils 500g,£2.00,(£4.00/kg),cupboard,carbs,2024-11-19
Kohinoor Gold Basmati Rice,£25.00,(£2.50/kg),cupboard,carbs,2024-11-19
Trophy Basmati Rice 10kg,£20.00,(£2.00/kg),cupboard,carbs,2024-11-19
ASDA Chickpeas 500g,£2.00,(£4.00/kg),cupboard,carbs,2024-11-19
Tilda Fragrant Jasmine Rice,£3.00,(£6.00/kg),cupboard,carbs,2024-11-19
Nongshim Kimchi Ramyun Noodle Soup,£1.75,(£15.62/kg),cupboard,carbs,2024-11-19
ASDA Red & White Quinoa 300g,£3.00,(£10.00/kg),cupboard,carbs,2024-11-19
ASDA Long Grain White Rice 2kg,£2.40,(£1.20/kg),cupboard,carbs,2024-11-19
Laila Whole Moong Beans 500g,£1.50,(£3.00/kg),cupboard,carbs,2024-11-19
ASDA Long Grain Brown Rice 1kg,£2.50,(£2.50/kg),cupboard,carbs,2024-11-19
Tilda Pure Basmati Rice,£31.00,(£3.10/kg),cupboard,carbs,2024-11-19
Ben's Original Long Grain Rice,£2.65,(£5.30/kg),cupboard,carbs,2024-11-19
Amoy Straight to Wok Thick Udon Noodles,£2.15,(£7.17/kg),cupboard,carbs,2024-11-19
The Gym Kitchen Barbeque Lentils 250g,£2.00,(£8.00/kg),cupboard,carbs,2024-11-19
Fullgreen Riced Cauliflower & Broccoli 200g,£1.80,(£9.00/kg),cupboard,carbs,2024-11-19
The Gym Kitchen Piri Piri Grains 250g,£2.00,(£8.00/kg),cupboard,carbs,2024-11-19
Batchelors Super Rice Chicken Flavour 90g,£1.00,(£11.11/kg),cupboard,carbs,2024-11-19
JUST ESSENTIALS by ASDA Golden Vegetable Savoury Rice,£0.28,(£2.33/kg),cupboard,carbs,2024-11-19
Ben's Original Basmati Microwave Rice,£1.00,(£4.55/kg),cupboard,carbs,2024-11-19
Ben's Original Golden Vegetable Microwave Rice,£1.40,(£6.36/kg),cupboard,carbs,2024-11-19
Ben's Original Long Grain Microwave Rice,£1.00,(£4.55/kg),cupboard,carbs,2024-11-19
ASDA Mexican Style Micro Rice 250g,£0.75,(£3.00/kg),cupboard,carbs,2024-11-19
ASDA Basmati Micro Rice,£0.60,(£2.40/kg),cupboard,carbs,2024-11-19
ASDA Egg Fried Micro Rice 250g,£0.75,(£3.00/kg),cupboard,carbs,2024-11-19
ASDA Golden Vegetable Micro Rice 250g,£0.75,(£3.00/kg),cupboard,carbs,2024-11-19
ASDA Long Grain Micro Rice,£0.60,(£2.40/kg),cupboard,carbs,2024-11-19
ASDA Jasmine Micro Rice 250g,£0.75,(£3.00/kg),cupboard,carbs,2024-11-19
ASDA Pilau Micro Rice,£0.60,(£2.40/kg),cupboard,carbs,2024-11-19
Veetee Sticky Rice 2 Portions,£1.40,(£5.38/kg),cupboard,carbs,2024-11-19
Ben's Original Savoury Chicken Flavour Microwave Rice,£1.40,(£6.36/kg),cupboard,carbs,2024-11-19
Tilda Pure Basmati Rice,£1.00,(£4.00/kg),cupboard,carbs,2024-11-19
Veetee Basmati,£1.20,(£4.80/kg),cupboard,carbs,2024-11-19
Tilda Pilau Rice,£1.00,(£4.00/kg),cupboard,carbs,2024-11-19
Tilda Classics Golden Vegetable Rice,£1.00,(£4.00/kg),cupboard,carbs,2024-11-19
Tilda Brown Wholegrain Basmati Rice,£1.00,(£4.00/kg),cupboard,carbs,2024-11-19
Ben's Original Egg Fried Rice Microwavable Rice,£1.40,(£6.36/kg),cupboard,carbs,2024-11-19
Ben's Original Mushroom Microwave Rice,£1.40,(£6.36/kg),cupboard,carbs,2024-11-19
Ben's Original Smokey BBQ Microwave Rice,£1.40,(£6.36/kg),cupboard,carbs,2024-11-19
Ben's Original Spicy Mexican Style Microwave Rice,£1.40,(£6.36/kg),cupboard,carbs,2024-11-19
Tilda Coconut Basmati Rice,£1.25,(£5.00/kg),cupboard,carbs,2024-11-19
Ben's Original Mixed Pepper Microwave Rice,£1.40,(£6.36/kg),cupboard,carbs,2024-11-19
Tilda Lime & Coriander Basmati Rice,£1.25,(£5.00/kg),cupboard,carbs,2024-11-19
Tilda Egg Fried Basmati Rice,£1.25,(£5.00/kg),cupboard,carbs,2024-11-19
Tilda Classics Sticky Rice 250g,£1.00,(£4.00/kg),cupboard,carbs,2024-11-19
Ben's Original Thai Sweet Chilli Microwave Rice,£1.40,(£6.36/kg),cupboard,carbs,2024-11-19
Ben's Original Caribbean Inspired Flavour Microwave Rice,£1.40,(£6.36/kg),cupboard,carbs,2024-11-19
Tilda Lemon Basmati Rice,£1.25,(£5.00/kg),cupboard,carbs,2024-11-19
Tilda Caribbean Rice and Peas Basmati Rice,£1.25,(£5.00/kg),cupboard,carbs,2024-11-19
Ben's Original Chinese Style Microwavable Rice,£1.40,(£6.36/kg),cupboard,carbs,2024-11-19
Ben's Original Roasted Garlic Microwave Rice,£1.40,(£6.36/kg),cupboard,carbs,2024-11-19
Veetee Thai Jasmin 2 Portions,£1.20,(£4.29/kg),cupboard,carbs,2024-11-19
Ben's Original Cajun Spiced Microwavable Rice,£1.40,(£6.36/kg),cupboard,carbs,2024-11-19
Ben's Original Tomato & Basil Microwave Rice,£1.40,(£6.36/kg),cupboard,carbs,2024-11-19
Ben's Original Original Korean BBQ Inspired Flavour,£1.40,(£6.36/kg),cupboard,carbs,2024-11-19
Ben's Original Original Katsu Curry Inspired Flavour,£1.40,(£6.36/kg),cupboard,carbs,2024-11-19
Tilda Firecracker Hot Spicy Basmati Rice,£1.25,(£5.00/kg),cupboard,carbs,2024-11-19
Ben's Original Peri Peri Microwave Rice,£1.40,(£6.36/kg),cupboard,carbs,2024-11-19
Ben's Original Wholegrain Microwave Rice,£1.00,(£4.55/kg),cupboard,carbs,2024-11-19
Ben's Original Mexican Style Microwave Rice,£1.40,(£6.36/kg),cupboard,carbs,2024-11-19
Ben's Original Special Fried Rice Microwave Rice,£1.40,(£6.36/kg),cupboard,carbs,2024-11-19
Ben's Original Pilau Microwave Rice,£1.40,(£6.36/kg),cupboard,carbs,2024-11-19
Ben's Original Coconut Microwave Rice,£1.40,(£6.36/kg),cupboard,carbs,2024-11-19
Ben's Original Classic Jasmine 220g,£1.00,(£4.55/kg),cupboard,carbs,2024-11-19
Ben's Original Wholegrain Golden Vegetable Microwave Rice,£1.40,(£6.36/kg),cupboard,carbs,2024-11-19
Ben's Original Wholegrain Spicy Mexican Style Microwave Rice,£1.40,(£6.36/kg),cupboard,carbs,2024-11-19
Tilda Brown Wholegrain Pilau Basmati Rice,£1.00,(£4.00/kg),cupboard,carbs,2024-11-19
Ben's Original Spicy Chilli Microwave Rice,£1.40,(£6.36/kg),cupboard,carbs,2024-11-19
Tilda Microwave Fragrant Jasmine Rice,£1.00,(£4.00/kg),cupboard,carbs,2024-11-19
Ben's Original Onion Bhaji Microwave Rice,£1.40,(£6.36/kg),cupboard,carbs,2024-11-19
ASDA Wholegrain Micro Rice 250g,£0.60,(£2.40/kg),cupboard,carbs,2024-11-19
ASDA Chicken & Sweetcorn Flavour Micro Rice 250g,£0.75,(£3.00/kg),cupboard,carbs,2024-11-19
ASDA Tomato & Basil Micro Pasta,£1.25,(£6.25/kg),cupboard,carbs,2024-11-19
ASDA Chicken Flavour Savoury Rice 105g,£0.65,(£6.19/kg),cupboard,carbs,2024-11-19
ASDA Piri Piri Micro Rice 250g,£0.75,(£3.00/kg),cupboard,carbs,2024-11-19
Ben's Original Basmati Microwave Rice,£1.00,(£4.55/kg),cupboard,carbs,2024-11-19
Ben's Original Golden Vegetable Microwave Rice,£1.40,(£6.36/kg),cupboard,carbs,2024-11-19
Ben's Original Mixed Pepper Microwave Rice,£1.40,(£6.36/kg),cupboard,carbs,2024-11-19
Ben's Original Mexican Style Microwave Rice,£1.40,(£6.36/kg),cupboard,carbs,2024-11-19
Ben's Original Long Grain Microwave Rice,£1.00,(£4.55/kg),cupboard,carbs,2024-11-19
Ben's Original Egg Fried Rice Microwavable Rice,£1.40,(£6.36/kg),cupboard,carbs,2024-11-19
Ben's Original Spicy Mexican Style Microwave Rice,£1.40,(£6.36/kg),cupboard,carbs,2024-11-19
Ben's Original Peri Peri Microwave Rice,£1.40,(£6.36/kg),cupboard,carbs,2024-11-19
Ben's Original Pilau Microwave Rice,£1.40,(£6.36/kg),cupboard,carbs,2024-11-19
Ben's Original Wholegrain Microwave Rice,£1.00,(£4.55/kg),cupboard,carbs,2024-11-19
Ben's Original Spanish Paella Style 250g,£1.50,(£6.00/kg),cupboard,carbs,2024-11-19
Ben's Original One Pan Creations Indonesian Nasi Goreng Style 50g,£1.50,(£6.00/kg),cupboard,carbs,2024-11-19
Ben's Original Golden Vegetable Microwave Rice,£1.40,(£6.36/kg),cupboard,carbs,2024-11-19
Ben's Original Mixed Pepper Microwave Rice,£1.40,(£6.36/kg),cupboard,carbs,2024-11-19
Ben's Original Peri Peri Microwave Rice,£1.40,(£6.36/kg),cupboard,carbs,2024-11-19
ASDA Tomato & Chorizo Micro Pasta,£1.25,(£6.25/kg),cupboard,carbs,2024-11-19
ASDA Piri Piri Micro Rice 250g,£0.75,(£3.00/kg),cupboard,carbs,2024-11-19
ASDA Tomato & Basil Micro Pasta,£1.25,(£6.25/kg),cupboard,carbs,2024-11-19
Veetee Long Grain,£1.20,(£4.62/kg),cupboard,carbs,2024-11-19
Batchelors Super Rice Beef Flavour 90g,£1.00,(£11.11/kg),cupboard,carbs,2024-11-19
Ben's Plant Powered Tikka Masala Curry,£1.75,(£6.14/kg),cupboard,carbs,2024-11-19
Merchant Gourmet Tomatoey French Puy & Green Lentils 250g,£2.30,(£9.20/kg),cupboard,carbs,2024-11-19
One Pan Creations Spanish Paella Bundle,£7.34,null,cupboard,carbs,2024-11-19
ASDA Chip Shop Curry Micro Rice,£0.75,(£3.00/kg),cupboard,carbs,2024-11-19
Ben's Original Spanish Paella Style 250g,£1.50,(£6.00/kg),cupboard,carbs,2024-11-19
Merchant Gourmet Glorious Grains with Red Rice & Quinoa Cooked 250g,£2.30,(£9.20/kg),cupboard,carbs,2024-11-19
The Health Menu by ASDA Delicious Green Lentils with Mixed Vegetables 250g,£1.30,(£5.20/kg),cupboard,carbs,2024-11-19
ASDA Green Pesto Micro Pasta 200g,£1.25,(£6.25/kg),cupboard,carbs,2024-11-19
Tilda Kids Cheese & Tomato Rice,£1.25,(£1.00/100g),cupboard,carbs,2024-11-19
Fullgreen Riced Sweet Potato,£1.80,(£9.00/kg),cupboard,carbs,2024-11-19
Fullgreen Riced Cauliflower Original,£1.80,(£9.00/kg),cupboard,carbs,2024-11-19
Tilda Spicy Mexican Rice,£1.25,(£5.00/kg),cupboard,carbs,2024-11-19
Tilda Classics Long Grain Rice 250g,£1.00,(£4.00/kg),cupboard,carbs,2024-11-19
Ben's Original Lemon Chicken with Egg Fried Rice Meal Bundle For 4,£9.75,null,cupboard,carbs,2024-11-19
Tilda Brown Basmati & Quinoa Wholegrain Basmati Rice,£1.25,(£5.00/kg),cupboard,carbs,2024-11-19
Tilda Kids Mild Curry Rice,£1.25,(£1.00/100g),cupboard,carbs,2024-11-19
Tilda Mushroom Basmati Rice,£1.25,(£5.00/kg),cupboard,carbs,2024-11-19
Tilda Microwave Peri Peri Basmati Rice,£1.25,(£5.00/kg),cupboard,carbs,2024-11-19
Merchant Gourmet Smoky Spanish-Style Grains & Rice,£2.30,(£9.20/kg),cupboard,carbs,2024-11-19
Tilda Microwave Limited Edition Rice,£1.25,(£5.00/kg),cupboard,carbs,2024-11-19
Ben's Original Flavoured Microwave Rice Stock Up Bundle,£3.30,null,cupboard,carbs,2024-11-19
Tilda Kids Sunshine Vegetable Rice,£1.25,(£1.00/100g),cupboard,carbs,2024-11-19
Ben's Plant Powered Spicy Lentil Stew,£1.75,(£6.14/kg),cupboard,carbs,2024-11-19
Tilda Garlic & Herbs Rice 250g,£1.25,(£5.00/kg),cupboard,carbs,2024-11-19
Ben's Original Plant Based Chilli Meal for 2,£2.75,null,cupboard,carbs,2024-11-19
Merchant Gourmet Puy Lentils & French Green Lentils Cooked 250g,£2.30,(£9.20/kg),cupboard,carbs,2024-11-19
Veetee Steam Filtered Pilau,£1.20,(£4.80/kg),cupboard,carbs,2024-11-19
Ben's Original Szechuan Fried Rice Style 250g,£1.50,(£6.00/kg),cupboard,carbs,2024-11-19
Ben's Original Classic Long Grain 450g,£1.95,(£4.33/kg),cupboard,carbs,2024-11-19
Ben's Original Sweet & Sour Pork with Jasmine Rice Meal Bundle For 4,£7.50,null,cupboard,carbs,2024-11-19
Merchant Gourmet Quinoa Red & White 250g,£2.30,(£9.20/kg),cupboard,carbs,2024-11-19
The Health Menu by ASDA Spicy Piri Piri Style Mixed Grains & Pulses 250g,£1.30,(£5.20/kg),cupboard,carbs,2024-11-19
Batchelors Super Rice Golden Vegetable Flavour 90g,£1.00,(£11.11/kg),cupboard,carbs,2024-11-19
Ben's Plant Powered Bean Chilli Non Carne,£1.75,(£6.14/kg),cupboard,carbs,2024-11-19
Ben's Original One Pan Creations Indonesian Nasi Goreng Style 50g,£1.50,(£6.00/kg),cupboard,carbs,2024-11-19
Tilda Classics White & Wholegrain Basmati Rice Blend 250g,£1.00,(£4.00/kg),cupboard,carbs,2024-11-19
Dolmio Pasta Pronto With Tomato and Basil,£2.00,(£10.00/kg),cupboard,carbs,2024-11-19
One Pan Creations Prawn Nasi Goreng Bundle,£7.35,null,cupboard,carbs,2024-11-19
Dolmio Pasta Pronto with Tomato and Chilli,£2.00,(£10.00/kg),cupboard,carbs,2024-11-19
Ben's Original Classic Basmati 450g,£1.95,(£4.33/kg),cupboard,carbs,2024-11-19
Dolmio Pronto Pasta Twists,£2.00,(£10.00/kg),cupboard,carbs,2024-11-19
Tilda Brown Basmati and Wild Rice,£1.25,(£5.00/kg),cupboard,carbs,2024-11-19
Tilda Chilli & Lemongrass Basmati Microwave Rice,£1.25,(£5.00/kg),cupboard,carbs,2024-11-19
Varo Original Jollof Rice 250g,£1.80,(£7.20/kg),cupboard,carbs,2024-11-19
Tilda Sweet Chilli & Lime Basmati Rice,£1.25,(£5.00/kg),cupboard,carbs,2024-11-19
Tilda Microwave Tomato and Basil Basmati Rice 250g,£1.25,(£5.00/kg),cupboard,carbs,2024-11-19
Ben's Original One Pan Creations Indian Biryani Style 250g,£1.50,(£6.00/kg),cupboard,carbs,2024-11-19
Batchelors Super Rice Chicken Flavour 90g,£1.00,(£11.11/kg),cupboard,carbs,2024-11-19
Ben's Original Golden Vegetable Microwave Rice,£1.40,(£6.36/kg),cupboard,carbs,2024-11-19
Ben's Original Mixed Pepper Microwave Rice,£1.40,(£6.36/kg),cupboard,carbs,2024-11-19
Ben's Original Peri Peri Microwave Rice,£1.40,(£6.36/kg),cupboard,carbs,2024-11-19
Ben's Original Mexican Style Microwave Rice,£1.40,(£6.36/kg),cupboard,carbs,2024-11-19
Ben's Original Egg Fried Rice Microwavable Rice,£1.40,(£6.36/kg),cupboard,carbs,2024-11-19
Ben's Original Spicy Mexican Style Microwave Rice,£1.40,(£6.36/kg),cupboard,carbs,2024-11-19
Ben's Original Basmati Microwave Rice,£1.00,(£4.55/kg),cupboard,carbs,2024-11-19
Ben's Original Long Grain Microwave Rice,£1.00,(£4.55/kg),cupboard,carbs,2024-11-19
Ben's Original Pilau Microwave Rice,£1.40,(£6.36/kg),cupboard,carbs,2024-11-19
Ben's Original Wholegrain Microwave Rice,£1.00,(£4.55/kg),cupboard,carbs,2024-11-19
Ben's Original One Pan Creations Indonesian Nasi Goreng Style 50g,£1.50,(£6.00/kg),cupboard,carbs,2024-11-19
Ben's Original One Pan Creations Indian Biryani Style 250g,£1.50,(£6.00/kg),cupboard,carbs,2024-11-19
Ben's Original Boil In Bag Long Grain Rice 8 x 62.5g,£3.15,(£6.30/kg),cupboard,carbs,2024-11-19
Ben's Original Long Grain Rice,£5.25,(£5.25/kg),cupboard,carbs,2024-11-19
Schar Gluten Free Pizza Base,£3.25,(£1.08/100g),cupboard,carbs,2024-11-19
ASDA Free From Penne,£1.00,(£2.00/kg),cupboard,carbs,2024-11-19
ASDA Free From Spaghetti,£1.00,(£2.00/kg),cupboard,carbs,2024-11-19
Fullgreen Riced Cauliflower & Broccoli 200g,£1.80,(£9.00/kg),cupboard,carbs,2024-11-19
Tilda Boil in Bag Easy Long Grain Rice 250g,£1.80,(£7.20/kg),cupboard,carbs,2024-11-19
La Gnoccheria Gluten Free Potato Gnocchi,£1.30,(£5.20/kg),cupboard,carbs,2024-11-19
Tilda Pure Basmati Rice,£3.00,(£6.00/kg),cupboard,carbs,2024-11-19
Tilda Firecracker Hot Spicy Basmati Rice,£1.25,(£5.00/kg),cupboard,carbs,2024-11-19
Clearspring Organic Japanese Silken & Smooth Tofu,£1.75,(£5.83/kg),cupboard,carbs,2024-11-19
Filippo Berio Pasta Sauce Verdure Grigliate 340g,£2.00,(58.8p/100g),cupboard,carbs,2024-11-19
Badshah Basmati Rice,£11.00,(£2.20/kg),cupboard,carbs,2024-11-19
Tilda Boil in Bag Pure Basmati Rice 250g,£1.80,(£7.20/kg),cupboard,carbs,2024-11-19
Tilda Brown Wholegrain Basmati Rice,£3.00,(£6.00/kg),cupboard,carbs,2024-11-19
Fullgreen Riced Sweet Potato,£1.80,(£9.00/kg),cupboard,carbs,2024-11-19
Tilda Everyday Long Grain Rice,£1.00,(£2.00/kg),cupboard,carbs,2024-11-19
Yutaka Japanese Rice Vinegar,£2.20,(£1.47/100ml),cupboard,carbs,2024-11-19
Heinz Tomato & Chilli Pasta Sauce,£2.00,(57.1p/100g),cupboard,carbs,2024-11-19
Tilda Spicy Mexican Rice,£1.25,(£5.00/kg),cupboard,carbs,2024-11-19
Tilda Classics Sticky Rice 250g,£1.00,(£4.00/kg),cupboard,carbs,2024-11-19
Tilda Brown Wholegrain Basmati Rice,£1.00,(£4.00/kg),cupboard,carbs,2024-11-19
Barilla Gluten-Free Spaghetti 400g,£2.00,(£5.00/kg),cupboard,carbs,2024-11-19
Tilda Pilau Rice,£1.00,(£4.00/kg),cupboard,carbs,2024-11-19
Tilda Egg Fried Basmati Rice,£1.25,(£5.00/kg),cupboard,carbs,2024-11-19
Tilda Brown Basmati & Quinoa Wholegrain Basmati Rice,£1.25,(£5.00/kg),cupboard,carbs,2024-11-19
Tilda Pure Basmati Rice,£1.00,(£4.00/kg),cupboard,carbs,2024-11-19
Tilda Mushroom Basmati Rice,£1.25,(£5.00/kg),cupboard,carbs,2024-11-19
Fullgreen Riced Cauliflower Original,£1.80,(£9.00/kg),cupboard,carbs,2024-11-19
Heinz Tomato Grana Padano & Mascarpone Pasta Sauce,£2.00,(57.1p/100g),cupboard,carbs,2024-11-19
Tilda Classics Golden Vegetable Rice,£1.00,(£4.00/kg),cupboard,carbs,2024-11-19
Naked Free From Japanese Style Katsu Curry,£1.40,(£17.95/kg),cupboard,carbs,2024-11-19
Tilda Pure Basmati Rice,£4.00,(£4.00/kg),cupboard,carbs,2024-11-19
Filippo Berio Pasta Sauce Basilico 340g,£2.00,(58.8p/100g),cupboard,carbs,2024-11-19
Tilda Microwave Limited Edition Rice,£1.25,(£5.00/kg),cupboard,carbs,2024-11-19
Tilda Microwave Fragrant Jasmine Rice,£1.00,(£4.00/kg),cupboard,carbs,2024-11-19
Tilda Lime & Coriander Basmati Rice,£1.25,(£5.00/kg),cupboard,carbs,2024-11-19
Filippo Berio Pasta Sauce Arrabbiata 340g,£2.00,(58.8p/100g),cupboard,carbs,2024-11-19
Tilda Brown Wholegrain Pilau Basmati Rice,£1.00,(£4.00/kg),cupboard,carbs,2024-11-19
Tilda Coconut Basmati Rice,£1.25,(£5.00/kg),cupboard,carbs,2024-11-19
Yutaka Mirin Sweet Rice Seasoning,£2.10,(£1.40/100ml),cupboard,carbs,2024-11-19
Tilda Microwave Peri Peri Basmati Rice,£1.25,(£5.00/kg),cupboard,carbs,2024-11-19
Tilda Fragrant Jasmine Rice,£3.00,(£6.00/kg),cupboard,carbs,2024-11-19
Tilda Caribbean Rice and Peas Basmati Rice,£1.25,(£5.00/kg),cupboard,carbs,2024-11-19
Heinz Sundried Cherry Tomato & Basil Pasta Sauce,£2.00,(57.1p/100g),cupboard,carbs,2024-11-19
Tilda Lemon Basmati Rice,£1.25,(£5.00/kg),cupboard,carbs,2024-11-19
Ben's Original Long Grain Rice,£2.65,(£5.30/kg),cupboard,carbs,2024-11-19
Barilla Fusilli 400g,£2.00,(£5.00/kg),cupboard,carbs,2024-11-19
Tilda Sweet Chilli & Lime Basmati Rice,£1.25,(£5.00/kg),cupboard,carbs,2024-11-19
Ben's Original Spanish Paella Style 250g,£1.50,(£6.00/kg),cupboard,carbs,2024-11-19
Ben's Original Szechuan Fried Rice Style 250g,£1.50,(£6.00/kg),cupboard,carbs,2024-11-19
Ben's Original One Pan Creations Indonesian Nasi Goreng Style 50g,£1.50,(£6.00/kg),cupboard,carbs,2024-11-19
Tilda Classics Golden Vegetable Rice,£1.00,(£4.00/kg),cupboard,carbs,2024-11-19
ASDA Tomato & Chorizo Micro Pasta,£1.25,(£6.25/kg),cupboard,carbs,2024-11-19
ASDA Tomato & Basil Micro Pasta,£1.25,(£6.25/kg),cupboard,carbs,2024-11-19
ASDA Mushroom & Garlic Micro Pasta 200g,£1.25,(£6.25/kg),cupboard,carbs,2024-11-19
Batchelors Super Rice Chicken Flavour 90g,£1.00,(£11.11/kg),cupboard,carbs,2024-11-19
Batchelors Super Rice Golden Vegetable Flavour 90g,£1.00,(£11.11/kg),cupboard,carbs,2024-11-19
Batchelors Super Rice Beef Flavour 90g,£1.00,(£11.11/kg),cupboard,carbs,2024-11-19
Tilda Pure Basmati Rice,£1.00,(£4.00/kg),cupboard,carbs,2024-11-19
Tilda Classics Sticky Rice 250g,£1.00,(£4.00/kg),cupboard,carbs,2024-11-19
One Pan Creations Spanish Paella Bundle,£7.34,null,cupboard,carbs,2024-11-19
Tilda Firecracker Hot Spicy Basmati Rice,£1.25,(£5.00/kg),cupboard,carbs,2024-11-19
Ben's Plant Powered Tikka Masala Curry,£1.75,(£6.14/kg),cupboard,carbs,2024-11-19
Tilda Brown Wholegrain Basmati Rice,£1.00,(£4.00/kg),cupboard,carbs,2024-11-19
Tilda Brown Basmati & Quinoa Wholegrain Basmati Rice,£1.25,(£5.00/kg),cupboard,carbs,2024-11-19
John West On The Go Indian Spiced Infused Tuna Salad,£2.60,(£1.18/100g),cupboard,carbs,2024-11-19
Tilda Mushroom Basmati Rice,£1.25,(£5.00/kg),cupboard,carbs,2024-11-19
Ben's Plant Powered Spicy Lentil Stew,£1.75,(£6.14/kg),cupboard,carbs,2024-11-19
Tilda Egg Fried Basmati Rice,£1.25,(£5.00/kg),cupboard,carbs,2024-11-19
Tilda Pilau Rice,£1.00,(£4.00/kg),cupboard,carbs,2024-11-19
John West On The Go Mediterranean Tuna Pasta Salad,£2.00,(90.9p/100g),cupboard,carbs,2024-11-19
Tilda Spicy Mexican Rice,£1.25,(£5.00/kg),cupboard,carbs,2024-11-19
Tilda Microwave Limited Edition Rice,£1.25,(£5.00/kg),cupboard,carbs,2024-11-19
Tilda Lime & Coriander Basmati Rice,£1.25,(£5.00/kg),cupboard,carbs,2024-11-19
Tilda Brown Wholegrain Pilau Basmati Rice,£1.00,(£4.00/kg),cupboard,carbs,2024-11-19
Tilda Microwave Peri Peri Basmati Rice,£1.25,(£5.00/kg),cupboard,carbs,2024-11-19
Tilda Microwave Fragrant Jasmine Rice,£1.00,(£4.00/kg),cupboard,carbs,2024-11-19
Tilda Caribbean Rice and Peas Basmati Rice,£1.25,(£5.00/kg),cupboard,carbs,2024-11-19
Tilda Coconut Basmati Rice,£1.25,(£5.00/kg),cupboard,carbs,2024-11-19
Dolmio Pasta Pronto With Tomato and Basil,£2.00,(£10.00/kg),cupboard,carbs,2024-11-19
John West On The Go French Tuna Pasta Salad,£2.00,(90.9p/100g),cupboard,carbs,2024-11-19
Tilda Microwave Tomato and Basil Basmati Rice 250g,£1.25,(£5.00/kg),cupboard,carbs,2024-11-19
Ben's Original One Pan Creations Indian Biryani Style 250g,£1.50,(£6.00/kg),cupboard,carbs,2024-11-19
Ben's Plant Powered Bean Chilli Non Carne,£1.75,(£6.14/kg),cupboard,carbs,2024-11-19
Dolmio Pasta Pronto with Tomato and Chilli,£2.00,(£10.00/kg),cupboard,carbs,2024-11-19
Old El Paso Mexican One Pan Chilli & Garlic Rice Meal Kit,£3.00,(£8.45/kg),cupboard,carbs,2024-11-19
John West On The Go Italian Tuna Pasta Salad,£2.59,(£1.18/100g),cupboard,carbs,2024-11-19
Tilda Brown Basmati and Wild Rice,£1.25,(£5.00/kg),cupboard,carbs,2024-11-19
Tilda Lemon Basmati Rice,£1.25,(£5.00/kg),cupboard,carbs,2024-11-19
Dolmio Pronto Pasta Twists,£2.00,(£10.00/kg),cupboard,carbs,2024-11-19
Tilda Sweet Chilli & Lime Basmati Rice,£1.25,(£5.00/kg),cupboard,carbs,2024-11-19
Tilda Chilli & Lemongrass Basmati Microwave Rice,£1.25,(£5.00/kg),cupboard,carbs,2024-11-19
One Pan Creations Prawn Nasi Goreng Bundle,£7.35,null,cupboard,carbs,2024-11-19
Ben's Original Spanish Paella Style 250g,£1.50,(£6.00/kg),cupboard,carbs,2024-11-19
Ben's Original Szechuan Fried Rice Style 250g,£1.50,(£6.00/kg),cupboard,carbs,2024-11-19
Ben's Original One Pan Creations Indonesian Nasi Goreng Style 50g,£1.50,(£6.00/kg),cupboard,carbs,2024-11-19
Ben's Original One Pan Creations Indian Biryani Style 250g,£1.50,(£6.00/kg),cupboard,carbs,2024-11-19
Ben's Plant Powered Bean Chilli Non Carne,£1.75,(£6.14/kg),cupboard,carbs,2024-11-19
Ben's Plant Powered Tikka Masala Curry,£1.75,(£6.14/kg),cupboard,carbs,2024-11-19
Al Fez Moroccan Meatball Tagine Sauce,£2.00,(44.4p/100g),cupboard,sauce,2024-11-19
Ben's Original Sweet and Sour Sauce,£2.50,(55.6p/100g),cupboard,sauce,2024-11-19
Ben's Original Sweet and Sour Original No Added Sugar Sauce,£2.50,(56.8p/100g),cupboard,sauce,2024-11-19
ASDA Tikka Masala Curry Sauce,£0.99,(19.4p/100g),cupboard,sauce,2024-11-19
ASDA Chinese Style Curry Cooking Sauce 500g,£1.10,(22.0p/100g),cupboard,sauce,2024-11-19
ASDA White Lasagne Sauce 480g,£0.71,(14.8p/100g),cupboard,sauce,2024-11-19
JUST ESSENTIALS by ASDA Sweet & Sour Cooking Sauce,£0.87,(19.8p/100g),cupboard,sauce,2024-11-19
Dolmio Original Sauce for Bolognese 450g,£2.50,(55.6p/100g),cupboard,sauce,2024-11-19
ASDA Sweet & Sour Cooking Sauce 500g,£1.20,(24.0p/100g),cupboard,sauce,2024-11-19
ASDA Red Pesto,£0.99,(52.1p/100g),cupboard,sauce,2024-11-19
ASDA Green Pesto,£0.99,(52.1p/100g),cupboard,sauce,2024-11-19
Patak's Butter Chicken Curry Sauce,£2.15,(47.8p/100g),cupboard,sauce,2024-11-19
Homepride Pasta Bake Sauce Creamy Tomato and Herb,£2.50,(51.5p/100g),cupboard,sauce,2024-11-19
Homepride Pasta Bake Sauce Tomato & Bacon,£2.50,(51.5p/100g),cupboard,sauce,2024-11-19
Homepride Pasta Bake Cheese & Bacon,£2.50,(51.5p/100g),cupboard,sauce,2024-11-19
Patak's Korma Curry Sauce,£2.15,(47.8p/100g),cupboard,sauce,2024-11-19
Homepride Pasta Bake Creamy Tomato & Cheddar 485g,£2.50,(51.5p/100g),cupboard,sauce,2024-11-19
Dolmio Smooth Tomato Sauce for Bolognese 450g,£2.50,(55.6p/100g),cupboard,sauce,2024-11-19
ASDA Tomato & Basil Stir-In Sauce 190g,£1.20,(63.2p/100g),cupboard,sauce,2024-11-19
Dolmio Creamy Sauce for Lasagne 440g,£2.50,(56.8p/100g),cupboard,sauce,2024-11-19
ASDA Balti Cooking Sauce 500g,£0.99,(19.8p/100g),cupboard,sauce,2024-11-19
ASDA Extra Special Mascarpone & Tomato Pasta Sauce,£1.85,(54.4p/100g),cupboard,sauce,2024-11-19
Dolmio Tomato Sauce for Lasagne 450g,£2.50,(55.6p/100g),cupboard,sauce,2024-11-19
ASDA Madras Curry Sauce,£0.99,(19.8p/100g),cupboard,sauce,2024-11-19
Dolmio Bolognese Onion & Garlic Sauce for Bolognese 450g,£2.50,(55.6p/100g),cupboard,sauce,2024-11-19
Patak's Tikka Masala Curry Sauce,£2.15,(47.8p/100g),cupboard,sauce,2024-11-19
Sharwood's Korma Mild Curry Cooking Sauce,£2.50,(59.5p/100g),cupboard,sauce,2024-11-19
Dolmio Stir in Carbonara Pasta Sauce,£1.75,(£1.17/100g),cupboard,sauce,2024-11-19
ASDA Extra Special Carbonara Sauce,£1.85,(54.4p/100g),cupboard,sauce,2024-11-19
Dolmio Sauce for Pasta Bake Creamy Tomato 450g,£2.50,(55.6p/100g),cupboard,sauce,2024-11-19
Dolmio Intensify Mild Creamy Garlic & Black Pepper Pasta Sauce,£2.50,(63.9p/100g),cupboard,sauce,2024-11-19
Dolmio Stir in Sundried Tomato Pasta Sauce,£1.75,(£1.17/100g),cupboard,sauce,2024-11-19
Dolmio Original Sauce for Bolognese 675g,£3.00,(44.4p/100g),cupboard,sauce,2024-11-19
Sharwood's Butter Chicken Mild Curry Cooking Sauce,£2.50,(59.5p/100g),cupboard,sauce,2024-11-19
Dolmio Tomato & Basil Sauce for Meatballs 450g,£2.50,(55.6p/100g),cupboard,sauce,2024-11-19
Dolmio Sauce for Pasta Bake Carbonara 430g,£2.50,(58.1p/100g),cupboard,sauce,2024-11-19
Loyd Grossman Tomato & Roasted Garlic Pasta Sauce,£1.75,(50.0p/100g),cupboard,sauce,2024-11-19
Loyd Grossman Korma Curry Sauce,£1.75,(50.0p/100g),cupboard,sauce,2024-11-19
Ben's Original Lemon Chicken Sauce,£2.50,(55.6p/100g),cupboard,sauce,2024-11-19
Loyd Grossman Bolognese Original Pasta Sauce,£1.75,(50.0p/100g),cupboard,sauce,2024-11-19
Ben's Original Medium Chilli Con Carne Sauce,£2.50,(55.6p/100g),cupboard,sauce,2024-11-19
Sharwood's Tikka Masala Medium Curry Cooking Sauce,£2.50,(59.5p/100g),cupboard,sauce,2024-11-19
ASDA Extra Special Tomato & Grilled Pepper Stir-In Pasta Sauce,£1.75,(92.1p/100g),cupboard,sauce,2024-11-19
Dolmio Creamy Sauce for Lasagne 655g,£3.00,(45.8p/100g),cupboard,sauce,2024-11-19
Loyd Grossman Tomato & Chilli Pasta Sauce,£1.75,(50.0p/100g),cupboard,sauce,2024-11-19
Loyd Grossman Tikka Masala Curry Sauce,£1.75,(50.0p/100g),cupboard,sauce,2024-11-19
Dolmio Onion & Garlic Sauce for Bolognese 675g,£3.00,(44.4p/100g),cupboard,sauce,2024-11-19
Homepride Chilli Cooking Sauce,£2.50,(51.5p/100g),cupboard,sauce,2024-11-19
Dolmio Tomato Sauce for Lasagne 675g,£3.00,(44.4p/100g),cupboard,sauce,2024-11-19
Sharwood's 30% Less Fat Korma Curry Sauce,£2.50,(59.5p/100g),cupboard,sauce,2024-11-19
Patak's Jalfrezi Curry Sauce,£2.15,(47.8p/100g),cupboard,sauce,2024-11-19
"Homepride Pasta Bake Tomato, Garlic & Chilli",£2.50,(51.5p/100g),cupboard,sauce,2024-11-19
Loyd Grossman Tomato & Smoked Bacon Pasta Sauce,£1.75,(50.0p/100g),cupboard,sauce,2024-11-19
ASDA Reduced Fat Green Pesto,£1.30,(68.4p/100g),cupboard,sauce,2024-11-19
Heinz Tomato Grana Padano & Mascarpone Pasta Sauce,£2.00,(57.1p/100g),cupboard,sauce,2024-11-19
Dolmio Sauce for Pasta Bake Tomato & Cheese 450g,£2.50,(55.6p/100g),cupboard,sauce,2024-11-19
Loyd Grossman Tomato Spinach and Ricotta Pasta Sauce,£1.75,(50.0p/100g),cupboard,sauce,2024-11-19
Dolmio Chunky Mushroom Sauce for Bolognese 675g,£3.00,(44.4p/100g),cupboard,sauce,2024-11-19
Filippo Berio Pasta Sauce Verdure Grigliate 340g,£2.00,(58.8p/100g),cupboard,sauce,2024-11-19
Sacla Classic Basil Pesto,£2.50,(£1.32/100g),cupboard,sauce,2024-11-19
Al Fez Moroccan Meatball Tagine Sauce,£2.00,(44.4p/100g),cupboard,sauce,2024-11-19
Ben's Original Sweet and Sour Sauce,£2.50,(55.6p/100g),cupboard,sauce,2024-11-19
Ben's Original Medium Chilli Con Carne Sauce,£2.50,(55.6p/100g),cupboard,sauce,2024-11-19
Ben's Original Sweet and Sour Original No Added Sugar Sauce,£2.50,(56.8p/100g),cupboard,sauce,2024-11-19
Ben's Original Lemon Chicken Sauce,£2.50,(55.6p/100g),cupboard,sauce,2024-11-19
Al Fez Moroccan Meatball Tagine Sauce,£2.00,(44.4p/100g),cupboard,sauce,2024-11-19
Ben's Original Sweet and Sour Sauce,£2.50,(55.6p/100g),cupboard,sauce,2024-11-19
Ben's Original Lemon Chicken Sauce,£2.50,(55.6p/100g),cupboard,sauce,2024-11-19
Ben's Original Sweet and Sour Original No Added Sugar Sauce,£2.50,(56.8p/100g),cupboard,sauce,2024-11-19
Dolmio Intensify Fiery Sun-Ripened Tomato & Chilli Pasta Sauce,£2.50,(62.5p/100g),cupboard,sauce,2024-11-19
Loyd Grossman Tomato & Chilli Pasta Sauce,£3.75,(56.8p/100g),cupboard,sauce,2024-11-19
Patak's The Original Madras Cooking Sauce,£2.15,(47.8p/100g),cupboard,sauce,2024-11-19
Heinz Tomato & Chilli Pasta Sauce,£2.00,(57.1p/100g),cupboard,sauce,2024-11-19
Heinz Tomato Sauce for Bolognese,£2.00,(57.1p/100g),cupboard,sauce,2024-11-19
ASDA Extra Special Pesto Alla Genovese 190g,£2.20,(£1.16/100g),cupboard,sauce,2024-11-19
Loyd Grossman Loyd Grossman No Added Sugar Bolognese Pasta Sauce,£1.75,(50.0p/100g),cupboard,sauce,2024-11-19
ASDA Extra Special Royal Tikka Makhani Curry Sauce,£2.50,(73.5p/100g),cupboard,sauce,2024-11-19
Dolmio Tomato & Basil Stir in Sauce,£1.75,(£1.17/100g),cupboard,sauce,2024-11-19
Patak's Balti Cooking Sauce,£2.15,(47.8p/100g),cupboard,sauce,2024-11-19
Patak's Bhuna Cooking Sauce,£2.15,(47.8p/100g),cupboard,sauce,2024-11-19
Heinz Sundried Cherry Tomato & Basil Pasta Sauce,£2.00,(57.1p/100g),cupboard,sauce,2024-11-19
Sharwood's Bhuna Medium Curry Sauce,£2.50,(59.5p/100g),cupboard,sauce,2024-11-19
ASDA Extra Special Tomato & Mascarpone Stir-In Sauce 190g,£1.75,(92.1p/100g),cupboard,sauce,2024-11-19
Homepride Pasta Bake Sauce Tomato & Herb 485g,£2.50,(51.5p/100g),cupboard,sauce,2024-11-19
Mutti Simply Sugo Basil Pasta Sauce,£3.00,(75.0p/100g),cupboard,sauce,2024-11-19
Sharwood's Rogan Josh Medium Curry Sauce,£2.50,(59.5p/100g),cupboard,sauce,2024-11-19
Filippo Berio Classic Pesto 190g,£2.80,(£1.47/100g),cupboard,sauce,2024-11-19
Filippo Berio Pasta Sauce Arrabbiata 340g,£2.00,(58.8p/100g),cupboard,sauce,2024-11-19
Sacla Sun-Dried Tomato Pesto,£2.50,(£1.32/100g),cupboard,sauce,2024-11-19
Loyd Grossman No Added Sugar Tomato & Basil,£1.75,(50.0p/100g),cupboard,sauce,2024-11-19
Loyd Grossman Tomato & Basil Pasta Sauce,£3.75,(56.8p/100g),cupboard,sauce,2024-11-19
Homepride Pasta Bake Carbonara 485g,£2.50,(51.5p/100g),cupboard,sauce,2024-11-19
Loyd Grossman Bolognese Pasta Sauce,£3.75,(56.8p/100g),cupboard,sauce,2024-11-19
Heinz Tomato Pasta Sauce for Bolognese 490g,£2.00,(40.8p/100g),cupboard,sauce,2024-11-19
Dolmio Sauce for Bolognese Chunky Mushroom 450g,£2.50,(55.6p/100g),cupboard,sauce,2024-11-19
Dolmio Sweet Pepper Stir in Sauce,£1.75,(£1.17/100g),cupboard,sauce,2024-11-19
ASDA Extra Special Chilli and Tomato Pasta Sauce,£1.85,(54.4p/100g),cupboard,sauce,2024-11-19
Dolmio Smooth Tomato Sauce for Bolognese 675g,£3.00,(44.4p/100g),cupboard,sauce,2024-11-19
Filippo Berio Sun-Dried Tomato Pesto 190g,£2.80,(£1.47/100g),cupboard,sauce,2024-11-19
Dolmio Sauce for Bolognese Spicy Chilli 450g,£2.50,(55.6p/100g),cupboard,sauce,2024-11-19
Mutti Simply Sugo Chilli Pasta Sauce,£3.00,(75.0p/100g),cupboard,sauce,2024-11-19
"Dolmio Intensify Spicy Red Pepper, Smoked Paprika & Chilli Pasta Sauce",£2.50,(62.5p/100g),cupboard,sauce,2024-11-19
ASDA Extra Special Bolognese Sauce,£1.85,(54.4p/100g),cupboard,sauce,2024-11-19
Sharwood's Balti Medium Curry Sauce,£2.50,(59.5p/100g),cupboard,sauce,2024-11-19
Dolmio Stir In Pasta Sauce Smoked Bacon & Tomato,£1.75,(£1.17/100g),cupboard,sauce,2024-11-19
Loyd Grossman Tomato & Basil Pasta Sauce,£1.75,(50.0p/100g),cupboard,sauce,2024-11-19
ASDA Extra Special Sun-Dried Tomato Pesto 190g,£2.20,(£1.16/100g),cupboard,sauce,2024-11-19
Homepride Classic Curry Cooking Sauce,£2.50,(62.5p/100g),cupboard,sauce,2024-11-19
Loyd Grossman Balti Curry Sauce,£1.75,(50.0p/100g),cupboard,sauce,2024-11-19
Heinz Sundried Cherry Tomato & Basil,£2.00,(40.8p/100g),cupboard,sauce,2024-11-19
Old El Paso Mexican Cooking Sauce for Fajitas Smoky BBQ,£2.05,(60.3p/100g),cupboard,sauce,2024-11-19
Sacla Fiery Chilli Pesto,£2.50,(£1.32/100g),cupboard,sauce,2024-11-19
ASDA Hunter's Chicken Cooking Sauce 510g,£1.20,(23.5p/100g),cupboard,sauce,2024-11-19
ASDA Mild Chilli Cooking Sauce 500g,£0.99,(19.6p/100g),cupboard,sauce,2024-11-19
ASDA Memphis Style BBQ Cooking Sauce 525g,£1.20,(22.9p/100g),cupboard,sauce,2024-11-19
ASDA Creamy Mushroom Cooking Sauce 480g,£1.20,(25.0p/100g),cupboard,sauce,2024-11-19
Chicken Tonight Spanish Chicken Cooking Sauce,£1.75,(35.0p/100g),cupboard,sauce,2024-11-19
Chicken Tonight Honey & Dijon Mustard Cooking Sauce,£1.75,(35.0p/100g),cupboard,sauce,2024-11-19
ASDA Fajita Cooking Sauce 500g,£0.99,(19.6p/100g),cupboard,sauce,2024-11-19
ASDA Hot Chilli Cooking Sauce 500g,£0.99,(19.6p/100g),cupboard,sauce,2024-11-19
Chicken Tonight Rich & Creamy Mushroom Cooking Sauce,£1.75,(35.0p/100g),cupboard,sauce,2024-11-19
JUST ESSENTIALS by ASDA Cheese & Broccoli Pasta & Sauce,£0.50,(£4.55/kg),cupboard,sauce,2024-11-19
ASDA Chow Mein Stir-Fry Sauce,£0.65,(54.2p/100g),cupboard,sauce,2024-11-19
ASDA Sweet Chilli & Garlic Stir-Fry Sauce 120g,£0.65,(54.2p/100g),cupboard,sauce,2024-11-19
JUST ESSENTIALS by ASDA Casserole Sauce,£1.10,(22.0p/100g),cupboard,sauce,2024-11-19
Al Fez Moroccan Meatball Tagine Sauce,£2.00,(44.4p/100g),cupboard,sauce,2024-11-19
Ben's Original Sweet and Sour Sauce,£2.50,(55.6p/100g),cupboard,sauce,2024-11-19
Ben's Original Lemon Chicken Sauce,£2.50,(55.6p/100g),cupboard,sauce,2024-11-19
Ben's Original Medium Chilli Con Carne Sauce,£2.50,(55.6p/100g),cupboard,sauce,2024-11-19
Ben's Original Sweet and Sour Original No Added Sugar Sauce,£2.50,(56.8p/100g),cupboard,sauce,2024-11-19
Al Fez Moroccan Meatball Tagine Sauce,£2.00,(44.4p/100g),cupboard,sauce,2024-11-19
Ben's Original Sweet and Sour Sauce,£2.50,(55.6p/100g),cupboard,sauce,2024-11-19
Ben's Original Lemon Chicken Sauce,£2.50,(55.6p/100g),cupboard,sauce,2024-11-19
ASDA Ricotta & Red Pepper Pesto,£0.99,(52.1p/100g),cupboard,sauce,2024-11-19
ASDA Black Bean Stir-Fry Sauce 120g,£0.65,(54.2p/100g),cupboard,sauce,2024-11-19
Homepride White Wine Cooking Sauce,£2.50,(51.5p/100g),cupboard,sauce,2024-11-19
YO! Katsu Curry Sauce,£1.20,(£1.20/100g),cupboard,sauce,2024-11-19
Blue Dragon Teriyaki Stir Fry Sauce,£0.95,(79.2p/100g),cupboard,sauce,2024-11-19
Sharwood's Sweet & Sour Cooking Sauce,£1.75,(41.2p/100g),cupboard,sauce,2024-11-19
Loyd Grossman No Added Sugar Pizza Sauce,£1.75,(50.0p/100g),cupboard,sauce,2024-11-19
Filippo Berio Hot Chilli Pesto 190g,£2.80,(£1.47/100g),cupboard,sauce,2024-11-19
Sharwood's Madras Hot Curry Sauce,£2.50,(59.5p/100g),cupboard,sauce,2024-11-19
Loyd Grossman Tomato & Sweet Red Pepper Pasta Sauce,£1.75,(50.0p/100g),cupboard,sauce,2024-11-19
Dolmio Lasagne Meal Bundle For 4,£11.85,null,cupboard,sauce,2024-11-19
ASDA Free From White Lasagne Pasta Sauce,£1.30,(26.5p/100g),cupboard,sauce,2024-11-19
Blue Dragon Korean BBQ Stir Fry Sauce,£0.95,(79.2p/100g),cupboard,sauce,2024-11-19
Sharwood's Chinese Medium Curry Cooking Sauce,£1.75,(41.2p/100g),cupboard,sauce,2024-11-19
Sharwood's East Asian Japanese Katsu 415g,£1.75,(42.2p/100g),cupboard,sauce,2024-11-19
Blue Dragon Black Bean Stir Fry Sauce,£0.95,(79.2p/100g),cupboard,sauce,2024-11-19
"YO! Soy, Ginger & Garlic Yakisoba Stir Fry",£1.20,(£1.20/100g),cupboard,sauce,2024-11-19
YO! Sweet & Sticky Teriyaki,£1.20,(£1.20/100g),cupboard,sauce,2024-11-19
Sharwood's Tikka Masala Reduced Fat Curry Sauce,£2.50,(59.5p/100g),cupboard,sauce,2024-11-19
Blue Dragon Oyster & Spring Onion Stir Fry Sauce,£0.95,(79.2p/100g),cupboard,sauce,2024-11-19
Wagamama Korean Style BBQ Stir Fry Sauce 120g,£1.00,(83.3p/100g),cupboard,sauce,2024-11-19
Homepride Shepherd's Pie Cooking Sauce,£2.50,(51.5p/100g),cupboard,sauce,2024-11-19
Capsicana Mexican Fajita Chilli & Honey Cooking Paste 60g,£1.20,(£2.00/100g),cupboard,sauce,2024-11-19
ASDA Free From Tikka Masala Curry Sauce,£1.30,(26.0p/100g),cupboard,sauce,2024-11-19
Sharwood's Jalfrezi Hot Curry Cooking Sauce,£2.50,(59.5p/100g),cupboard,sauce,2024-11-19
Patak's The Original Curry Creations Korma Sauce 160g,£4.00,(£2.50/100g),cupboard,sauce,2024-11-19
ASDA Extra Special Punjabi Style Dopiaza Curry Sauce,£2.50,(73.5p/100g),cupboard,sauce,2024-11-19
Sharwood's Tikka Masala Extra Creamy Curry Sauce,£2.50,(59.5p/100g),cupboard,sauce,2024-11-19
Dolmio Sauce for Lasagne Light Creamy 440g,£2.50,(56.8p/100g),cupboard,sauce,2024-11-19
Chicken Pesto Pasta Bundle,£6.15,null,cupboard,sauce,2024-11-19
BOSH! Ultimate Cheeze Sauce 270g,£2.75,(£1.02/100g),cupboard,sauce,2024-11-19
Blue Dragon Chow Mein Stir Fry Sauce,£0.95,(79.2p/100g),cupboard,sauce,2024-11-19
Midweek Creamy Pasta Meal for 3-4 People,£3.19,null,cupboard,sauce,2024-11-19
Ben's Original Lemon Chicken with Egg Fried Rice Meal Bundle For 4,£9.75,null,cupboard,sauce,2024-11-19
Patak's The Original Rogan Josh Cooking Sauce,£2.15,(47.8p/100g),cupboard,sauce,2024-11-19
Patak's The Original Curry Creations Tikka Masala Sauce 160g,£4.00,(£2.50/100g),cupboard,sauce,2024-11-19
Sharwood's Reduced Sugar Sweet & Sour Cooking Sauce,£1.75,(41.2p/100g),cupboard,sauce,2024-11-19
Sharwood's Curry Paste Tikka Masala 280g,£2.95,(£1.05/100g),cupboard,sauce,2024-11-19
Dolmio Lasagne Duo Meal Bundle For 4,£5.00,null,cupboard,sauce,2024-11-19
Sharwood's Curry Paste Korma 280g,£2.95,(£1.05/100g),cupboard,sauce,2024-11-19
Meatballs Meal Bundle for 4,£6.55,null,cupboard,sauce,2024-11-19
Loyd Grossman No Added Sugar Tomato & Chilli Pasta Sauce,£1.75,(50.0p/100g),cupboard,sauce,2024-11-19
Wagamama Firecracker Stir Fry Sauce 120g,£1.00,(83.3p/100g),cupboard,sauce,2024-11-19
Filippo Berio Truffle Pesto 190g,£4.50,(£2.37/100g),cupboard,sauce,2024-11-19
Al Fez Smoky Harissa Tagine Sauce,£2.00,(44.4p/100g),cupboard,sauce,2024-11-19
Al Fez Apricot & Coriander Tagine Sauce,£2.00,(44.4p/100g),cupboard,sauce,2024-11-19
Loyd Grossman No Added Sugar White Lasagne Sauce,£1.75,(39.8p/100g),cupboard,sauce,2024-11-19
Sacla Vegan Basil Pesto,£2.50,(£1.32/100g),cupboard,sauce,2024-11-19
Loyd Grossman Tomato & Red Wine Pasta Sauce,£1.75,(50.0p/100g),cupboard,sauce,2024-11-19
Lee Kum Kee Kee Honey & Soy Stir-Fry Sauce 70g,£0.95,(£1.36/100g),cupboard,sauce,2024-11-19
Loyd Grossman No Added Sugar Red Lasagne Sauce,£1.75,(38.9p/100g),cupboard,sauce,2024-11-19
Sharwood's 30% Less Fat Butter Chicken Curry Sauce,£2.50,(59.5p/100g),cupboard,sauce,2024-11-19
Sacla Pesto Stock Up Bundle,£7.50,null,cupboard,sauce,2024-11-19
ASDA Free From Chow Mein Stir-Fry Sauce 120g,£0.60,(50.0p/100g),cupboard,sauce,2024-11-19
Patak's Vindaloo Curry Sauce,£2.15,(47.8p/100g),cupboard,sauce,2024-11-19
Lee Kum Kee Kee Sichuan Style Hot & Spicy Stir-Fry Sauce 190g,£2.20,(£1.16/100g),cupboard,sauce,2024-11-19
ASDA Free From Hoisin Stir Fry Sauce 120g,£0.60,(50.0p/100g),cupboard,sauce,2024-11-19
Al Fez Moroccan Meatball Tagine Sauce,£2.00,(44.4p/100g),cupboard,sauce,2024-11-19
Ben's Original Sweet and Sour Sauce,£2.50,(55.6p/100g),cupboard,sauce,2024-11-19
Ben's Original Lemon Chicken Sauce,£2.50,(55.6p/100g),cupboard,sauce,2024-11-19
Ben's Original Medium Chilli Con Carne Sauce,£2.50,(55.6p/100g),cupboard,sauce,2024-11-19
Ben's Original Sweet and Sour Original No Added Sugar Sauce,£2.50,(56.8p/100g),cupboard,sauce,2024-11-19
Al Fez Moroccan Meatball Tagine Sauce,£2.00,(44.4p/100g),cupboard,sauce,2024-11-19
Ben's Original Sweet and Sour Sauce,£2.50,(55.6p/100g),cupboard,sauce,2024-11-19
Ben's Original Lemon Chicken Sauce,£2.50,(55.6p/100g),cupboard,sauce,2024-11-19
Sharwood's Curry Paste Korma 280g,£2.95,(£1.05/100g),cupboard,sauce,2024-11-19
Meatballs Meal Bundle for 4,£6.55,null,cupboard,sauce,2024-11-19
Loyd Grossman No Added Sugar Tomato & Chilli Pasta Sauce,£1.75,(50.0p/100g),cupboard,sauce,2024-11-19
Blue Dragon Chow Mein Stir Fry Sauce,£0.95,(79.2p/100g),cupboard,sauce,2024-11-19
Loyd Grossman Tomato & Red Wine Pasta Sauce,£1.75,(50.0p/100g),cupboard,sauce,2024-11-19
Sacla Vegan Basil Pesto,£2.50,(£1.32/100g),cupboard,sauce,2024-11-19
YO! Sweet & Sticky Teriyaki,£1.20,(£1.20/100g),cupboard,sauce,2024-11-19
Filippo Berio Truffle Pesto 190g,£4.50,(£2.37/100g),cupboard,sauce,2024-11-19
Al Fez Smoky Harissa Tagine Sauce,£2.00,(44.4p/100g),cupboard,sauce,2024-11-19
Al Fez Apricot & Coriander Tagine Sauce,£2.00,(44.4p/100g),cupboard,sauce,2024-11-19
Homepride Hunter's Chicken Cooking Sauce,£2.50,(51.5p/100g),cupboard,sauce,2024-11-19
ASDA Free From Red Pesto,£1.10,(57.9p/100g),cupboard,sauce,2024-11-19
Pesto & Spaghetti Bundle,£3.50,null,cupboard,sauce,2024-11-19
Homepride Curry Cooking Sauce,£2.50,(51.5p/100g),cupboard,sauce,2024-11-19
ASDA Extra Special Special Fiery Goan Style Curry Cooking Sauce,£2.50,(73.5p/100g),cupboard,sauce,2024-11-19
Sharwood's East Asian Thai Red Curry 415g,£1.75,(42.2p/100g),cupboard,sauce,2024-11-19
Sharwood's Kung Po Medium Cooking Sauce,£1.75,(41.2p/100g),cupboard,sauce,2024-11-19
Wagamama Pad Thai Stir Fry Sauce 120g,£1.00,(83.3p/100g),cupboard,sauce,2024-11-19
Lee Kum Kee Kee Kung Pao Chicken Stir-Fry Sauce 60g,£0.95,(£1.58/100g),cupboard,sauce,2024-11-19
Blue Dragon Sweet Chilli & Garlic Stir Fry Sauce,£0.95,(79.2p/100g),cupboard,sauce,2024-11-19
ASDA Bolognese Pasta Sauce,£0.69,(13.9p/100g),cupboard,sauce,2024-11-19
ASDA Creamy Tomato Pasta Bake 500g,£0.69,(13.8p/100g),cupboard,sauce,2024-11-19
ASDA Chunky Veg & Tomato Pasta Sauce 500g,£0.69,(13.8p/100g),cupboard,sauce,2024-11-19
ASDA Tomato & Basil Sauce for Meatballs 500g,£0.69,(13.8p/100g),cupboard,sauce,2024-11-19
ASDA Tomato & Pepperoni Pasta Bake 500g,£0.69,(13.8p/100g),cupboard,sauce,2024-11-19
ASDA Cheesy Pasta Bake 475g,£0.69,(14.5p/100g),cupboard,sauce,2024-11-19
JUST ESSENTIALS by ASDA Mild Curry Sauce,£0.45,(10.2p/100g),cupboard,sauce,2024-11-19
ASDA Tomato & Mushroom Pasta Sauce 500g,£0.69,(13.9p/100g),cupboard,sauce,2024-11-19
ASDA Free From Korma Curry Sauce,£1.30,(26.0p/100g),cupboard,sauce,2024-11-19
ASDA Free From Tomato & Herb Pasta Bake Sauce,£1.30,(26.0p/100g),cupboard,sauce,2024-11-19
ASDA Smooth Bolognese Pasta Sauce 500g,£0.69,(13.8p/100g),cupboard,sauce,2024-11-19
ASDA Asda Tomato & Garlic Pasta Sauce 500g,£0.69,(13.8p/100g),cupboard,sauce,2024-11-19
ASDA Spicy Tomato Pasta Sauce 500g,£0.69,(13.8p/100g),cupboard,sauce,2024-11-19
Al Fez Moroccan Meatball Tagine Sauce,£2.00,(44.4p/100g),cupboard,sauce,2024-11-19
Ben's Original Sweet and Sour Sauce,£2.50,(55.6p/100g),cupboard,sauce,2024-11-19
Ben's Original Lemon Chicken Sauce,£2.50,(55.6p/100g),cupboard,sauce,2024-11-19
Ben's Original Medium Chilli Con Carne Sauce,£2.50,(55.6p/100g),cupboard,sauce,2024-11-19
Ben's Original Sweet and Sour Original No Added Sugar Sauce,£2.50,(56.8p/100g),cupboard,sauce,2024-11-19
Heinz Classic Passata,£1.00,(£2.00/kg),cupboard,sauce,2024-11-19
Schar Gluten Free Pizza Base,£3.25,(£1.08/100g),cupboard,sauce,2024-11-19
ASDA White Lasagne Sauce 480g,£0.71,(14.8p/100g),cupboard,sauce,2024-11-19
ASDA Tomato & Basil Stir-In Sauce 190g,£1.20,(63.2p/100g),cupboard,sauce,2024-11-19
ASDA Red Pesto,£0.99,(52.1p/100g),cupboard,sauce,2024-11-19
Dolmio Original Sauce for Bolognese 450g,£2.50,(55.6p/100g),cupboard,sauce,2024-11-19
ASDA Green Pesto,£0.99,(52.1p/100g),cupboard,sauce,2024-11-19
ASDA Extra Special Mascarpone & Tomato Pasta Sauce,£1.85,(54.4p/100g),cupboard,sauce,2024-11-19
Dolmio Bolognese Onion & Garlic Sauce for Bolognese 450g,£2.50,(55.6p/100g),cupboard,sauce,2024-11-19
Heinz Tomato Grana Padano & Mascarpone Pasta Sauce,£2.00,(57.1p/100g),cupboard,sauce,2024-11-19
Loyd Grossman Tomato & Roasted Garlic Pasta Sauce,£1.75,(50.0p/100g),cupboard,sauce,2024-11-19
Dolmio Tomato Sauce for Lasagne 450g,£2.50,(55.6p/100g),cupboard,sauce,2024-11-19
Dolmio Intensify Mild Creamy Garlic & Black Pepper Pasta Sauce,£2.50,(63.9p/100g),cupboard,sauce,2024-11-19
Dolmio Creamy Sauce for Lasagne 440g,£2.50,(56.8p/100g),cupboard,sauce,2024-11-19
Homepride Pasta Bake Sauce Tomato & Bacon,£2.50,(51.5p/100g),cupboard,sauce,2024-11-19
Loyd Grossman Tomato Spinach and Ricotta Pasta Sauce,£1.75,(50.0p/100g),cupboard,sauce,2024-11-19
Dolmio Smooth Tomato Sauce for Bolognese 450g,£2.50,(55.6p/100g),cupboard,sauce,2024-11-19
ASDA Extra Special Chilli and Tomato Pasta Sauce,£1.85,(54.4p/100g),cupboard,sauce,2024-11-19
ASDA Extra Special Tomato & Grilled Pepper Stir-In Pasta Sauce,£1.75,(92.1p/100g),cupboard,sauce,2024-11-19
Homepride Pasta Bake Cheese & Bacon,£2.50,(51.5p/100g),cupboard,sauce,2024-11-19
Loyd Grossman Tomato & Chilli Pasta Sauce,£1.75,(50.0p/100g),cupboard,sauce,2024-11-19
Homepride Pasta Bake Sauce Creamy Tomato and Herb,£2.50,(51.5p/100g),cupboard,sauce,2024-11-19
Loyd Grossman Tomato & Sweet Red Pepper Pasta Sauce,£1.75,(50.0p/100g),cupboard,sauce,2024-11-19
Dolmio Sauce for Pasta Bake Creamy Tomato 450g,£2.50,(55.6p/100g),cupboard,sauce,2024-11-19
Dolmio Tomato Sauce for Lasagne 675g,£3.00,(44.4p/100g),cupboard,sauce,2024-11-19
Dolmio Low Fat Sauce for Bolognese 450g,£2.50,(55.6p/100g),cupboard,sauce,2024-11-19
ASDA Extra Special Carbonara Sauce,£1.85,(54.4p/100g),cupboard,sauce,2024-11-19
ASDA Extra Special Pesto Alla Genovese 190g,£2.20,(£1.16/100g),cupboard,sauce,2024-11-19
Filippo Berio Pasta Sauce Arrabbiata 340g,£2.00,(58.8p/100g),cupboard,sauce,2024-11-19
Homepride Pasta Bake Carbonara 485g,£2.50,(51.5p/100g),cupboard,sauce,2024-11-19
Loyd Grossman Bolognese Pasta Sauce,£3.75,(56.8p/100g),cupboard,sauce,2024-11-19
Loyd Grossman Tomato & Basil Pasta Sauce,£3.75,(56.8p/100g),cupboard,sauce,2024-11-19
Sacla Sun-Dried Tomato Pesto,£2.50,(£1.32/100g),cupboard,sauce,2024-11-19
Dolmio Smooth Tomato Sauce for Bolognese 675g,£3.00,(44.4p/100g),cupboard,sauce,2024-11-19
Filippo Berio Tomato & Ricotta Pesto 190g,£2.80,(£1.47/100g),cupboard,sauce,2024-11-19
Filippo Berio Sun-Dried Tomato Pesto 190g,£2.80,(£1.47/100g),cupboard,sauce,2024-11-19
Dolmio Sauce for Bolognese Chunky Mushroom 450g,£2.50,(55.6p/100g),cupboard,sauce,2024-11-19
Dolmio Original Sauce for Bolognese 675g,£3.00,(44.4p/100g),cupboard,sauce,2024-11-19
Sacla Classic Basil Pesto,£2.50,(£1.32/100g),cupboard,sauce,2024-11-19
Dolmio Intensify Fiery Sun-Ripened Tomato & Chilli Pasta Sauce,£2.50,(62.5p/100g),cupboard,sauce,2024-11-19
Loyd Grossman Tomato & Chilli Pasta Sauce,£3.75,(56.8p/100g),cupboard,sauce,2024-11-19
Dolmio Onion & Garlic Sauce for Bolognese 675g,£3.00,(44.4p/100g),cupboard,sauce,2024-11-19
Dolmio Sauce for Bolognese Spicy Chilli 450g,£2.50,(55.6p/100g),cupboard,sauce,2024-11-19
Dolmio Tomato & Basil Sauce for Meatballs 450g,£2.50,(55.6p/100g),cupboard,sauce,2024-11-19
Heinz Sundried Cherry Tomato & Basil Pasta Sauce,£2.00,(57.1p/100g),cupboard,sauce,2024-11-19
ASDA Extra Special Tomato & Mascarpone Stir-In Sauce 190g,£1.75,(92.1p/100g),cupboard,sauce,2024-11-19
ASDA Extra Special Sun-Dried Tomato Pesto 190g,£2.20,(£1.16/100g),cupboard,sauce,2024-11-19
Dolmio Creamy Sauce for Lasagne 655g,£3.00,(45.8p/100g),cupboard,sauce,2024-11-19
,,,cupboard,sauce,2024-11-19
,,,cupboard,sauce,2024-11-19
,,,cupboard,sauce,2024-11-19
,,,cupboard,sauce,2024-11-19
,,,cupboard,sauce,2024-11-19
,,,cupboard,sauce,2024-11-19
,,,cupboard,sauce,2024-11-19
,,,cupboard,sauce,2024-11-19
,,,cupboard,sauce,2024-11-19
,,,cupboard,sauce,2024-11-19
,,,cupboard,sauce,2024-11-19
,,,cupboard,sauce,2024-11-19
,,,cupboard,sauce,2024-11-19
,,,cupboard,sauce,2024-11-19
,,,cupboard,sauce,2024-11-19
,,,cupboard,sauce,2024-11-19
,,,cupboard,sauce,2024-11-19
,,,cupboard,sauce,2024-11-19
,,,cupboard,sauce,2024-11-19
,,,cupboard,sauce,2024-11-19
,,,cupboard,sauce,2024-11-19
,,,cupboard,sauce,2024-11-19
,,,cupboard,sauce,2024-11-19
,,,cupboard,sauce,2024-11-19
,,,cupboard,sauce,2024-11-19
,,,cupboard,sauce,2024-11-19
,,,cupboard,sauce,2024-11-19
,,,cupboard,sauce,2024-11-19
,,,cupboard,sauce,2024-11-19
,,,cupboard,sauce,2024-11-19
,,,cupboard,sauce,2024-11-19
,,,cupboard,sauce,2024-11-19
,,,cupboard,sauce,2024-11-19
,,,cupboard,sauce,2024-11-19
,,,cupboard,sauce,2024-11-19
,,,cupboard,sauce,2024-11-19
,,,cupboard,sauce,2024-11-19
,,,cupboard,sauce,2024-11-19
,,,cupboard,sauce,2024-11-19
,,,cupboard,sauce,2024-11-19
,,,cupboard,sauce,2024-11-19
,,,cupboard,sauce,2024-11-19
,,,cupboard,sauce,2024-11-19
,,,cupboard,sauce,2024-11-19
,,,cupboard,sauce,2024-11-19
,,,cupboard,sauce,2024-11-19
,,,cupboard,sauce,2024-11-19
,,,cupboard,sauce,2024-11-19
,,,cupboard,sauce,2024-11-19
,,,cupboard,sauce,2024-11-19
,,,cupboard,sauce,2024-11-19
,,,cupboard,sauce,2024-11-19
,,,cupboard,sauce,2024-11-19
,,,cupboard,sauce,2024-11-19
Al Fez Moroccan Meatball Tagine Sauce,£2.00,(44.4p/100g),cupboard,sauce,2024-11-19
Ben's Original Sweet and Sour Sauce,£2.50,(55.6p/100g),cupboard,sauce,2024-11-19
Ben's Original Sweet and Sour Original No Added Sugar Sauce,£2.50,(56.8p/100g),cupboard,sauce,2024-11-19
ASDA Tikka Masala Curry Sauce,£0.99,(19.4p/100g),cupboard,sauce,2024-11-19
ASDA Chinese Style Curry Cooking Sauce 500g,£1.10,(22.0p/100g),cupboard,sauce,2024-11-19
ASDA White Lasagne Sauce 480g,£0.71,(14.8p/100g),cupboard,sauce,2024-11-19
JUST ESSENTIALS by ASDA Sweet & Sour Cooking Sauce,£0.87,(19.8p/100g),cupboard,sauce,2024-11-19
Dolmio Original Sauce for Bolognese 450g,£2.50,(55.6p/100g),cupboard,sauce,2024-11-19
ASDA Sweet & Sour Cooking Sauce 500g,£1.20,(24.0p/100g),cupboard,sauce,2024-11-19
ASDA Red Pesto,£0.99,(52.1p/100g),cupboard,sauce,2024-11-19
ASDA Green Pesto,£0.99,(52.1p/100g),cupboard,sauce,2024-11-19
Patak's Butter Chicken Curry Sauce,£2.15,(47.8p/100g),cupboard,sauce,2024-11-19
Homepride Pasta Bake Sauce Creamy Tomato and Herb,£2.50,(51.5p/100g),cupboard,sauce,2024-11-19
Homepride Pasta Bake Sauce Tomato & Bacon,£2.50,(51.5p/100g),cupboard,sauce,2024-11-19
Homepride Pasta Bake Cheese & Bacon,£2.50,(51.5p/100g),cupboard,sauce,2024-11-19
Patak's Korma Curry Sauce,£2.15,(47.8p/100g),cupboard,sauce,2024-11-19
Homepride Pasta Bake Creamy Tomato & Cheddar 485g,£2.50,(51.5p/100g),cupboard,sauce,2024-11-19
Dolmio Smooth Tomato Sauce for Bolognese 450g,£2.50,(55.6p/100g),cupboard,sauce,2024-11-19
ASDA Tomato & Basil Stir-In Sauce 190g,£1.20,(63.2p/100g),cupboard,sauce,2024-11-19
Dolmio Creamy Sauce for Lasagne 440g,£2.50,(56.8p/100g),cupboard,sauce,2024-11-19
ASDA Balti Cooking Sauce 500g,£0.99,(19.8p/100g),cupboard,sauce,2024-11-19
ASDA Extra Special Mascarpone & Tomato Pasta Sauce,£1.85,(54.4p/100g),cupboard,sauce,2024-11-19
Dolmio Tomato Sauce for Lasagne 450g,£2.50,(55.6p/100g),cupboard,sauce,2024-11-19
ASDA Madras Curry Sauce,£0.99,(19.8p/100g),cupboard,sauce,2024-11-19
Dolmio Bolognese Onion & Garlic Sauce for Bolognese 450g,£2.50,(55.6p/100g),cupboard,sauce,2024-11-19
Patak's Tikka Masala Curry Sauce,£2.15,(47.8p/100g),cupboard,sauce,2024-11-19
Sharwood's Korma Mild Curry Cooking Sauce,£2.50,(59.5p/100g),cupboard,sauce,2024-11-19
Dolmio Stir in Carbonara Pasta Sauce,£1.75,(£1.17/100g),cupboard,sauce,2024-11-19
ASDA Extra Special Carbonara Sauce,£1.85,(54.4p/100g),cupboard,sauce,2024-11-19
Dolmio Sauce for Pasta Bake Creamy Tomato 450g,£2.50,(55.6p/100g),cupboard,sauce,2024-11-19
Dolmio Intensify Mild Creamy Garlic & Black Pepper Pasta Sauce,£2.50,(63.9p/100g),cupboard,sauce,2024-11-19
Dolmio Stir in Sundried Tomato Pasta Sauce,£1.75,(£1.17/100g),cupboard,sauce,2024-11-19
Dolmio Original Sauce for Bolognese 675g,£3.00,(44.4p/100g),cupboard,sauce,2024-11-19
Sharwood's Butter Chicken Mild Curry Cooking Sauce,£2.50,(59.5p/100g),cupboard,sauce,2024-11-19
Dolmio Tomato & Basil Sauce for Meatballs 450g,£2.50,(55.6p/100g),cupboard,sauce,2024-11-19
Dolmio Sauce for Pasta Bake Carbonara 430g,£2.50,(58.1p/100g),cupboard,sauce,2024-11-19
Loyd Grossman Tomato & Roasted Garlic Pasta Sauce,£1.75,(50.0p/100g),cupboard,sauce,2024-11-19
Loyd Grossman Korma Curry Sauce,£1.75,(50.0p/100g),cupboard,sauce,2024-11-19
Ben's Original Lemon Chicken Sauce,£2.50,(55.6p/100g),cupboard,sauce,2024-11-19
Loyd Grossman Bolognese Original Pasta Sauce,£1.75,(50.0p/100g),cupboard,sauce,2024-11-19
Ben's Original Medium Chilli Con Carne Sauce,£2.50,(55.6p/100g),cupboard,sauce,2024-11-19
Sharwood's Tikka Masala Medium Curry Cooking Sauce,£2.50,(59.5p/100g),cupboard,sauce,2024-11-19
ASDA Extra Special Tomato & Grilled Pepper Stir-In Pasta Sauce,£1.75,(92.1p/100g),cupboard,sauce,2024-11-19
Dolmio Creamy Sauce for Lasagne 655g,£3.00,(45.8p/100g),cupboard,sauce,2024-11-19
Loyd Grossman Tomato & Chilli Pasta Sauce,£1.75,(50.0p/100g),cupboard,sauce,2024-11-19
Loyd Grossman Tikka Masala Curry Sauce,£1.75,(50.0p/100g),cupboard,sauce,2024-11-19
Dolmio Onion & Garlic Sauce for Bolognese 675g,£3.00,(44.4p/100g),cupboard,sauce,2024-11-19
Homepride Chilli Cooking Sauce,£2.50,(51.5p/100g),cupboard,sauce,2024-11-19
Dolmio Tomato Sauce for Lasagne 675g,£3.00,(44.4p/100g),cupboard,sauce,2024-11-19
Sharwood's 30% Less Fat Korma Curry Sauce,£2.50,(59.5p/100g),cupboard,sauce,2024-11-19
Patak's Jalfrezi Curry Sauce,£2.15,(47.8p/100g),cupboard,sauce,2024-11-19
"Homepride Pasta Bake Tomato, Garlic & Chilli",£2.50,(51.5p/100g),cupboard,sauce,2024-11-19
Loyd Grossman Tomato & Smoked Bacon Pasta Sauce,£1.75,(50.0p/100g),cupboard,sauce,2024-11-19
ASDA Reduced Fat Green Pesto,£1.30,(68.4p/100g),cupboard,sauce,2024-11-19
Heinz Tomato Grana Padano & Mascarpone Pasta Sauce,£2.00,(57.1p/100g),cupboard,sauce,2024-11-19
Dolmio Sauce for Pasta Bake Tomato & Cheese 450g,£2.50,(55.6p/100g),cupboard,sauce,2024-11-19
Loyd Grossman Tomato Spinach and Ricotta Pasta Sauce,£1.75,(50.0p/100g),cupboard,sauce,2024-11-19
Dolmio Chunky Mushroom Sauce for Bolognese 675g,£3.00,(44.4p/100g),cupboard,sauce,2024-11-19
Filippo Berio Pasta Sauce Verdure Grigliate 340g,£2.00,(58.8p/100g),cupboard,sauce,2024-11-19
Sacla Classic Basil Pesto,£2.50,(£1.32/100g),cupboard,sauce,2024-11-19
,,,cupboard,sauce,2024-11-19
,,,cupboard,sauce,2024-11-19
,,,cupboard,sauce,2024-11-19
,,,cupboard,sauce,2024-11-19
,,,cupboard,sauce,2024-11-19
Al Fez Moroccan Meatball Tagine Sauce,£2.00,(44.4p/100g),cupboard,sauce,2024-11-19
Ben's Original Sweet and Sour Sauce,£2.50,(55.6p/100g),cupboard,sauce,2024-11-19
Ben's Original Lemon Chicken Sauce,£2.50,(55.6p/100g),cupboard,sauce,2024-11-19
Ben's Original Sweet and Sour Original No Added Sugar Sauce,£2.50,(56.8p/100g),cupboard,sauce,2024-11-19
Dolmio Intensify Fiery Sun-Ripened Tomato & Chilli Pasta Sauce,£2.50,(62.5p/100g),cupboard,sauce,2024-11-19
Loyd Grossman Tomato & Chilli Pasta Sauce,£3.75,(56.8p/100g),cupboard,sauce,2024-11-19
Patak's The Original Madras Cooking Sauce,£2.15,(47.8p/100g),cupboard,sauce,2024-11-19
Heinz Tomato & Chilli Pasta Sauce,£2.00,(57.1p/100g),cupboard,sauce,2024-11-19
Heinz Tomato Sauce for Bolognese,£2.00,(57.1p/100g),cupboard,sauce,2024-11-19
ASDA Extra Special Pesto Alla Genovese 190g,£2.20,(£1.16/100g),cupboard,sauce,2024-11-19
Loyd Grossman Loyd Grossman No Added Sugar Bolognese Pasta Sauce,£1.75,(50.0p/100g),cupboard,sauce,2024-11-19
ASDA Extra Special Royal Tikka Makhani Curry Sauce,£2.50,(73.5p/100g),cupboard,sauce,2024-11-19
Dolmio Tomato & Basil Stir in Sauce,£1.75,(£1.17/100g),cupboard,sauce,2024-11-19
Patak's Balti Cooking Sauce,£2.15,(47.8p/100g),cupboard,sauce,2024-11-19
Patak's Bhuna Cooking Sauce,£2.15,(47.8p/100g),cupboard,sauce,2024-11-19
Heinz Sundried Cherry Tomato & Basil Pasta Sauce,£2.00,(57.1p/100g),cupboard,sauce,2024-11-19
Sharwood's Bhuna Medium Curry Sauce,£2.50,(59.5p/100g),cupboard,sauce,2024-11-19
ASDA Extra Special Tomato & Mascarpone Stir-In Sauce 190g,£1.75,(92.1p/100g),cupboard,sauce,2024-11-19
Homepride Pasta Bake Sauce Tomato & Herb 485g,£2.50,(51.5p/100g),cupboard,sauce,2024-11-19
Mutti Simply Sugo Basil Pasta Sauce,£3.00,(75.0p/100g),cupboard,sauce,2024-11-19
Sharwood's Rogan Josh Medium Curry Sauce,£2.50,(59.5p/100g),cupboard,sauce,2024-11-19
Filippo Berio Classic Pesto 190g,£2.80,(£1.47/100g),cupboard,sauce,2024-11-19
Filippo Berio Pasta Sauce Arrabbiata 340g,£2.00,(58.8p/100g),cupboard,sauce,2024-11-19
Sacla Sun-Dried Tomato Pesto,£2.50,(£1.32/100g),cupboard,sauce,2024-11-19
Loyd Grossman No Added Sugar Tomato & Basil,£1.75,(50.0p/100g),cupboard,sauce,2024-11-19
Loyd Grossman Tomato & Basil Pasta Sauce,£3.75,(56.8p/100g),cupboard,sauce,2024-11-19
Homepride Pasta Bake Carbonara 485g,£2.50,(51.5p/100g),cupboard,sauce,2024-11-19
Loyd Grossman Bolognese Pasta Sauce,£3.75,(56.8p/100g),cupboard,sauce,2024-11-19
Heinz Tomato Pasta Sauce for Bolognese 490g,£2.00,(40.8p/100g),cupboard,sauce,2024-11-19
Dolmio Sauce for Bolognese Chunky Mushroom 450g,£2.50,(55.6p/100g),cupboard,sauce,2024-11-19
Dolmio Sweet Pepper Stir in Sauce,£1.75,(£1.17/100g),cupboard,sauce,2024-11-19
ASDA Extra Special Chilli and Tomato Pasta Sauce,£1.85,(54.4p/100g),cupboard,sauce,2024-11-19
Dolmio Smooth Tomato Sauce for Bolognese 675g,£3.00,(44.4p/100g),cupboard,sauce,2024-11-19
Filippo Berio Sun-Dried Tomato Pesto 190g,£2.80,(£1.47/100g),cupboard,sauce,2024-11-19
Dolmio Sauce for Bolognese Spicy Chilli 450g,£2.50,(55.6p/100g),cupboard,sauce,2024-11-19
Mutti Simply Sugo Chilli Pasta Sauce,£3.00,(75.0p/100g),cupboard,sauce,2024-11-19
"Dolmio Intensify Spicy Red Pepper, Smoked Paprika & Chilli Pasta Sauce",£2.50,(62.5p/100g),cupboard,sauce,2024-11-19
ASDA Extra Special Bolognese Sauce,£1.85,(54.4p/100g),cupboard,sauce,2024-11-19
Sharwood's Balti Medium Curry Sauce,£2.50,(59.5p/100g),cupboard,sauce,2024-11-19
Dolmio Stir In Pasta Sauce Smoked Bacon & Tomato,£1.75,(£1.17/100g),cupboard,sauce,2024-11-19
Loyd Grossman Tomato & Basil Pasta Sauce,£1.75,(50.0p/100g),cupboard,sauce,2024-11-19
ASDA Extra Special Sun-Dried Tomato Pesto 190g,£2.20,(£1.16/100g),cupboard,sauce,2024-11-19
Homepride Classic Curry Cooking Sauce,£2.50,(62.5p/100g),cupboard,sauce,2024-11-19
Loyd Grossman Balti Curry Sauce,£1.75,(50.0p/100g),cupboard,sauce,2024-11-19
Heinz Sundried Cherry Tomato & Basil,£2.00,(40.8p/100g),cupboard,sauce,2024-11-19
Old El Paso Mexican Cooking Sauce for Fajitas Smoky BBQ,£2.05,(60.3p/100g),cupboard,sauce,2024-11-19
Sacla Fiery Chilli Pesto,£2.50,(£1.32/100g),cupboard,sauce,2024-11-19
ASDA Hunter's Chicken Cooking Sauce 510g,£1.20,(23.5p/100g),cupboard,sauce,2024-11-19
ASDA Mild Chilli Cooking Sauce 500g,£0.99,(19.6p/100g),cupboard,sauce,2024-11-19
ASDA Memphis Style BBQ Cooking Sauce 525g,£1.20,(22.9p/100g),cupboard,sauce,2024-11-19
ASDA Creamy Mushroom Cooking Sauce 480g,£1.20,(25.0p/100g),cupboard,sauce,2024-11-19
Chicken Tonight Spanish Chicken Cooking Sauce,£1.75,(35.0p/100g),cupboard,sauce,2024-11-19
Chicken Tonight Honey & Dijon Mustard Cooking Sauce,£1.75,(35.0p/100g),cupboard,sauce,2024-11-19
ASDA Fajita Cooking Sauce 500g,£0.99,(19.6p/100g),cupboard,sauce,2024-11-19
ASDA Hot Chilli Cooking Sauce 500g,£0.99,(19.6p/100g),cupboard,sauce,2024-11-19
Chicken Tonight Rich & Creamy Mushroom Cooking Sauce,£1.75,(35.0p/100g),cupboard,sauce,2024-11-19
JUST ESSENTIALS by ASDA Cheese & Broccoli Pasta & Sauce,£0.50,(£4.55/kg),cupboard,sauce,2024-11-19
ASDA Chow Mein Stir-Fry Sauce,£0.65,(54.2p/100g),cupboard,sauce,2024-11-19
ASDA Sweet Chilli & Garlic Stir-Fry Sauce 120g,£0.65,(54.2p/100g),cupboard,sauce,2024-11-19
JUST ESSENTIALS by ASDA Casserole Sauce,£1.10,(22.0p/100g),cupboard,sauce,2024-11-19
,,,cupboard,sauce,2024-11-19
,,,cupboard,sauce,2024-11-19
,,,cupboard,sauce,2024-11-19
,,,cupboard,sauce,2024-11-19
,,,cupboard,sauce,2024-11-19
Al Fez Moroccan Meatball Tagine Sauce,£2.00,(44.4p/100g),cupboard,sauce,2024-11-19
Ben's Original Sweet and Sour Sauce,£2.50,(55.6p/100g),cupboard,sauce,2024-11-19
Ben's Original Lemon Chicken Sauce,£2.50,(55.6p/100g),cupboard,sauce,2024-11-19
ASDA Ricotta & Red Pepper Pesto,£0.99,(52.1p/100g),cupboard,sauce,2024-11-19
ASDA Black Bean Stir-Fry Sauce 120g,£0.65,(54.2p/100g),cupboard,sauce,2024-11-19
Homepride White Wine Cooking Sauce,£2.50,(51.5p/100g),cupboard,sauce,2024-11-19
YO! Katsu Curry Sauce,£1.20,(£1.20/100g),cupboard,sauce,2024-11-19
Blue Dragon Teriyaki Stir Fry Sauce,£0.95,(79.2p/100g),cupboard,sauce,2024-11-19
Sharwood's Sweet & Sour Cooking Sauce,£1.75,(41.2p/100g),cupboard,sauce,2024-11-19
Loyd Grossman No Added Sugar Pizza Sauce,£1.75,(50.0p/100g),cupboard,sauce,2024-11-19
Filippo Berio Hot Chilli Pesto 190g,£2.80,(£1.47/100g),cupboard,sauce,2024-11-19
Sharwood's Madras Hot Curry Sauce,£2.50,(59.5p/100g),cupboard,sauce,2024-11-19
Loyd Grossman Tomato & Sweet Red Pepper Pasta Sauce,£1.75,(50.0p/100g),cupboard,sauce,2024-11-19
Dolmio Lasagne Meal Bundle For 4,£11.85,null,cupboard,sauce,2024-11-19
ASDA Free From White Lasagne Pasta Sauce,£1.30,(26.5p/100g),cupboard,sauce,2024-11-19
Blue Dragon Korean BBQ Stir Fry Sauce,£0.95,(79.2p/100g),cupboard,sauce,2024-11-19
Sharwood's Chinese Medium Curry Cooking Sauce,£1.75,(41.2p/100g),cupboard,sauce,2024-11-19
Sharwood's East Asian Japanese Katsu 415g,£1.75,(42.2p/100g),cupboard,sauce,2024-11-19
Blue Dragon Black Bean Stir Fry Sauce,£0.95,(79.2p/100g),cupboard,sauce,2024-11-19
"YO! Soy, Ginger & Garlic Yakisoba Stir Fry",£1.20,(£1.20/100g),cupboard,sauce,2024-11-19
YO! Sweet & Sticky Teriyaki,£1.20,(£1.20/100g),cupboard,sauce,2024-11-19
Sharwood's Tikka Masala Reduced Fat Curry Sauce,£2.50,(59.5p/100g),cupboard,sauce,2024-11-19
Blue Dragon Oyster & Spring Onion Stir Fry Sauce,£0.95,(79.2p/100g),cupboard,sauce,2024-11-19
Wagamama Korean Style BBQ Stir Fry Sauce 120g,£1.00,(83.3p/100g),cupboard,sauce,2024-11-19
Homepride Shepherd's Pie Cooking Sauce,£2.50,(51.5p/100g),cupboard,sauce,2024-11-19
Capsicana Mexican Fajita Chilli & Honey Cooking Paste 60g,£1.20,(£2.00/100g),cupboard,sauce,2024-11-19
ASDA Free From Tikka Masala Curry Sauce,£1.30,(26.0p/100g),cupboard,sauce,2024-11-19
Sharwood's Jalfrezi Hot Curry Cooking Sauce,£2.50,(59.5p/100g),cupboard,sauce,2024-11-19
Patak's The Original Curry Creations Korma Sauce 160g,£4.00,(£2.50/100g),cupboard,sauce,2024-11-19
ASDA Extra Special Punjabi Style Dopiaza Curry Sauce,£2.50,(73.5p/100g),cupboard,sauce,2024-11-19
Sharwood's Tikka Masala Extra Creamy Curry Sauce,£2.50,(59.5p/100g),cupboard,sauce,2024-11-19
Dolmio Sauce for Lasagne Light Creamy 440g,£2.50,(56.8p/100g),cupboard,sauce,2024-11-19
Chicken Pesto Pasta Bundle,£6.15,null,cupboard,sauce,2024-11-19
BOSH! Ultimate Cheeze Sauce 270g,£2.75,(£1.02/100g),cupboard,sauce,2024-11-19
Blue Dragon Chow Mein Stir Fry Sauce,£0.95,(79.2p/100g),cupboard,sauce,2024-11-19
Midweek Creamy Pasta Meal for 3-4 People,£3.19,null,cupboard,sauce,2024-11-19
Ben's Original Lemon Chicken with Egg Fried Rice Meal Bundle For 4,£9.75,null,cupboard,sauce,2024-11-19
Patak's The Original Rogan Josh Cooking Sauce,£2.15,(47.8p/100g),cupboard,sauce,2024-11-19
Patak's The Original Curry Creations Tikka Masala Sauce 160g,£4.00,(£2.50/100g),cupboard,sauce,2024-11-19
Sharwood's Reduced Sugar Sweet & Sour Cooking Sauce,£1.75,(41.2p/100g),cupboard,sauce,2024-11-19
Sharwood's Curry Paste Tikka Masala 280g,£2.95,(£1.05/100g),cupboard,sauce,2024-11-19
Dolmio Lasagne Duo Meal Bundle For 4,£5.00,null,cupboard,sauce,2024-11-19
Sharwood's Curry Paste Korma 280g,£2.95,(£1.05/100g),cupboard,sauce,2024-11-19
Meatballs Meal Bundle for 4,£6.55,null,cupboard,sauce,2024-11-19
Loyd Grossman No Added Sugar Tomato & Chilli Pasta Sauce,£1.75,(50.0p/100g),cupboard,sauce,2024-11-19
Wagamama Firecracker Stir Fry Sauce 120g,£1.00,(83.3p/100g),cupboard,sauce,2024-11-19
Filippo Berio Truffle Pesto 190g,£4.50,(£2.37/100g),cupboard,sauce,2024-11-19
Al Fez Smoky Harissa Tagine Sauce,£2.00,(44.4p/100g),cupboard,sauce,2024-11-19
Al Fez Apricot & Coriander Tagine Sauce,£2.00,(44.4p/100g),cupboard,sauce,2024-11-19
Loyd Grossman No Added Sugar White Lasagne Sauce,£1.75,(39.8p/100g),cupboard,sauce,2024-11-19
Sacla Vegan Basil Pesto,£2.50,(£1.32/100g),cupboard,sauce,2024-11-19
Loyd Grossman Tomato & Red Wine Pasta Sauce,£1.75,(50.0p/100g),cupboard,sauce,2024-11-19
Lee Kum Kee Kee Honey & Soy Stir-Fry Sauce 70g,£0.95,(£1.36/100g),cupboard,sauce,2024-11-19
Loyd Grossman No Added Sugar Red Lasagne Sauce,£1.75,(38.9p/100g),cupboard,sauce,2024-11-19
Sharwood's 30% Less Fat Butter Chicken Curry Sauce,£2.50,(59.5p/100g),cupboard,sauce,2024-11-19
Sacla Pesto Stock Up Bundle,£7.50,null,cupboard,sauce,2024-11-19
ASDA Free From Chow Mein Stir-Fry Sauce 120g,£0.60,(50.0p/100g),cupboard,sauce,2024-11-19
Patak's Vindaloo Curry Sauce,£2.15,(47.8p/100g),cupboard,sauce,2024-11-19
Lee Kum Kee Kee Sichuan Style Hot & Spicy Stir-Fry Sauce 190g,£2.20,(£1.16/100g),cupboard,sauce,2024-11-19
ASDA Free From Hoisin Stir Fry Sauce 120g,£0.60,(50.0p/100g),cupboard,sauce,2024-11-19
,,,cupboard,sauce,2024-11-19
,,,cupboard,sauce,2024-11-19
,,,cupboard,sauce,2024-11-19
,,,cupboard,sauce,2024-11-19
,,,cupboard,sauce,2024-11-19
Al Fez Moroccan Meatball Tagine Sauce,£2.00,(44.4p/100g),cupboard,sauce,2024-11-19
Ben's Original Sweet and Sour Sauce,£2.50,(55.6p/100g),cupboard,sauce,2024-11-19
Ben's Original Lemon Chicken Sauce,£2.50,(55.6p/100g),cupboard,sauce,2024-11-19
Sharwood's Curry Paste Korma 280g,£2.95,(£1.05/100g),cupboard,sauce,2024-11-19
Meatballs Meal Bundle for 4,£6.55,null,cupboard,sauce,2024-11-19
Loyd Grossman No Added Sugar Tomato & Chilli Pasta Sauce,£1.75,(50.0p/100g),cupboard,sauce,2024-11-19
Blue Dragon Chow Mein Stir Fry Sauce,£0.95,(79.2p/100g),cupboard,sauce,2024-11-19
Loyd Grossman Tomato & Red Wine Pasta Sauce,£1.75,(50.0p/100g),cupboard,sauce,2024-11-19
Sacla Vegan Basil Pesto,£2.50,(£1.32/100g),cupboard,sauce,2024-11-19
YO! Sweet & Sticky Teriyaki,£1.20,(£1.20/100g),cupboard,sauce,2024-11-19
Filippo Berio Truffle Pesto 190g,£4.50,(£2.37/100g),cupboard,sauce,2024-11-19
Al Fez Smoky Harissa Tagine Sauce,£2.00,(44.4p/100g),cupboard,sauce,2024-11-19
Al Fez Apricot & Coriander Tagine Sauce,£2.00,(44.4p/100g),cupboard,sauce,2024-11-19
Homepride Hunter's Chicken Cooking Sauce,£2.50,(51.5p/100g),cupboard,sauce,2024-11-19
ASDA Free From Red Pesto,£1.10,(57.9p/100g),cupboard,sauce,2024-11-19
Pesto & Spaghetti Bundle,£3.50,null,cupboard,sauce,2024-11-19
Homepride Curry Cooking Sauce,£2.50,(51.5p/100g),cupboard,sauce,2024-11-19
ASDA Extra Special Special Fiery Goan Style Curry Cooking Sauce,£2.50,(73.5p/100g),cupboard,sauce,2024-11-19
Sharwood's East Asian Thai Red Curry 415g,£1.75,(42.2p/100g),cupboard,sauce,2024-11-19
Sharwood's Kung Po Medium Cooking Sauce,£1.75,(41.2p/100g),cupboard,sauce,2024-11-19
Wagamama Pad Thai Stir Fry Sauce 120g,£1.00,(83.3p/100g),cupboard,sauce,2024-11-19
Lee Kum Kee Kee Kung Pao Chicken Stir-Fry Sauce 60g,£0.95,(£1.58/100g),cupboard,sauce,2024-11-19
Blue Dragon Sweet Chilli & Garlic Stir Fry Sauce,£0.95,(79.2p/100g),cupboard,sauce,2024-11-19
ASDA Bolognese Pasta Sauce,£0.69,(13.9p/100g),cupboard,sauce,2024-11-19
ASDA Creamy Tomato Pasta Bake 500g,£0.69,(13.8p/100g),cupboard,sauce,2024-11-19
ASDA Chunky Veg & Tomato Pasta Sauce 500g,£0.69,(13.8p/100g),cupboard,sauce,2024-11-19
ASDA Tomato & Basil Sauce for Meatballs 500g,£0.69,(13.8p/100g),cupboard,sauce,2024-11-19
ASDA Tomato & Pepperoni Pasta Bake 500g,£0.69,(13.8p/100g),cupboard,sauce,2024-11-19
ASDA Cheesy Pasta Bake 475g,£0.69,(14.5p/100g),cupboard,sauce,2024-11-19
JUST ESSENTIALS by ASDA Mild Curry Sauce,£0.45,(10.2p/100g),cupboard,sauce,2024-11-19
ASDA Tomato & Mushroom Pasta Sauce 500g,£0.69,(13.9p/100g),cupboard,sauce,2024-11-19
ASDA Free From Korma Curry Sauce,£1.30,(26.0p/100g),cupboard,sauce,2024-11-19
ASDA Free From Tomato & Herb Pasta Bake Sauce,£1.30,(26.0p/100g),cupboard,sauce,2024-11-19
ASDA Smooth Bolognese Pasta Sauce 500g,£0.69,(13.8p/100g),cupboard,sauce,2024-11-19
ASDA Asda Tomato & Garlic Pasta Sauce 500g,£0.69,(13.8p/100g),cupboard,sauce,2024-11-19
ASDA Spicy Tomato Pasta Sauce 500g,£0.69,(13.8p/100g),cupboard,sauce,2024-11-19
,,,cupboard,sauce,2024-11-19
,,,cupboard,sauce,2024-11-19
,,,cupboard,sauce,2024-11-19
,,,cupboard,sauce,2024-11-19
,,,cupboard,sauce,2024-11-19
Al Fez Moroccan Meatball Tagine Sauce,£2.00,(44.4p/100g),cupboard,sauce,2024-11-19
Ben's Original Sweet and Sour Sauce,£2.50,(55.6p/100g),cupboard,sauce,2024-11-19
Ben's Original Sweet and Sour Original No Added Sugar Sauce,£2.50,(56.8p/100g),cupboard,sauce,2024-11-19
ASDA Tikka Masala Curry Sauce,£0.99,(19.4p/100g),cupboard,sauce,2024-11-19
ASDA Chinese Style Curry Cooking Sauce 500g,£1.10,(22.0p/100g),cupboard,sauce,2024-11-19
ASDA White Lasagne Sauce 480g,£0.71,(14.8p/100g),cupboard,sauce,2024-11-19
JUST ESSENTIALS by ASDA Sweet & Sour Cooking Sauce,£0.87,(19.8p/100g),cupboard,sauce,2024-11-19
Dolmio Original Sauce for Bolognese 450g,£2.50,(55.6p/100g),cupboard,sauce,2024-11-19
ASDA Sweet & Sour Cooking Sauce 500g,£1.20,(24.0p/100g),cupboard,sauce,2024-11-19
ASDA Red Pesto,£0.99,(52.1p/100g),cupboard,sauce,2024-11-19
ASDA Green Pesto,£0.99,(52.1p/100g),cupboard,sauce,2024-11-19
Patak's Butter Chicken Curry Sauce,£2.15,(47.8p/100g),cupboard,sauce,2024-11-19
Homepride Pasta Bake Sauce Creamy Tomato and Herb,£2.50,(51.5p/100g),cupboard,sauce,2024-11-19
Homepride Pasta Bake Sauce Tomato & Bacon,£2.50,(51.5p/100g),cupboard,sauce,2024-11-19
Homepride Pasta Bake Cheese & Bacon,£2.50,(51.5p/100g),cupboard,sauce,2024-11-19
Patak's Korma Curry Sauce,£2.15,(47.8p/100g),cupboard,sauce,2024-11-19
Homepride Pasta Bake Creamy Tomato & Cheddar 485g,£2.50,(51.5p/100g),cupboard,sauce,2024-11-19
Dolmio Smooth Tomato Sauce for Bolognese 450g,£2.50,(55.6p/100g),cupboard,sauce,2024-11-19
ASDA Tomato & Basil Stir-In Sauce 190g,£1.20,(63.2p/100g),cupboard,sauce,2024-11-19
Dolmio Creamy Sauce for Lasagne 440g,£2.50,(56.8p/100g),cupboard,sauce,2024-11-19
ASDA Balti Cooking Sauce 500g,£0.99,(19.8p/100g),cupboard,sauce,2024-11-19
ASDA Extra Special Mascarpone & Tomato Pasta Sauce,£1.85,(54.4p/100g),cupboard,sauce,2024-11-19
Dolmio Tomato Sauce for Lasagne 450g,£2.50,(55.6p/100g),cupboard,sauce,2024-11-19
ASDA Madras Curry Sauce,£0.99,(19.8p/100g),cupboard,sauce,2024-11-19
Dolmio Bolognese Onion & Garlic Sauce for Bolognese 450g,£2.50,(55.6p/100g),cupboard,sauce,2024-11-19
Patak's Tikka Masala Curry Sauce,£2.15,(47.8p/100g),cupboard,sauce,2024-11-19
Sharwood's Korma Mild Curry Cooking Sauce,£2.50,(59.5p/100g),cupboard,sauce,2024-11-19
Dolmio Stir in Carbonara Pasta Sauce,£1.75,(£1.17/100g),cupboard,sauce,2024-11-19
ASDA Extra Special Carbonara Sauce,£1.85,(54.4p/100g),cupboard,sauce,2024-11-19
Dolmio Sauce for Pasta Bake Creamy Tomato 450g,£2.50,(55.6p/100g),cupboard,sauce,2024-11-19
Dolmio Intensify Mild Creamy Garlic & Black Pepper Pasta Sauce,£2.50,(63.9p/100g),cupboard,sauce,2024-11-19
Dolmio Stir in Sundried Tomato Pasta Sauce,£1.75,(£1.17/100g),cupboard,sauce,2024-11-19
Dolmio Original Sauce for Bolognese 675g,£3.00,(44.4p/100g),cupboard,sauce,2024-11-19
Sharwood's Butter Chicken Mild Curry Cooking Sauce,£2.50,(59.5p/100g),cupboard,sauce,2024-11-19
Dolmio Tomato & Basil Sauce for Meatballs 450g,£2.50,(55.6p/100g),cupboard,sauce,2024-11-19
Dolmio Sauce for Pasta Bake Carbonara 430g,£2.50,(58.1p/100g),cupboard,sauce,2024-11-19
Loyd Grossman Tomato & Roasted Garlic Pasta Sauce,£1.75,(50.0p/100g),cupboard,sauce,2024-11-19
Loyd Grossman Korma Curry Sauce,£1.75,(50.0p/100g),cupboard,sauce,2024-11-19
Ben's Original Lemon Chicken Sauce,£2.50,(55.6p/100g),cupboard,sauce,2024-11-19
Loyd Grossman Bolognese Original Pasta Sauce,£1.75,(50.0p/100g),cupboard,sauce,2024-11-19
Ben's Original Medium Chilli Con Carne Sauce,£2.50,(55.6p/100g),cupboard,sauce,2024-11-19
Sharwood's Tikka Masala Medium Curry Cooking Sauce,£2.50,(59.5p/100g),cupboard,sauce,2024-11-19
ASDA Extra Special Tomato & Grilled Pepper Stir-In Pasta Sauce,£1.75,(92.1p/100g),cupboard,sauce,2024-11-19
Dolmio Creamy Sauce for Lasagne 655g,£3.00,(45.8p/100g),cupboard,sauce,2024-11-19
Loyd Grossman Tomato & Chilli Pasta Sauce,£1.75,(50.0p/100g),cupboard,sauce,2024-11-19
Loyd Grossman Tikka Masala Curry Sauce,£1.75,(50.0p/100g),cupboard,sauce,2024-11-19
Dolmio Onion & Garlic Sauce for Bolognese 675g,£3.00,(44.4p/100g),cupboard,sauce,2024-11-19
Homepride Chilli Cooking Sauce,£2.50,(51.5p/100g),cupboard,sauce,2024-11-19
Dolmio Tomato Sauce for Lasagne 675g,£3.00,(44.4p/100g),cupboard,sauce,2024-11-19
Sharwood's 30% Less Fat Korma Curry Sauce,£2.50,(59.5p/100g),cupboard,sauce,2024-11-19
Patak's Jalfrezi Curry Sauce,£2.15,(47.8p/100g),cupboard,sauce,2024-11-19
"Homepride Pasta Bake Tomato, Garlic & Chilli",£2.50,(51.5p/100g),cupboard,sauce,2024-11-19
Loyd Grossman Tomato & Smoked Bacon Pasta Sauce,£1.75,(50.0p/100g),cupboard,sauce,2024-11-19
ASDA Reduced Fat Green Pesto,£1.30,(68.4p/100g),cupboard,sauce,2024-11-19
Heinz Tomato Grana Padano & Mascarpone Pasta Sauce,£2.00,(57.1p/100g),cupboard,sauce,2024-11-19
Dolmio Sauce for Pasta Bake Tomato & Cheese 450g,£2.50,(55.6p/100g),cupboard,sauce,2024-11-19
Loyd Grossman Tomato Spinach and Ricotta Pasta Sauce,£1.75,(50.0p/100g),cupboard,sauce,2024-11-19
Dolmio Chunky Mushroom Sauce for Bolognese 675g,£3.00,(44.4p/100g),cupboard,sauce,2024-11-19
Filippo Berio Pasta Sauce Verdure Grigliate 340g,£2.00,(58.8p/100g),cupboard,sauce,2024-11-19
Sacla Classic Basil Pesto,£2.50,(£1.32/100g),cupboard,sauce,2024-11-19
Al Fez Moroccan Meatball Tagine Sauce,£2.00,(44.4p/100g),cupboard,sauce,2024-11-19
Ben's Original Sweet and Sour Sauce,£2.50,(55.6p/100g),cupboard,sauce,2024-11-19
Ben's Original Medium Chilli Con Carne Sauce,£2.50,(55.6p/100g),cupboard,sauce,2024-11-19
Ben's Original Sweet and Sour Original No Added Sugar Sauce,£2.50,(56.8p/100g),cupboard,sauce,2024-11-19
Ben's Original Lemon Chicken Sauce,£2.50,(55.6p/100g),cupboard,sauce,2024-11-19
Al Fez Moroccan Meatball Tagine Sauce,£2.00,(44.4p/100g),cupboard,sauce,2024-11-19
Ben's Original Sweet and Sour Sauce,£2.50,(55.6p/100g),cupboard,sauce,2024-11-19
Ben's Original Lemon Chicken Sauce,£2.50,(55.6p/100g),cupboard,sauce,2024-11-19
Ben's Original Sweet and Sour Original No Added Sugar Sauce,£2.50,(56.8p/100g),cupboard,sauce,2024-11-19
Dolmio Intensify Fiery Sun-Ripened Tomato & Chilli Pasta Sauce,£2.50,(62.5p/100g),cupboard,sauce,2024-11-19
Loyd Grossman Tomato & Chilli Pasta Sauce,£3.75,(56.8p/100g),cupboard,sauce,2024-11-19
Patak's The Original Madras Cooking Sauce,£2.15,(47.8p/100g),cupboard,sauce,2024-11-19
Heinz Tomato & Chilli Pasta Sauce,£2.00,(57.1p/100g),cupboard,sauce,2024-11-19
Heinz Tomato Sauce for Bolognese,£2.00,(57.1p/100g),cupboard,sauce,2024-11-19
ASDA Extra Special Pesto Alla Genovese 190g,£2.20,(£1.16/100g),cupboard,sauce,2024-11-19
Loyd Grossman Loyd Grossman No Added Sugar Bolognese Pasta Sauce,£1.75,(50.0p/100g),cupboard,sauce,2024-11-19
ASDA Extra Special Royal Tikka Makhani Curry Sauce,£2.50,(73.5p/100g),cupboard,sauce,2024-11-19
Dolmio Tomato & Basil Stir in Sauce,£1.75,(£1.17/100g),cupboard,sauce,2024-11-19
Patak's Balti Cooking Sauce,£2.15,(47.8p/100g),cupboard,sauce,2024-11-19
Patak's Bhuna Cooking Sauce,£2.15,(47.8p/100g),cupboard,sauce,2024-11-19
Heinz Sundried Cherry Tomato & Basil Pasta Sauce,£2.00,(57.1p/100g),cupboard,sauce,2024-11-19
Sharwood's Bhuna Medium Curry Sauce,£2.50,(59.5p/100g),cupboard,sauce,2024-11-19
ASDA Extra Special Tomato & Mascarpone Stir-In Sauce 190g,£1.75,(92.1p/100g),cupboard,sauce,2024-11-19
Homepride Pasta Bake Sauce Tomato & Herb 485g,£2.50,(51.5p/100g),cupboard,sauce,2024-11-19
Mutti Simply Sugo Basil Pasta Sauce,£3.00,(75.0p/100g),cupboard,sauce,2024-11-19
Sharwood's Rogan Josh Medium Curry Sauce,£2.50,(59.5p/100g),cupboard,sauce,2024-11-19
Filippo Berio Classic Pesto 190g,£2.80,(£1.47/100g),cupboard,sauce,2024-11-19
Filippo Berio Pasta Sauce Arrabbiata 340g,£2.00,(58.8p/100g),cupboard,sauce,2024-11-19
Sacla Sun-Dried Tomato Pesto,£2.50,(£1.32/100g),cupboard,sauce,2024-11-19
Loyd Grossman No Added Sugar Tomato & Basil,£1.75,(50.0p/100g),cupboard,sauce,2024-11-19
Loyd Grossman Tomato & Basil Pasta Sauce,£3.75,(56.8p/100g),cupboard,sauce,2024-11-19
Homepride Pasta Bake Carbonara 485g,£2.50,(51.5p/100g),cupboard,sauce,2024-11-19
Loyd Grossman Bolognese Pasta Sauce,£3.75,(56.8p/100g),cupboard,sauce,2024-11-19
Heinz Tomato Pasta Sauce for Bolognese 490g,£2.00,(40.8p/100g),cupboard,sauce,2024-11-19
Dolmio Sauce for Bolognese Chunky Mushroom 450g,£2.50,(55.6p/100g),cupboard,sauce,2024-11-19
Dolmio Sweet Pepper Stir in Sauce,£1.75,(£1.17/100g),cupboard,sauce,2024-11-19
ASDA Extra Special Chilli and Tomato Pasta Sauce,£1.85,(54.4p/100g),cupboard,sauce,2024-11-19
Dolmio Smooth Tomato Sauce for Bolognese 675g,£3.00,(44.4p/100g),cupboard,sauce,2024-11-19
Filippo Berio Sun-Dried Tomato Pesto 190g,£2.80,(£1.47/100g),cupboard,sauce,2024-11-19
Dolmio Sauce for Bolognese Spicy Chilli 450g,£2.50,(55.6p/100g),cupboard,sauce,2024-11-19
Mutti Simply Sugo Chilli Pasta Sauce,£3.00,(75.0p/100g),cupboard,sauce,2024-11-19
"Dolmio Intensify Spicy Red Pepper, Smoked Paprika & Chilli Pasta Sauce",£2.50,(62.5p/100g),cupboard,sauce,2024-11-19
ASDA Extra Special Bolognese Sauce,£1.85,(54.4p/100g),cupboard,sauce,2024-11-19
Sharwood's Balti Medium Curry Sauce,£2.50,(59.5p/100g),cupboard,sauce,2024-11-19
Dolmio Stir In Pasta Sauce Smoked Bacon & Tomato,£1.75,(£1.17/100g),cupboard,sauce,2024-11-19
Loyd Grossman Tomato & Basil Pasta Sauce,£1.75,(50.0p/100g),cupboard,sauce,2024-11-19
ASDA Extra Special Sun-Dried Tomato Pesto 190g,£2.20,(£1.16/100g),cupboard,sauce,2024-11-19
Homepride Classic Curry Cooking Sauce,£2.50,(62.5p/100g),cupboard,sauce,2024-11-19
Loyd Grossman Balti Curry Sauce,£1.75,(50.0p/100g),cupboard,sauce,2024-11-19
Heinz Sundried Cherry Tomato & Basil,£2.00,(40.8p/100g),cupboard,sauce,2024-11-19
Old El Paso Mexican Cooking Sauce for Fajitas Smoky BBQ,£2.05,(60.3p/100g),cupboard,sauce,2024-11-19
Sacla Fiery Chilli Pesto,£2.50,(£1.32/100g),cupboard,sauce,2024-11-19
ASDA Hunter's Chicken Cooking Sauce 510g,£1.20,(23.5p/100g),cupboard,sauce,2024-11-19
ASDA Mild Chilli Cooking Sauce 500g,£0.99,(19.6p/100g),cupboard,sauce,2024-11-19
ASDA Memphis Style BBQ Cooking Sauce 525g,£1.20,(22.9p/100g),cupboard,sauce,2024-11-19
ASDA Creamy Mushroom Cooking Sauce 480g,£1.20,(25.0p/100g),cupboard,sauce,2024-11-19
Chicken Tonight Spanish Chicken Cooking Sauce,£1.75,(35.0p/100g),cupboard,sauce,2024-11-19
Chicken Tonight Honey & Dijon Mustard Cooking Sauce,£1.75,(35.0p/100g),cupboard,sauce,2024-11-19
ASDA Fajita Cooking Sauce 500g,£0.99,(19.6p/100g),cupboard,sauce,2024-11-19
ASDA Hot Chilli Cooking Sauce 500g,£0.99,(19.6p/100g),cupboard,sauce,2024-11-19
Chicken Tonight Rich & Creamy Mushroom Cooking Sauce,£1.75,(35.0p/100g),cupboard,sauce,2024-11-19
JUST ESSENTIALS by ASDA Cheese & Broccoli Pasta & Sauce,£0.50,(£4.55/kg),cupboard,sauce,2024-11-19
ASDA Chow Mein Stir-Fry Sauce,£0.65,(54.2p/100g),cupboard,sauce,2024-11-19
ASDA Sweet Chilli & Garlic Stir-Fry Sauce 120g,£0.65,(54.2p/100g),cupboard,sauce,2024-11-19
JUST ESSENTIALS by ASDA Casserole Sauce,£1.10,(22.0p/100g),cupboard,sauce,2024-11-19
Al Fez Moroccan Meatball Tagine Sauce,£2.00,(44.4p/100g),cupboard,sauce,2024-11-19
Ben's Original Sweet and Sour Sauce,£2.50,(55.6p/100g),cupboard,sauce,2024-11-19
Ben's Original Lemon Chicken Sauce,£2.50,(55.6p/100g),cupboard,sauce,2024-11-19
Ben's Original Medium Chilli Con Carne Sauce,£2.50,(55.6p/100g),cupboard,sauce,2024-11-19
Ben's Original Sweet and Sour Original No Added Sugar Sauce,£2.50,(56.8p/100g),cupboard,sauce,2024-11-19
Al Fez Moroccan Meatball Tagine Sauce,£2.00,(44.4p/100g),cupboard,sauce,2024-11-19
Ben's Original Sweet and Sour Sauce,£2.50,(55.6p/100g),cupboard,sauce,2024-11-19
Ben's Original Lemon Chicken Sauce,£2.50,(55.6p/100g),cupboard,sauce,2024-11-19
ASDA Ricotta & Red Pepper Pesto,£0.99,(52.1p/100g),cupboard,sauce,2024-11-19
ASDA Black Bean Stir-Fry Sauce 120g,£0.65,(54.2p/100g),cupboard,sauce,2024-11-19
Homepride White Wine Cooking Sauce,£2.50,(51.5p/100g),cupboard,sauce,2024-11-19
YO! Katsu Curry Sauce,£1.20,(£1.20/100g),cupboard,sauce,2024-11-19
Blue Dragon Teriyaki Stir Fry Sauce,£0.95,(79.2p/100g),cupboard,sauce,2024-11-19
Sharwood's Sweet & Sour Cooking Sauce,£1.75,(41.2p/100g),cupboard,sauce,2024-11-19
Loyd Grossman No Added Sugar Pizza Sauce,£1.75,(50.0p/100g),cupboard,sauce,2024-11-19
Filippo Berio Hot Chilli Pesto 190g,£2.80,(£1.47/100g),cupboard,sauce,2024-11-19
Sharwood's Madras Hot Curry Sauce,£2.50,(59.5p/100g),cupboard,sauce,2024-11-19
Loyd Grossman Tomato & Sweet Red Pepper Pasta Sauce,£1.75,(50.0p/100g),cupboard,sauce,2024-11-19
Dolmio Lasagne Meal Bundle For 4,£11.85,null,cupboard,sauce,2024-11-19
ASDA Free From White Lasagne Pasta Sauce,£1.30,(26.5p/100g),cupboard,sauce,2024-11-19
Blue Dragon Korean BBQ Stir Fry Sauce,£0.95,(79.2p/100g),cupboard,sauce,2024-11-19
Sharwood's Chinese Medium Curry Cooking Sauce,£1.75,(41.2p/100g),cupboard,sauce,2024-11-19
Sharwood's East Asian Japanese Katsu 415g,£1.75,(42.2p/100g),cupboard,sauce,2024-11-19
Blue Dragon Black Bean Stir Fry Sauce,£0.95,(79.2p/100g),cupboard,sauce,2024-11-19
"YO! Soy, Ginger & Garlic Yakisoba Stir Fry",£1.20,(£1.20/100g),cupboard,sauce,2024-11-19
YO! Sweet & Sticky Teriyaki,£1.20,(£1.20/100g),cupboard,sauce,2024-11-19
Sharwood's Tikka Masala Reduced Fat Curry Sauce,£2.50,(59.5p/100g),cupboard,sauce,2024-11-19
Blue Dragon Oyster & Spring Onion Stir Fry Sauce,£0.95,(79.2p/100g),cupboard,sauce,2024-11-19
Wagamama Korean Style BBQ Stir Fry Sauce 120g,£1.00,(83.3p/100g),cupboard,sauce,2024-11-19
Homepride Shepherd's Pie Cooking Sauce,£2.50,(51.5p/100g),cupboard,sauce,2024-11-19
Capsicana Mexican Fajita Chilli & Honey Cooking Paste 60g,£1.20,(£2.00/100g),cupboard,sauce,2024-11-19
ASDA Free From Tikka Masala Curry Sauce,£1.30,(26.0p/100g),cupboard,sauce,2024-11-19
Sharwood's Jalfrezi Hot Curry Cooking Sauce,£2.50,(59.5p/100g),cupboard,sauce,2024-11-19
Patak's The Original Curry Creations Korma Sauce 160g,£4.00,(£2.50/100g),cupboard,sauce,2024-11-19
ASDA Extra Special Punjabi Style Dopiaza Curry Sauce,£2.50,(73.5p/100g),cupboard,sauce,2024-11-19
Sharwood's Tikka Masala Extra Creamy Curry Sauce,£2.50,(59.5p/100g),cupboard,sauce,2024-11-19
Dolmio Sauce for Lasagne Light Creamy 440g,£2.50,(56.8p/100g),cupboard,sauce,2024-11-19
Chicken Pesto Pasta Bundle,£6.15,null,cupboard,sauce,2024-11-19
BOSH! Ultimate Cheeze Sauce 270g,£2.75,(£1.02/100g),cupboard,sauce,2024-11-19
Blue Dragon Chow Mein Stir Fry Sauce,£0.95,(79.2p/100g),cupboard,sauce,2024-11-19
Midweek Creamy Pasta Meal for 3-4 People,£3.19,null,cupboard,sauce,2024-11-19
Ben's Original Lemon Chicken with Egg Fried Rice Meal Bundle For 4,£9.75,null,cupboard,sauce,2024-11-19
Patak's The Original Rogan Josh Cooking Sauce,£2.15,(47.8p/100g),cupboard,sauce,2024-11-19
Patak's The Original Curry Creations Tikka Masala Sauce 160g,£4.00,(£2.50/100g),cupboard,sauce,2024-11-19
Sharwood's Reduced Sugar Sweet & Sour Cooking Sauce,£1.75,(41.2p/100g),cupboard,sauce,2024-11-19
Sharwood's Curry Paste Tikka Masala 280g,£2.95,(£1.05/100g),cupboard,sauce,2024-11-19
Dolmio Lasagne Duo Meal Bundle For 4,£5.00,null,cupboard,sauce,2024-11-19
Sharwood's Curry Paste Korma 280g,£2.95,(£1.05/100g),cupboard,sauce,2024-11-19
Meatballs Meal Bundle for 4,£6.55,null,cupboard,sauce,2024-11-19
Loyd Grossman No Added Sugar Tomato & Chilli Pasta Sauce,£1.75,(50.0p/100g),cupboard,sauce,2024-11-19
Wagamama Firecracker Stir Fry Sauce 120g,£1.00,(83.3p/100g),cupboard,sauce,2024-11-19
Filippo Berio Truffle Pesto 190g,£4.50,(£2.37/100g),cupboard,sauce,2024-11-19
Al Fez Smoky Harissa Tagine Sauce,£2.00,(44.4p/100g),cupboard,sauce,2024-11-19
Al Fez Apricot & Coriander Tagine Sauce,£2.00,(44.4p/100g),cupboard,sauce,2024-11-19
Loyd Grossman No Added Sugar White Lasagne Sauce,£1.75,(39.8p/100g),cupboard,sauce,2024-11-19
Sacla Vegan Basil Pesto,£2.50,(£1.32/100g),cupboard,sauce,2024-11-19
Loyd Grossman Tomato & Red Wine Pasta Sauce,£1.75,(50.0p/100g),cupboard,sauce,2024-11-19
Lee Kum Kee Kee Honey & Soy Stir-Fry Sauce 70g,£0.95,(£1.36/100g),cupboard,sauce,2024-11-19
Loyd Grossman No Added Sugar Red Lasagne Sauce,£1.75,(38.9p/100g),cupboard,sauce,2024-11-19
Sharwood's 30% Less Fat Butter Chicken Curry Sauce,£2.50,(59.5p/100g),cupboard,sauce,2024-11-19
Sacla Pesto Stock Up Bundle,£7.50,null,cupboard,sauce,2024-11-19
ASDA Free From Chow Mein Stir-Fry Sauce 120g,£0.60,(50.0p/100g),cupboard,sauce,2024-11-19
Patak's Vindaloo Curry Sauce,£2.15,(47.8p/100g),cupboard,sauce,2024-11-19
Lee Kum Kee Kee Sichuan Style Hot & Spicy Stir-Fry Sauce 190g,£2.20,(£1.16/100g),cupboard,sauce,2024-11-19
ASDA Free From Hoisin Stir Fry Sauce 120g,£0.60,(50.0p/100g),cupboard,sauce,2024-11-19
Al Fez Moroccan Meatball Tagine Sauce,£2.00,(44.4p/100g),cupboard,sauce,2024-11-19
Ben's Original Sweet and Sour Sauce,£2.50,(55.6p/100g),cupboard,sauce,2024-11-19
Ben's Original Lemon Chicken Sauce,£2.50,(55.6p/100g),cupboard,sauce,2024-11-19
Ben's Original Medium Chilli Con Carne Sauce,£2.50,(55.6p/100g),cupboard,sauce,2024-11-19
Ben's Original Sweet and Sour Original No Added Sugar Sauce,£2.50,(56.8p/100g),cupboard,sauce,2024-11-19
Al Fez Moroccan Meatball Tagine Sauce,£2.00,(44.4p/100g),cupboard,sauce,2024-11-19
Ben's Original Sweet and Sour Sauce,£2.50,(55.6p/100g),cupboard,sauce,2024-11-19
Ben's Original Lemon Chicken Sauce,£2.50,(55.6p/100g),cupboard,sauce,2024-11-19
Sharwood's Curry Paste Korma 280g,£2.95,(£1.05/100g),cupboard,sauce,2024-11-19
Meatballs Meal Bundle for 4,£6.55,null,cupboard,sauce,2024-11-19
Loyd Grossman No Added Sugar Tomato & Chilli Pasta Sauce,£1.75,(50.0p/100g),cupboard,sauce,2024-11-19
Blue Dragon Chow Mein Stir Fry Sauce,£0.95,(79.2p/100g),cupboard,sauce,2024-11-19
Loyd Grossman Tomato & Red Wine Pasta Sauce,£1.75,(50.0p/100g),cupboard,sauce,2024-11-19
Sacla Vegan Basil Pesto,£2.50,(£1.32/100g),cupboard,sauce,2024-11-19
YO! Sweet & Sticky Teriyaki,£1.20,(£1.20/100g),cupboard,sauce,2024-11-19
Filippo Berio Truffle Pesto 190g,£4.50,(£2.37/100g),cupboard,sauce,2024-11-19
Al Fez Smoky Harissa Tagine Sauce,£2.00,(44.4p/100g),cupboard,sauce,2024-11-19
Al Fez Apricot & Coriander Tagine Sauce,£2.00,(44.4p/100g),cupboard,sauce,2024-11-19
Homepride Hunter's Chicken Cooking Sauce,£2.50,(51.5p/100g),cupboard,sauce,2024-11-19
ASDA Free From Red Pesto,£1.10,(57.9p/100g),cupboard,sauce,2024-11-19
Pesto & Spaghetti Bundle,£3.50,null,cupboard,sauce,2024-11-19
Homepride Curry Cooking Sauce,£2.50,(51.5p/100g),cupboard,sauce,2024-11-19
ASDA Extra Special Special Fiery Goan Style Curry Cooking Sauce,£2.50,(73.5p/100g),cupboard,sauce,2024-11-19
Sharwood's East Asian Thai Red Curry 415g,£1.75,(42.2p/100g),cupboard,sauce,2024-11-19
Sharwood's Kung Po Medium Cooking Sauce,£1.75,(41.2p/100g),cupboard,sauce,2024-11-19
Wagamama Pad Thai Stir Fry Sauce 120g,£1.00,(83.3p/100g),cupboard,sauce,2024-11-19
Lee Kum Kee Kee Kung Pao Chicken Stir-Fry Sauce 60g,£0.95,(£1.58/100g),cupboard,sauce,2024-11-19
Blue Dragon Sweet Chilli & Garlic Stir Fry Sauce,£0.95,(79.2p/100g),cupboard,sauce,2024-11-19
ASDA Bolognese Pasta Sauce,£0.69,(13.9p/100g),cupboard,sauce,2024-11-19
ASDA Creamy Tomato Pasta Bake 500g,£0.69,(13.8p/100g),cupboard,sauce,2024-11-19
ASDA Chunky Veg & Tomato Pasta Sauce 500g,£0.69,(13.8p/100g),cupboard,sauce,2024-11-19
ASDA Tomato & Basil Sauce for Meatballs 500g,£0.69,(13.8p/100g),cupboard,sauce,2024-11-19
ASDA Tomato & Pepperoni Pasta Bake 500g,£0.69,(13.8p/100g),cupboard,sauce,2024-11-19
ASDA Cheesy Pasta Bake 475g,£0.69,(14.5p/100g),cupboard,sauce,2024-11-19
JUST ESSENTIALS by ASDA Mild Curry Sauce,£0.45,(10.2p/100g),cupboard,sauce,2024-11-19
ASDA Tomato & Mushroom Pasta Sauce 500g,£0.69,(13.9p/100g),cupboard,sauce,2024-11-19
ASDA Free From Korma Curry Sauce,£1.30,(26.0p/100g),cupboard,sauce,2024-11-19
ASDA Free From Tomato & Herb Pasta Bake Sauce,£1.30,(26.0p/100g),cupboard,sauce,2024-11-19
ASDA Smooth Bolognese Pasta Sauce 500g,£0.69,(13.8p/100g),cupboard,sauce,2024-11-19
ASDA Asda Tomato & Garlic Pasta Sauce 500g,£0.69,(13.8p/100g),cupboard,sauce,2024-11-19
ASDA Spicy Tomato Pasta Sauce 500g,£0.69,(13.8p/100g),cupboard,sauce,2024-11-19
Al Fez Moroccan Meatball Tagine Sauce,£2.00,(44.4p/100g),cupboard,sauce,2024-11-19
Ben's Original Sweet and Sour Sauce,£2.50,(55.6p/100g),cupboard,sauce,2024-11-19
Ben's Original Lemon Chicken Sauce,£2.50,(55.6p/100g),cupboard,sauce,2024-11-19
Ben's Original Medium Chilli Con Carne Sauce,£2.50,(55.6p/100g),cupboard,sauce,2024-11-19
Ben's Original Sweet and Sour Original No Added Sugar Sauce,£2.50,(56.8p/100g),cupboard,sauce,2024-11-19
Al Fez Moroccan Meatball Tagine Sauce,£2.00,(44.4p/100g),cupboard,sauce,2024-11-19
Ben's Original Sweet and Sour Sauce,£2.50,(55.6p/100g),cupboard,sauce,2024-11-19
Ben's Original Sweet and Sour Original No Added Sugar Sauce,£2.50,(56.8p/100g),cupboard,sauce,2024-11-19
ASDA White Lasagne Sauce 480g,£0.71,(14.8p/100g),cupboard,sauce,2024-11-19
ASDA Chinese Style Curry Cooking Sauce 500g,£1.10,(22.0p/100g),cupboard,sauce,2024-11-19
ASDA Tikka Masala Curry Sauce,£0.99,(19.4p/100g),cupboard,sauce,2024-11-19
ASDA Sweet & Sour Cooking Sauce 500g,£1.20,(24.0p/100g),cupboard,sauce,2024-11-19
Dolmio Original Sauce for Bolognese 450g,£2.50,(55.6p/100g),cupboard,sauce,2024-11-19
Homepride Pasta Bake Creamy Tomato & Cheddar 485g,£2.50,(51.5p/100g),cupboard,sauce,2024-11-19
JUST ESSENTIALS by ASDA Sweet & Sour Cooking Sauce,£0.87,(19.8p/100g),cupboard,sauce,2024-11-19
ASDA Green Pesto,£0.99,(52.1p/100g),cupboard,sauce,2024-11-19
ASDA Tomato & Basil Stir-In Sauce 190g,£1.20,(63.2p/100g),cupboard,sauce,2024-11-19
ASDA Balti Cooking Sauce 500g,£0.99,(19.8p/100g),cupboard,sauce,2024-11-19
Patak's Korma Curry Sauce,£2.15,(47.8p/100g),cupboard,sauce,2024-11-19
ASDA Extra Special Mascarpone & Tomato Pasta Sauce,£1.85,(54.4p/100g),cupboard,sauce,2024-11-19
Dolmio Smooth Tomato Sauce for Bolognese 450g,£2.50,(55.6p/100g),cupboard,sauce,2024-11-19
Homepride Pasta Bake Sauce Tomato & Bacon,£2.50,(51.5p/100g),cupboard,sauce,2024-11-19
Homepride Pasta Bake Cheese & Bacon,£2.50,(51.5p/100g),cupboard,sauce,2024-11-19
Dolmio Bolognese Onion & Garlic Sauce for Bolognese 450g,£2.50,(55.6p/100g),cupboard,sauce,2024-11-19
Sharwood's Butter Chicken Mild Curry Cooking Sauce,£2.50,(59.5p/100g),cupboard,sauce,2024-11-19
ASDA Red Pesto,£0.99,(52.1p/100g),cupboard,sauce,2024-11-19
Dolmio Original Sauce for Bolognese 675g,£3.00,(44.4p/100g),cupboard,sauce,2024-11-19
Patak's Butter Chicken Curry Sauce,£2.15,(47.8p/100g),cupboard,sauce,2024-11-19
ASDA Madras Curry Sauce,£0.99,(19.8p/100g),cupboard,sauce,2024-11-19
Homepride Pasta Bake Sauce Creamy Tomato and Herb,£2.50,(51.5p/100g),cupboard,sauce,2024-11-19
Dolmio Tomato Sauce for Lasagne 450g,£2.50,(55.6p/100g),cupboard,sauce,2024-11-19
Sharwood's Korma Mild Curry Cooking Sauce,£2.50,(59.5p/100g),cupboard,sauce,2024-11-19
Dolmio Creamy Sauce for Lasagne 440g,£2.50,(56.8p/100g),cupboard,sauce,2024-11-19
ASDA Extra Special Carbonara Sauce,£1.85,(54.4p/100g),cupboard,sauce,2024-11-19
Loyd Grossman Korma Curry Sauce,£1.75,(50.0p/100g),cupboard,sauce,2024-11-19
Loyd Grossman Tomato & Roasted Garlic Pasta Sauce,£1.75,(50.0p/100g),cupboard,sauce,2024-11-19
Dolmio Tomato & Basil Sauce for Meatballs 450g,£2.50,(55.6p/100g),cupboard,sauce,2024-11-19
Dolmio Intensify Mild Creamy Garlic & Black Pepper Pasta Sauce,£2.50,(63.9p/100g),cupboard,sauce,2024-11-19
Patak's Tikka Masala Curry Sauce,£2.15,(47.8p/100g),cupboard,sauce,2024-11-19
Sharwood's Tikka Masala Medium Curry Cooking Sauce,£2.50,(59.5p/100g),cupboard,sauce,2024-11-19
Dolmio Sauce for Pasta Bake Creamy Tomato 450g,£2.50,(55.6p/100g),cupboard,sauce,2024-11-19
Ben's Original Lemon Chicken Sauce,£2.50,(55.6p/100g),cupboard,sauce,2024-11-19
Sharwood's 30% Less Fat Korma Curry Sauce,£2.50,(59.5p/100g),cupboard,sauce,2024-11-19
Dolmio Stir in Carbonara Pasta Sauce,£1.75,(£1.17/100g),cupboard,sauce,2024-11-19
Dolmio Tomato Sauce for Lasagne 675g,£3.00,(44.4p/100g),cupboard,sauce,2024-11-19
"Homepride Pasta Bake Tomato, Garlic & Chilli",£2.50,(51.5p/100g),cupboard,sauce,2024-11-19
Dolmio Sauce for Pasta Bake Carbonara 430g,£2.50,(58.1p/100g),cupboard,sauce,2024-11-19
Loyd Grossman Bolognese Original Pasta Sauce,£1.75,(50.0p/100g),cupboard,sauce,2024-11-19
Homepride Chilli Cooking Sauce,£2.50,(51.5p/100g),cupboard,sauce,2024-11-19
Patak's Jalfrezi Curry Sauce,£2.15,(47.8p/100g),cupboard,sauce,2024-11-19
Dolmio Stir in Sundried Tomato Pasta Sauce,£1.75,(£1.17/100g),cupboard,sauce,2024-11-19
Ben's Original Medium Chilli Con Carne Sauce,£2.50,(55.6p/100g),cupboard,sauce,2024-11-19
ASDA Extra Special Tomato & Grilled Pepper Stir-In Pasta Sauce,£1.75,(92.1p/100g),cupboard,sauce,2024-11-19
Loyd Grossman Tomato & Chilli Pasta Sauce,£1.75,(50.0p/100g),cupboard,sauce,2024-11-19
ASDA Reduced Fat Green Pesto,£1.30,(68.4p/100g),cupboard,sauce,2024-11-19
Dolmio Onion & Garlic Sauce for Bolognese 675g,£3.00,(44.4p/100g),cupboard,sauce,2024-11-19
Heinz Tomato Grana Padano & Mascarpone Pasta Sauce,£2.00,(57.1p/100g),cupboard,sauce,2024-11-19
Dolmio Creamy Sauce for Lasagne 655g,£3.00,(45.8p/100g),cupboard,sauce,2024-11-19
Loyd Grossman Tikka Masala Curry Sauce,£1.75,(50.0p/100g),cupboard,sauce,2024-11-19
Loyd Grossman Tomato & Smoked Bacon Pasta Sauce,£1.75,(50.0p/100g),cupboard,sauce,2024-11-19
Dolmio Chunky Mushroom Sauce for Bolognese 675g,£3.00,(44.4p/100g),cupboard,sauce,2024-11-19
Dolmio Sauce for Pasta Bake Tomato & Cheese 450g,£2.50,(55.6p/100g),cupboard,sauce,2024-11-19
Loyd Grossman Tomato Spinach and Ricotta Pasta Sauce,£1.75,(50.0p/100g),cupboard,sauce,2024-11-19
Filippo Berio Pasta Sauce Verdure Grigliate 340g,£2.00,(58.8p/100g),cupboard,sauce,2024-11-19
Filippo Berio Pasta Sauce Basilico 340g,£2.00,(58.8p/100g),cupboard,sauce,2024-11-19
Al Fez Moroccan Meatball Tagine Sauce,£2.00,(44.4p/100g),cupboard,sauce,2024-11-19
Ben's Original Sweet and Sour Sauce,£2.50,(55.6p/100g),cupboard,sauce,2024-11-19
Ben's Original Medium Chilli Con Carne Sauce,£2.50,(55.6p/100g),cupboard,sauce,2024-11-19
Ben's Original Sweet and Sour Original No Added Sugar Sauce,£2.50,(56.8p/100g),cupboard,sauce,2024-11-19
Ben's Original Lemon Chicken Sauce,£2.50,(55.6p/100g),cupboard,sauce,2024-11-19
Al Fez Moroccan Meatball Tagine Sauce,£2.00,(44.4p/100g),cupboard,sauce,2024-11-19
Ben's Original Sweet and Sour Sauce,£2.50,(55.6p/100g),cupboard,sauce,2024-11-19
Ben's Original Lemon Chicken Sauce,£2.50,(55.6p/100g),cupboard,sauce,2024-11-19
Ben's Original Sweet and Sour Original No Added Sugar Sauce,£2.50,(56.8p/100g),cupboard,sauce,2024-11-19
Sacla Classic Basil Pesto,£2.50,(£1.32/100g),cupboard,sauce,2024-11-19
Dolmio Low Fat Sauce for Bolognese 450g,£2.50,(55.6p/100g),cupboard,sauce,2024-11-19
Dolmio Intensify Fiery Sun-Ripened Tomato & Chilli Pasta Sauce,£2.50,(62.5p/100g),cupboard,sauce,2024-11-19
Heinz Tomato Sauce for Bolognese,£2.00,(57.1p/100g),cupboard,sauce,2024-11-19
Heinz Tomato & Chilli Pasta Sauce,£2.00,(57.1p/100g),cupboard,sauce,2024-11-19
Loyd Grossman Loyd Grossman No Added Sugar Bolognese Pasta Sauce,£1.75,(50.0p/100g),cupboard,sauce,2024-11-19
Patak's Balti Cooking Sauce,£2.15,(47.8p/100g),cupboard,sauce,2024-11-19
ASDA Extra Special Royal Tikka Makhani Curry Sauce,£2.50,(73.5p/100g),cupboard,sauce,2024-11-19
Dolmio Tomato & Basil Stir in Sauce,£1.75,(£1.17/100g),cupboard,sauce,2024-11-19
ASDA Extra Special Pesto Alla Genovese 190g,£2.20,(£1.16/100g),cupboard,sauce,2024-11-19
Filippo Berio Pasta Sauce Arrabbiata 340g,£2.00,(58.8p/100g),cupboard,sauce,2024-11-19
Patak's Bhuna Cooking Sauce,£2.15,(47.8p/100g),cupboard,sauce,2024-11-19
Loyd Grossman Bolognese Pasta Sauce,£3.75,(56.8p/100g),cupboard,sauce,2024-11-19
Heinz Tomato Pasta Sauce for Bolognese 490g,£2.00,(40.8p/100g),cupboard,sauce,2024-11-19
Dolmio Sauce for Bolognese Chunky Mushroom 450g,£2.50,(55.6p/100g),cupboard,sauce,2024-11-19
Filippo Berio Classic Pesto 190g,£2.80,(£1.47/100g),cupboard,sauce,2024-11-19
Dolmio Smooth Tomato Sauce for Bolognese 675g,£3.00,(44.4p/100g),cupboard,sauce,2024-11-19
Loyd Grossman Tomato & Basil Pasta Sauce,£3.75,(56.8p/100g),cupboard,sauce,2024-11-19
Sacla Sun-Dried Tomato Pesto,£2.50,(£1.32/100g),cupboard,sauce,2024-11-19
Dolmio Sweet Pepper Stir in Sauce,£1.75,(£1.17/100g),cupboard,sauce,2024-11-19
ASDA Extra Special Chilli and Tomato Pasta Sauce,£1.85,(54.4p/100g),cupboard,sauce,2024-11-19
Heinz Sundried Cherry Tomato & Basil Pasta Sauce,£2.00,(57.1p/100g),cupboard,sauce,2024-11-19
ASDA Extra Special Tomato & Mascarpone Stir-In Sauce 190g,£1.75,(92.1p/100g),cupboard,sauce,2024-11-19
Sharwood's Bhuna Medium Curry Sauce,£2.50,(59.5p/100g),cupboard,sauce,2024-11-19
Homepride Pasta Bake Sauce Tomato & Herb 485g,£2.50,(51.5p/100g),cupboard,sauce,2024-11-19
Mutti Simply Sugo Basil Pasta Sauce,£3.00,(75.0p/100g),cupboard,sauce,2024-11-19
Sharwood's Rogan Josh Medium Curry Sauce,£2.50,(59.5p/100g),cupboard,sauce,2024-11-19
Homepride Pasta Bake Carbonara 485g,£2.50,(51.5p/100g),cupboard,sauce,2024-11-19
Loyd Grossman No Added Sugar Tomato & Basil,£1.75,(50.0p/100g),cupboard,sauce,2024-11-19
Filippo Berio Sun-Dried Tomato Pesto 190g,£2.80,(£1.47/100g),cupboard,sauce,2024-11-19
ASDA Extra Special Bolognese Sauce,£1.85,(54.4p/100g),cupboard,sauce,2024-11-19
Loyd Grossman Balti Curry Sauce,£1.75,(50.0p/100g),cupboard,sauce,2024-11-19
Dolmio Stir In Pasta Sauce Smoked Bacon & Tomato,£1.75,(£1.17/100g),cupboard,sauce,2024-11-19
"Dolmio Intensify Spicy Red Pepper, Smoked Paprika & Chilli Pasta Sauce",£2.50,(62.5p/100g),cupboard,sauce,2024-11-19
Homepride Classic Curry Cooking Sauce,£2.50,(62.5p/100g),cupboard,sauce,2024-11-19
ASDA Extra Special Sun-Dried Tomato Pesto 190g,£2.20,(£1.16/100g),cupboard,sauce,2024-11-19
Mutti Simply Sugo Chilli Pasta Sauce,£3.00,(75.0p/100g),cupboard,sauce,2024-11-19
Sharwood's Balti Medium Curry Sauce,£2.50,(59.5p/100g),cupboard,sauce,2024-11-19
Loyd Grossman Tomato & Basil Pasta Sauce,£1.75,(50.0p/100g),cupboard,sauce,2024-11-19
Dolmio Sauce for Bolognese Spicy Chilli 450g,£2.50,(55.6p/100g),cupboard,sauce,2024-11-19
Heinz Sundried Cherry Tomato & Basil,£2.00,(40.8p/100g),cupboard,sauce,2024-11-19
Sacla Fiery Chilli Pesto,£2.50,(£1.32/100g),cupboard,sauce,2024-11-19
Old El Paso Mexican Cooking Sauce for Fajitas Smoky BBQ,£2.05,(60.3p/100g),cupboard,sauce,2024-11-19
ASDA Mild Chilli Cooking Sauce 500g,£0.99,(19.6p/100g),cupboard,sauce,2024-11-19
Chicken Tonight Honey & Dijon Mustard Cooking Sauce,£1.75,(35.0p/100g),cupboard,sauce,2024-11-19
ASDA Hunter's Chicken Cooking Sauce 510g,£1.20,(23.5p/100g),cupboard,sauce,2024-11-19
ASDA Memphis Style BBQ Cooking Sauce 525g,£1.20,(22.9p/100g),cupboard,sauce,2024-11-19
ASDA Fajita Cooking Sauce 500g,£0.99,(19.6p/100g),cupboard,sauce,2024-11-19
ASDA Creamy Mushroom Cooking Sauce 480g,£1.20,(25.0p/100g),cupboard,sauce,2024-11-19
Chicken Tonight Rich & Creamy Mushroom Cooking Sauce,£1.75,(35.0p/100g),cupboard,sauce,2024-11-19
Chicken Tonight Spanish Chicken Cooking Sauce,£1.75,(35.0p/100g),cupboard,sauce,2024-11-19
ASDA Chow Mein Stir-Fry Sauce,£0.65,(54.2p/100g),cupboard,sauce,2024-11-19
JUST ESSENTIALS by ASDA Cheese & Broccoli Pasta & Sauce,£0.50,(£4.55/kg),cupboard,sauce,2024-11-19
JUST ESSENTIALS by ASDA Casserole Sauce,£1.10,(22.0p/100g),cupboard,sauce,2024-11-19
ASDA Sweet & Sour Stir-Fry Sauce 120g,£0.65,(54.2p/100g),cupboard,sauce,2024-11-19
ASDA Hot Chilli Cooking Sauce 500g,£0.99,(19.6p/100g),cupboard,sauce,2024-11-19
Al Fez Moroccan Meatball Tagine Sauce,£2.00,(44.4p/100g),cupboard,sauce,2024-11-19
Ben's Original Sweet and Sour Sauce,£2.50,(55.6p/100g),cupboard,sauce,2024-11-19
Ben's Original Lemon Chicken Sauce,£2.50,(55.6p/100g),cupboard,sauce,2024-11-19
Ben's Original Medium Chilli Con Carne Sauce,£2.50,(55.6p/100g),cupboard,sauce,2024-11-19
Ben's Original Sweet and Sour Original No Added Sugar Sauce,£2.50,(56.8p/100g),cupboard,sauce,2024-11-19
Al Fez Moroccan Meatball Tagine Sauce,£2.00,(44.4p/100g),cupboard,sauce,2024-11-19
Ben's Original Sweet and Sour Sauce,£2.50,(55.6p/100g),cupboard,sauce,2024-11-19
Ben's Original Lemon Chicken Sauce,£2.50,(55.6p/100g),cupboard,sauce,2024-11-19
Blue Dragon Teriyaki Stir Fry Sauce,£0.95,(79.2p/100g),cupboard,sauce,2024-11-19
ASDA Ricotta & Red Pepper Pesto,£0.99,(52.1p/100g),cupboard,sauce,2024-11-19
ASDA Sweet Chilli & Garlic Stir-Fry Sauce 120g,£0.65,(54.2p/100g),cupboard,sauce,2024-11-19
Homepride Sausage Casserole Oven Bake,£2.50,(51.5p/100g),cupboard,sauce,2024-11-19
YO! Katsu Curry Sauce,£1.20,(£1.20/100g),cupboard,sauce,2024-11-19
Sharwood's Sweet & Sour Cooking Sauce,£1.75,(41.2p/100g),cupboard,sauce,2024-11-19
Loyd Grossman Tomato & Sweet Red Pepper Pasta Sauce,£1.75,(50.0p/100g),cupboard,sauce,2024-11-19
Loyd Grossman No Added Sugar Pizza Sauce,£1.75,(50.0p/100g),cupboard,sauce,2024-11-19
Sharwood's Madras Hot Curry Sauce,£2.50,(59.5p/100g),cupboard,sauce,2024-11-19
Sharwood's Chinese Medium Curry Cooking Sauce,£1.75,(41.2p/100g),cupboard,sauce,2024-11-19
Filippo Berio Hot Chilli Pesto 190g,£2.80,(£1.47/100g),cupboard,sauce,2024-11-19
Blue Dragon Korean BBQ Stir Fry Sauce,£0.95,(79.2p/100g),cupboard,sauce,2024-11-19
ASDA Free From White Lasagne Pasta Sauce,£1.30,(26.5p/100g),cupboard,sauce,2024-11-19
Dolmio Lasagne Meal Bundle For 4,£11.85,null,cupboard,sauce,2024-11-19
Loyd Grossman Tomato & Red Wine Pasta Sauce,£1.75,(50.0p/100g),cupboard,sauce,2024-11-19
Homepride Shepherd's Pie Cooking Sauce,£2.50,(51.5p/100g),cupboard,sauce,2024-11-19
Sacla Vegan Basil Pesto,£2.50,(£1.32/100g),cupboard,sauce,2024-11-19
Loyd Grossman No Added Sugar White Lasagne Sauce,£1.75,(39.8p/100g),cupboard,sauce,2024-11-19
"YO! Soy, Ginger & Garlic Yakisoba Stir Fry",£1.20,(£1.20/100g),cupboard,sauce,2024-11-19
YO! Sweet & Sticky Teriyaki,£1.20,(£1.20/100g),cupboard,sauce,2024-11-19
Sharwood's Tikka Masala Reduced Fat Curry Sauce,£2.50,(59.5p/100g),cupboard,sauce,2024-11-19
Sharwood's East Asian Japanese Katsu 415g,£1.75,(42.2p/100g),cupboard,sauce,2024-11-19
Blue Dragon Black Bean Stir Fry Sauce,£0.95,(79.2p/100g),cupboard,sauce,2024-11-19
Capsicana Mexican Fajita Chilli & Honey Cooking Paste 60g,£1.20,(£2.00/100g),cupboard,sauce,2024-11-19
ASDA Free From Tikka Masala Curry Sauce,£1.30,(26.0p/100g),cupboard,sauce,2024-11-19
Wagamama Korean Style BBQ Stir Fry Sauce 120g,£1.00,(83.3p/100g),cupboard,sauce,2024-11-19
Patak's The Original Curry Creations Korma Sauce 160g,£4.00,(£2.50/100g),cupboard,sauce,2024-11-19
BOSH! Ultimate Cheeze Sauce 270g,£2.75,(£1.02/100g),cupboard,sauce,2024-11-19
Dolmio Sauce for Lasagne Light Creamy 440g,£2.50,(56.8p/100g),cupboard,sauce,2024-11-19
Chicken Pesto Pasta Bundle,£6.15,null,cupboard,sauce,2024-11-19
Blue Dragon Oyster & Spring Onion Stir Fry Sauce,£0.95,(79.2p/100g),cupboard,sauce,2024-11-19
Sharwood's Jalfrezi Hot Curry Cooking Sauce,£2.50,(59.5p/100g),cupboard,sauce,2024-11-19
Patak's The Original Curry Creations Tikka Masala Sauce 160g,£4.00,(£2.50/100g),cupboard,sauce,2024-11-19
Sharwood's Curry Paste Tikka Masala 280g,£2.95,(£1.05/100g),cupboard,sauce,2024-11-19
Sharwood's Reduced Sugar Sweet & Sour Cooking Sauce,£1.75,(41.2p/100g),cupboard,sauce,2024-11-19
Midweek Creamy Pasta Meal for 3-4 People,£3.19,null,cupboard,sauce,2024-11-19
Ben's Original Lemon Chicken with Egg Fried Rice Meal Bundle For 4,£9.75,null,cupboard,sauce,2024-11-19
Patak's The Original Rogan Josh Cooking Sauce,£2.15,(47.8p/100g),cupboard,sauce,2024-11-19
Wagamama Firecracker Stir Fry Sauce 120g,£1.00,(83.3p/100g),cupboard,sauce,2024-11-19
Loyd Grossman No Added Sugar Red Lasagne Sauce,£1.75,(38.9p/100g),cupboard,sauce,2024-11-19
Sharwood's Tikka Masala Extra Creamy Curry Sauce,£2.50,(59.5p/100g),cupboard,sauce,2024-11-19
ASDA Extra Special Punjabi Style Dopiaza Curry Sauce,£2.50,(73.5p/100g),cupboard,sauce,2024-11-19
Dolmio Lasagne Duo Meal Bundle For 4,£5.00,null,cupboard,sauce,2024-11-19
Sharwood's Curry Paste Korma 280g,£2.95,(£1.05/100g),cupboard,sauce,2024-11-19
Meatballs Meal Bundle for 4,£6.55,null,cupboard,sauce,2024-11-19
Blue Dragon Chow Mein Stir Fry Sauce,£0.95,(79.2p/100g),cupboard,sauce,2024-11-19
Loyd Grossman No Added Sugar Tomato & Chilli Pasta Sauce,£1.75,(50.0p/100g),cupboard,sauce,2024-11-19
Filippo Berio Truffle Pesto 190g,£4.50,(£2.37/100g),cupboard,sauce,2024-11-19
Al Fez Smoky Harissa Tagine Sauce,£2.00,(44.4p/100g),cupboard,sauce,2024-11-19
Al Fez Apricot & Coriander Tagine Sauce,£2.00,(44.4p/100g),cupboard,sauce,2024-11-19
Lee Kum Kee Kee Honey & Soy Stir-Fry Sauce 70g,£0.95,(£1.36/100g),cupboard,sauce,2024-11-19
Lee Kum Kee Kee Sichuan Style Hot & Spicy Stir-Fry Sauce 190g,£2.20,(£1.16/100g),cupboard,sauce,2024-11-19
Sacla Pesto Stock Up Bundle,£7.50,null,cupboard,sauce,2024-11-19
ASDA Free From Hoisin Stir Fry Sauce 120g,£0.60,(50.0p/100g),cupboard,sauce,2024-11-19
ASDA Free From Chow Mein Stir-Fry Sauce 120g,£0.60,(50.0p/100g),cupboard,sauce,2024-11-19
Patak's Vindaloo Curry Sauce,£2.15,(47.8p/100g),cupboard,sauce,2024-11-19
ASDA Free From Bolognese Pasta Sauce,£1.30,(26.0p/100g),cupboard,sauce,2024-11-19
Al Fez Moroccan Meatball Tagine Sauce,£2.00,(44.4p/100g),cupboard,sauce,2024-11-19
Ben's Original Sweet and Sour Sauce,£2.50,(55.6p/100g),cupboard,sauce,2024-11-19
Ben's Original Lemon Chicken Sauce,£2.50,(55.6p/100g),cupboard,sauce,2024-11-19
Ben's Original Medium Chilli Con Carne Sauce,£2.50,(55.6p/100g),cupboard,sauce,2024-11-19
Ben's Original Sweet and Sour Original No Added Sugar Sauce,£2.50,(56.8p/100g),cupboard,sauce,2024-11-19
Al Fez Moroccan Meatball Tagine Sauce,£2.00,(44.4p/100g),cupboard,sauce,2024-11-19
Ben's Original Sweet and Sour Sauce,£2.50,(55.6p/100g),cupboard,sauce,2024-11-19
Ben's Original Lemon Chicken Sauce,£2.50,(55.6p/100g),cupboard,sauce,2024-11-19
Sharwood's Curry Paste Korma 280g,£2.95,(£1.05/100g),cupboard,sauce,2024-11-19
Meatballs Meal Bundle for 4,£6.55,null,cupboard,sauce,2024-11-19
Loyd Grossman No Added Sugar Tomato & Chilli Pasta Sauce,£1.75,(50.0p/100g),cupboard,sauce,2024-11-19
Blue Dragon Chow Mein Stir Fry Sauce,£0.95,(79.2p/100g),cupboard,sauce,2024-11-19
Loyd Grossman Tomato & Red Wine Pasta Sauce,£1.75,(50.0p/100g),cupboard,sauce,2024-11-19
Sacla Vegan Basil Pesto,£2.50,(£1.32/100g),cupboard,sauce,2024-11-19
YO! Sweet & Sticky Teriyaki,£1.20,(£1.20/100g),cupboard,sauce,2024-11-19
Filippo Berio Truffle Pesto 190g,£4.50,(£2.37/100g),cupboard,sauce,2024-11-19
Al Fez Smoky Harissa Tagine Sauce,£2.00,(44.4p/100g),cupboard,sauce,2024-11-19
Al Fez Apricot & Coriander Tagine Sauce,£2.00,(44.4p/100g),cupboard,sauce,2024-11-19
Homepride Hunter's Chicken Cooking Sauce,£2.50,(51.5p/100g),cupboard,sauce,2024-11-19
ASDA Free From Red Pesto,£1.10,(57.9p/100g),cupboard,sauce,2024-11-19
Pesto & Spaghetti Bundle,£3.50,null,cupboard,sauce,2024-11-19
Homepride Curry Cooking Sauce,£2.50,(51.5p/100g),cupboard,sauce,2024-11-19
ASDA Extra Special Special Fiery Goan Style Curry Cooking Sauce,£2.50,(73.5p/100g),cupboard,sauce,2024-11-19
Sharwood's East Asian Thai Red Curry 415g,£1.75,(42.2p/100g),cupboard,sauce,2024-11-19
Sharwood's Kung Po Medium Cooking Sauce,£1.75,(41.2p/100g),cupboard,sauce,2024-11-19
Wagamama Pad Thai Stir Fry Sauce 120g,£1.00,(83.3p/100g),cupboard,sauce,2024-11-19
Lee Kum Kee Kee Kung Pao Chicken Stir-Fry Sauce 60g,£0.95,(£1.58/100g),cupboard,sauce,2024-11-19
Blue Dragon Sweet Chilli & Garlic Stir Fry Sauce,£0.95,(79.2p/100g),cupboard,sauce,2024-11-19
ASDA Bolognese Pasta Sauce,£0.69,(13.9p/100g),cupboard,sauce,2024-11-19
ASDA Creamy Tomato Pasta Bake 500g,£0.69,(13.8p/100g),cupboard,sauce,2024-11-19
ASDA Chunky Veg & Tomato Pasta Sauce 500g,£0.69,(13.8p/100g),cupboard,sauce,2024-11-19
ASDA Tomato & Basil Sauce for Meatballs 500g,£0.69,(13.8p/100g),cupboard,sauce,2024-11-19
ASDA Tomato & Pepperoni Pasta Bake 500g,£0.69,(13.8p/100g),cupboard,sauce,2024-11-19
ASDA Cheesy Pasta Bake 475g,£0.69,(14.5p/100g),cupboard,sauce,2024-11-19
JUST ESSENTIALS by ASDA Mild Curry Sauce,£0.45,(10.2p/100g),cupboard,sauce,2024-11-19
ASDA Tomato & Mushroom Pasta Sauce 500g,£0.69,(13.9p/100g),cupboard,sauce,2024-11-19
ASDA Free From Korma Curry Sauce,£1.30,(26.0p/100g),cupboard,sauce,2024-11-19
ASDA Free From Tomato & Herb Pasta Bake Sauce,£1.30,(26.0p/100g),cupboard,sauce,2024-11-19
ASDA Smooth Bolognese Pasta Sauce 500g,£0.69,(13.8p/100g),cupboard,sauce,2024-11-19
ASDA Asda Tomato & Garlic Pasta Sauce 500g,£0.69,(13.8p/100g),cupboard,sauce,2024-11-19
ASDA Spicy Tomato Pasta Sauce 500g,£0.69,(13.8p/100g),cupboard,sauce,2024-11-19
Al Fez Moroccan Meatball Tagine Sauce,£2.00,(44.4p/100g),cupboard,sauce,2024-11-19
Ben's Original Sweet and Sour Sauce,£2.50,(55.6p/100g),cupboard,sauce,2024-11-19
Ben's Original Lemon Chicken Sauce,£2.50,(55.6p/100g),cupboard,sauce,2024-11-19
Ben's Original Medium Chilli Con Carne Sauce,£2.50,(55.6p/100g),cupboard,sauce,2024-11-19
Ben's Original Sweet and Sour Original No Added Sugar Sauce,£2.50,(56.8p/100g),cupboard,sauce,2024-11-19
Al Fez Moroccan Meatball Tagine Sauce,£2.00,(44.4p/100g),cupboard,sauce,2024-11-19
Ben's Original Sweet and Sour Sauce,£2.50,(55.6p/100g),cupboard,sauce,2024-11-19
Ben's Original Sweet and Sour Original No Added Sugar Sauce,£2.50,(56.8p/100g),cupboard,sauce,2024-11-19
ASDA White Lasagne Sauce 480g,£0.71,(14.8p/100g),cupboard,sauce,2024-11-19
ASDA Chinese Style Curry Cooking Sauce 500g,£1.10,(22.0p/100g),cupboard,sauce,2024-11-19
ASDA Tikka Masala Curry Sauce,£0.99,(19.4p/100g),cupboard,sauce,2024-11-19
ASDA Sweet & Sour Cooking Sauce 500g,£1.20,(24.0p/100g),cupboard,sauce,2024-11-19
Dolmio Original Sauce for Bolognese 450g,£2.50,(55.6p/100g),cupboard,sauce,2024-11-19
Homepride Pasta Bake Creamy Tomato & Cheddar 485g,£2.50,(51.5p/100g),cupboard,sauce,2024-11-19
JUST ESSENTIALS by ASDA Sweet & Sour Cooking Sauce,£0.87,(19.8p/100g),cupboard,sauce,2024-11-19
ASDA Green Pesto,£0.99,(52.1p/100g),cupboard,sauce,2024-11-19
ASDA Tomato & Basil Stir-In Sauce 190g,£1.20,(63.2p/100g),cupboard,sauce,2024-11-19
ASDA Balti Cooking Sauce 500g,£0.99,(19.8p/100g),cupboard,sauce,2024-11-19
Patak's Korma Curry Sauce,£2.15,(47.8p/100g),cupboard,sauce,2024-11-19
ASDA Extra Special Mascarpone & Tomato Pasta Sauce,£1.85,(54.4p/100g),cupboard,sauce,2024-11-19
Dolmio Smooth Tomato Sauce for Bolognese 450g,£2.50,(55.6p/100g),cupboard,sauce,2024-11-19
Homepride Pasta Bake Sauce Tomato & Bacon,£2.50,(51.5p/100g),cupboard,sauce,2024-11-19
Homepride Pasta Bake Cheese & Bacon,£2.50,(51.5p/100g),cupboard,sauce,2024-11-19
Dolmio Bolognese Onion & Garlic Sauce for Bolognese 450g,£2.50,(55.6p/100g),cupboard,sauce,2024-11-19
Sharwood's Butter Chicken Mild Curry Cooking Sauce,£2.50,(59.5p/100g),cupboard,sauce,2024-11-19
ASDA Red Pesto,£0.99,(52.1p/100g),cupboard,sauce,2024-11-19
Dolmio Original Sauce for Bolognese 675g,£3.00,(44.4p/100g),cupboard,sauce,2024-11-19
Patak's Butter Chicken Curry Sauce,£2.15,(47.8p/100g),cupboard,sauce,2024-11-19
ASDA Madras Curry Sauce,£0.99,(19.8p/100g),cupboard,sauce,2024-11-19
Homepride Pasta Bake Sauce Creamy Tomato and Herb,£2.50,(51.5p/100g),cupboard,sauce,2024-11-19
Dolmio Tomato Sauce for Lasagne 450g,£2.50,(55.6p/100g),cupboard,sauce,2024-11-19
Sharwood's Korma Mild Curry Cooking Sauce,£2.50,(59.5p/100g),cupboard,sauce,2024-11-19
Dolmio Creamy Sauce for Lasagne 440g,£2.50,(56.8p/100g),cupboard,sauce,2024-11-19
ASDA Extra Special Carbonara Sauce,£1.85,(54.4p/100g),cupboard,sauce,2024-11-19
Loyd Grossman Korma Curry Sauce,£1.75,(50.0p/100g),cupboard,sauce,2024-11-19
Loyd Grossman Tomato & Roasted Garlic Pasta Sauce,£1.75,(50.0p/100g),cupboard,sauce,2024-11-19
Dolmio Tomato & Basil Sauce for Meatballs 450g,£2.50,(55.6p/100g),cupboard,sauce,2024-11-19
Dolmio Intensify Mild Creamy Garlic & Black Pepper Pasta Sauce,£2.50,(63.9p/100g),cupboard,sauce,2024-11-19
Patak's Tikka Masala Curry Sauce,£2.15,(47.8p/100g),cupboard,sauce,2024-11-19
Sharwood's Tikka Masala Medium Curry Cooking Sauce,£2.50,(59.5p/100g),cupboard,sauce,2024-11-19
Dolmio Sauce for Pasta Bake Creamy Tomato 450g,£2.50,(55.6p/100g),cupboard,sauce,2024-11-19
Ben's Original Lemon Chicken Sauce,£2.50,(55.6p/100g),cupboard,sauce,2024-11-19
Sharwood's 30% Less Fat Korma Curry Sauce,£2.50,(59.5p/100g),cupboard,sauce,2024-11-19
Dolmio Stir in Carbonara Pasta Sauce,£1.75,(£1.17/100g),cupboard,sauce,2024-11-19
Dolmio Tomato Sauce for Lasagne 675g,£3.00,(44.4p/100g),cupboard,sauce,2024-11-19
"Homepride Pasta Bake Tomato, Garlic & Chilli",£2.50,(51.5p/100g),cupboard,sauce,2024-11-19
Dolmio Sauce for Pasta Bake Carbonara 430g,£2.50,(58.1p/100g),cupboard,sauce,2024-11-19
Loyd Grossman Bolognese Original Pasta Sauce,£1.75,(50.0p/100g),cupboard,sauce,2024-11-19
Homepride Chilli Cooking Sauce,£2.50,(51.5p/100g),cupboard,sauce,2024-11-19
Patak's Jalfrezi Curry Sauce,£2.15,(47.8p/100g),cupboard,sauce,2024-11-19
Dolmio Stir in Sundried Tomato Pasta Sauce,£1.75,(£1.17/100g),cupboard,sauce,2024-11-19
Ben's Original Medium Chilli Con Carne Sauce,£2.50,(55.6p/100g),cupboard,sauce,2024-11-19
ASDA Extra Special Tomato & Grilled Pepper Stir-In Pasta Sauce,£1.75,(92.1p/100g),cupboard,sauce,2024-11-19
Loyd Grossman Tomato & Chilli Pasta Sauce,£1.75,(50.0p/100g),cupboard,sauce,2024-11-19
ASDA Reduced Fat Green Pesto,£1.30,(68.4p/100g),cupboard,sauce,2024-11-19
Dolmio Onion & Garlic Sauce for Bolognese 675g,£3.00,(44.4p/100g),cupboard,sauce,2024-11-19
Heinz Tomato Grana Padano & Mascarpone Pasta Sauce,£2.00,(57.1p/100g),cupboard,sauce,2024-11-19
Dolmio Creamy Sauce for Lasagne 655g,£3.00,(45.8p/100g),cupboard,sauce,2024-11-19
Loyd Grossman Tikka Masala Curry Sauce,£1.75,(50.0p/100g),cupboard,sauce,2024-11-19
Loyd Grossman Tomato & Smoked Bacon Pasta Sauce,£1.75,(50.0p/100g),cupboard,sauce,2024-11-19
Dolmio Chunky Mushroom Sauce for Bolognese 675g,£3.00,(44.4p/100g),cupboard,sauce,2024-11-19
Dolmio Sauce for Pasta Bake Tomato & Cheese 450g,£2.50,(55.6p/100g),cupboard,sauce,2024-11-19
Loyd Grossman Tomato Spinach and Ricotta Pasta Sauce,£1.75,(50.0p/100g),cupboard,sauce,2024-11-19
Filippo Berio Pasta Sauce Verdure Grigliate 340g,£2.00,(58.8p/100g),cupboard,sauce,2024-11-19
Filippo Berio Pasta Sauce Basilico 340g,£2.00,(58.8p/100g),cupboard,sauce,2024-11-19
Al Fez Moroccan Meatball Tagine Sauce,£2.00,(44.4p/100g),cupboard,sauce,2024-11-19
Ben's Original Sweet and Sour Sauce,£2.50,(55.6p/100g),cupboard,sauce,2024-11-19
Ben's Original Medium Chilli Con Carne Sauce,£2.50,(55.6p/100g),cupboard,sauce,2024-11-19
Ben's Original Sweet and Sour Original No Added Sugar Sauce,£2.50,(56.8p/100g),cupboard,sauce,2024-11-19
Ben's Original Lemon Chicken Sauce,£2.50,(55.6p/100g),cupboard,sauce,2024-11-19
Al Fez Moroccan Meatball Tagine Sauce,£2.00,(44.4p/100g),cupboard,sauce,2024-11-19
Ben's Original Sweet and Sour Sauce,£2.50,(55.6p/100g),cupboard,sauce,2024-11-19
Ben's Original Lemon Chicken Sauce,£2.50,(55.6p/100g),cupboard,sauce,2024-11-19
Ben's Original Sweet and Sour Original No Added Sugar Sauce,£2.50,(56.8p/100g),cupboard,sauce,2024-11-19
Sacla Classic Basil Pesto,£2.50,(£1.32/100g),cupboard,sauce,2024-11-19
Dolmio Low Fat Sauce for Bolognese 450g,£2.50,(55.6p/100g),cupboard,sauce,2024-11-19
Dolmio Intensify Fiery Sun-Ripened Tomato & Chilli Pasta Sauce,£2.50,(62.5p/100g),cupboard,sauce,2024-11-19
Heinz Tomato Sauce for Bolognese,£2.00,(57.1p/100g),cupboard,sauce,2024-11-19
Heinz Tomato & Chilli Pasta Sauce,£2.00,(57.1p/100g),cupboard,sauce,2024-11-19
Loyd Grossman Loyd Grossman No Added Sugar Bolognese Pasta Sauce,£1.75,(50.0p/100g),cupboard,sauce,2024-11-19
Patak's Balti Cooking Sauce,£2.15,(47.8p/100g),cupboard,sauce,2024-11-19
ASDA Extra Special Royal Tikka Makhani Curry Sauce,£2.50,(73.5p/100g),cupboard,sauce,2024-11-19
Dolmio Tomato & Basil Stir in Sauce,£1.75,(£1.17/100g),cupboard,sauce,2024-11-19
ASDA Extra Special Pesto Alla Genovese 190g,£2.20,(£1.16/100g),cupboard,sauce,2024-11-19
Filippo Berio Pasta Sauce Arrabbiata 340g,£2.00,(58.8p/100g),cupboard,sauce,2024-11-19
Patak's Bhuna Cooking Sauce,£2.15,(47.8p/100g),cupboard,sauce,2024-11-19
Loyd Grossman Bolognese Pasta Sauce,£3.75,(56.8p/100g),cupboard,sauce,2024-11-19
Heinz Tomato Pasta Sauce for Bolognese 490g,£2.00,(40.8p/100g),cupboard,sauce,2024-11-19
Dolmio Sauce for Bolognese Chunky Mushroom 450g,£2.50,(55.6p/100g),cupboard,sauce,2024-11-19
Filippo Berio Classic Pesto 190g,£2.80,(£1.47/100g),cupboard,sauce,2024-11-19
Dolmio Smooth Tomato Sauce for Bolognese 675g,£3.00,(44.4p/100g),cupboard,sauce,2024-11-19
Loyd Grossman Tomato & Basil Pasta Sauce,£3.75,(56.8p/100g),cupboard,sauce,2024-11-19
Sacla Sun-Dried Tomato Pesto,£2.50,(£1.32/100g),cupboard,sauce,2024-11-19
Dolmio Sweet Pepper Stir in Sauce,£1.75,(£1.17/100g),cupboard,sauce,2024-11-19
ASDA Extra Special Chilli and Tomato Pasta Sauce,£1.85,(54.4p/100g),cupboard,sauce,2024-11-19
Heinz Sundried Cherry Tomato & Basil Pasta Sauce,£2.00,(57.1p/100g),cupboard,sauce,2024-11-19
ASDA Extra Special Tomato & Mascarpone Stir-In Sauce 190g,£1.75,(92.1p/100g),cupboard,sauce,2024-11-19
Sharwood's Bhuna Medium Curry Sauce,£2.50,(59.5p/100g),cupboard,sauce,2024-11-19
Homepride Pasta Bake Sauce Tomato & Herb 485g,£2.50,(51.5p/100g),cupboard,sauce,2024-11-19
Mutti Simply Sugo Basil Pasta Sauce,£3.00,(75.0p/100g),cupboard,sauce,2024-11-19
Sharwood's Rogan Josh Medium Curry Sauce,£2.50,(59.5p/100g),cupboard,sauce,2024-11-19
Homepride Pasta Bake Carbonara 485g,£2.50,(51.5p/100g),cupboard,sauce,2024-11-19
Loyd Grossman No Added Sugar Tomato & Basil,£1.75,(50.0p/100g),cupboard,sauce,2024-11-19
Filippo Berio Sun-Dried Tomato Pesto 190g,£2.80,(£1.47/100g),cupboard,sauce,2024-11-19
ASDA Extra Special Bolognese Sauce,£1.85,(54.4p/100g),cupboard,sauce,2024-11-19
Loyd Grossman Balti Curry Sauce,£1.75,(50.0p/100g),cupboard,sauce,2024-11-19
Dolmio Stir In Pasta Sauce Smoked Bacon & Tomato,£1.75,(£1.17/100g),cupboard,sauce,2024-11-19
"Dolmio Intensify Spicy Red Pepper, Smoked Paprika & Chilli Pasta Sauce",£2.50,(62.5p/100g),cupboard,sauce,2024-11-19
Homepride Classic Curry Cooking Sauce,£2.50,(62.5p/100g),cupboard,sauce,2024-11-19
ASDA Extra Special Sun-Dried Tomato Pesto 190g,£2.20,(£1.16/100g),cupboard,sauce,2024-11-19
Mutti Simply Sugo Chilli Pasta Sauce,£3.00,(75.0p/100g),cupboard,sauce,2024-11-19
Sharwood's Balti Medium Curry Sauce,£2.50,(59.5p/100g),cupboard,sauce,2024-11-19
Loyd Grossman Tomato & Basil Pasta Sauce,£1.75,(50.0p/100g),cupboard,sauce,2024-11-19
Dolmio Sauce for Bolognese Spicy Chilli 450g,£2.50,(55.6p/100g),cupboard,sauce,2024-11-19
Heinz Sundried Cherry Tomato & Basil,£2.00,(40.8p/100g),cupboard,sauce,2024-11-19
Sacla Fiery Chilli Pesto,£2.50,(£1.32/100g),cupboard,sauce,2024-11-19
Old El Paso Mexican Cooking Sauce for Fajitas Smoky BBQ,£2.05,(60.3p/100g),cupboard,sauce,2024-11-19
ASDA Mild Chilli Cooking Sauce 500g,£0.99,(19.6p/100g),cupboard,sauce,2024-11-19
Chicken Tonight Honey & Dijon Mustard Cooking Sauce,£1.75,(35.0p/100g),cupboard,sauce,2024-11-19
ASDA Hunter's Chicken Cooking Sauce 510g,£1.20,(23.5p/100g),cupboard,sauce,2024-11-19
ASDA Memphis Style BBQ Cooking Sauce 525g,£1.20,(22.9p/100g),cupboard,sauce,2024-11-19
ASDA Fajita Cooking Sauce 500g,£0.99,(19.6p/100g),cupboard,sauce,2024-11-19
ASDA Creamy Mushroom Cooking Sauce 480g,£1.20,(25.0p/100g),cupboard,sauce,2024-11-19
Chicken Tonight Rich & Creamy Mushroom Cooking Sauce,£1.75,(35.0p/100g),cupboard,sauce,2024-11-19
Chicken Tonight Spanish Chicken Cooking Sauce,£1.75,(35.0p/100g),cupboard,sauce,2024-11-19
ASDA Chow Mein Stir-Fry Sauce,£0.65,(54.2p/100g),cupboard,sauce,2024-11-19
JUST ESSENTIALS by ASDA Cheese & Broccoli Pasta & Sauce,£0.50,(£4.55/kg),cupboard,sauce,2024-11-19
JUST ESSENTIALS by ASDA Casserole Sauce,£1.10,(22.0p/100g),cupboard,sauce,2024-11-19
ASDA Sweet & Sour Stir-Fry Sauce 120g,£0.65,(54.2p/100g),cupboard,sauce,2024-11-19
ASDA Hot Chilli Cooking Sauce 500g,£0.99,(19.6p/100g),cupboard,sauce,2024-11-19
Al Fez Moroccan Meatball Tagine Sauce,£2.00,(44.4p/100g),cupboard,sauce,2024-11-19
Ben's Original Sweet and Sour Sauce,£2.50,(55.6p/100g),cupboard,sauce,2024-11-19
Ben's Original Lemon Chicken Sauce,£2.50,(55.6p/100g),cupboard,sauce,2024-11-19
Ben's Original Medium Chilli Con Carne Sauce,£2.50,(55.6p/100g),cupboard,sauce,2024-11-19
Ben's Original Sweet and Sour Original No Added Sugar Sauce,£2.50,(56.8p/100g),cupboard,sauce,2024-11-19
Al Fez Moroccan Meatball Tagine Sauce,£2.00,(44.4p/100g),cupboard,sauce,2024-11-19
Ben's Original Sweet and Sour Sauce,£2.50,(55.6p/100g),cupboard,sauce,2024-11-19
Ben's Original Lemon Chicken Sauce,£2.50,(55.6p/100g),cupboard,sauce,2024-11-19
Blue Dragon Teriyaki Stir Fry Sauce,£0.95,(79.2p/100g),cupboard,sauce,2024-11-19
ASDA Ricotta & Red Pepper Pesto,£0.99,(52.1p/100g),cupboard,sauce,2024-11-19
ASDA Sweet Chilli & Garlic Stir-Fry Sauce 120g,£0.65,(54.2p/100g),cupboard,sauce,2024-11-19
Homepride Sausage Casserole Oven Bake,£2.50,(51.5p/100g),cupboard,sauce,2024-11-19
YO! Katsu Curry Sauce,£1.20,(£1.20/100g),cupboard,sauce,2024-11-19
Sharwood's Sweet & Sour Cooking Sauce,£1.75,(41.2p/100g),cupboard,sauce,2024-11-19
Loyd Grossman Tomato & Sweet Red Pepper Pasta Sauce,£1.75,(50.0p/100g),cupboard,sauce,2024-11-19
Loyd Grossman No Added Sugar Pizza Sauce,£1.75,(50.0p/100g),cupboard,sauce,2024-11-19
Sharwood's Madras Hot Curry Sauce,£2.50,(59.5p/100g),cupboard,sauce,2024-11-19
Sharwood's Chinese Medium Curry Cooking Sauce,£1.75,(41.2p/100g),cupboard,sauce,2024-11-19
Filippo Berio Hot Chilli Pesto 190g,£2.80,(£1.47/100g),cupboard,sauce,2024-11-19
Blue Dragon Korean BBQ Stir Fry Sauce,£0.95,(79.2p/100g),cupboard,sauce,2024-11-19
ASDA Free From White Lasagne Pasta Sauce,£1.30,(26.5p/100g),cupboard,sauce,2024-11-19
Dolmio Lasagne Meal Bundle For 4,£11.85,null,cupboard,sauce,2024-11-19
Loyd Grossman Tomato & Red Wine Pasta Sauce,£1.75,(50.0p/100g),cupboard,sauce,2024-11-19
Homepride Shepherd's Pie Cooking Sauce,£2.50,(51.5p/100g),cupboard,sauce,2024-11-19
Sacla Vegan Basil Pesto,£2.50,(£1.32/100g),cupboard,sauce,2024-11-19
Loyd Grossman No Added Sugar White Lasagne Sauce,£1.75,(39.8p/100g),cupboard,sauce,2024-11-19
"YO! Soy, Ginger & Garlic Yakisoba Stir Fry",£1.20,(£1.20/100g),cupboard,sauce,2024-11-19
YO! Sweet & Sticky Teriyaki,£1.20,(£1.20/100g),cupboard,sauce,2024-11-19
Sharwood's Tikka Masala Reduced Fat Curry Sauce,£2.50,(59.5p/100g),cupboard,sauce,2024-11-19
Sharwood's East Asian Japanese Katsu 415g,£1.75,(42.2p/100g),cupboard,sauce,2024-11-19
Blue Dragon Black Bean Stir Fry Sauce,£0.95,(79.2p/100g),cupboard,sauce,2024-11-19
Capsicana Mexican Fajita Chilli & Honey Cooking Paste 60g,£1.20,(£2.00/100g),cupboard,sauce,2024-11-19
ASDA Free From Tikka Masala Curry Sauce,£1.30,(26.0p/100g),cupboard,sauce,2024-11-19
Wagamama Korean Style BBQ Stir Fry Sauce 120g,£1.00,(83.3p/100g),cupboard,sauce,2024-11-19
Patak's The Original Curry Creations Korma Sauce 160g,£4.00,(£2.50/100g),cupboard,sauce,2024-11-19
BOSH! Ultimate Cheeze Sauce 270g,£2.75,(£1.02/100g),cupboard,sauce,2024-11-19
Dolmio Sauce for Lasagne Light Creamy 440g,£2.50,(56.8p/100g),cupboard,sauce,2024-11-19
Chicken Pesto Pasta Bundle,£6.15,null,cupboard,sauce,2024-11-19
Blue Dragon Oyster & Spring Onion Stir Fry Sauce,£0.95,(79.2p/100g),cupboard,sauce,2024-11-19
Sharwood's Jalfrezi Hot Curry Cooking Sauce,£2.50,(59.5p/100g),cupboard,sauce,2024-11-19
Patak's The Original Curry Creations Tikka Masala Sauce 160g,£4.00,(£2.50/100g),cupboard,sauce,2024-11-19
Sharwood's Curry Paste Tikka Masala 280g,£2.95,(£1.05/100g),cupboard,sauce,2024-11-19
Sharwood's Reduced Sugar Sweet & Sour Cooking Sauce,£1.75,(41.2p/100g),cupboard,sauce,2024-11-19
Midweek Creamy Pasta Meal for 3-4 People,£3.19,null,cupboard,sauce,2024-11-19
Ben's Original Lemon Chicken with Egg Fried Rice Meal Bundle For 4,£9.75,null,cupboard,sauce,2024-11-19
Patak's The Original Rogan Josh Cooking Sauce,£2.15,(47.8p/100g),cupboard,sauce,2024-11-19
Wagamama Firecracker Stir Fry Sauce 120g,£1.00,(83.3p/100g),cupboard,sauce,2024-11-19
Loyd Grossman No Added Sugar Red Lasagne Sauce,£1.75,(38.9p/100g),cupboard,sauce,2024-11-19
Sharwood's Tikka Masala Extra Creamy Curry Sauce,£2.50,(59.5p/100g),cupboard,sauce,2024-11-19
ASDA Extra Special Punjabi Style Dopiaza Curry Sauce,£2.50,(73.5p/100g),cupboard,sauce,2024-11-19
Dolmio Lasagne Duo Meal Bundle For 4,£5.00,null,cupboard,sauce,2024-11-19
Sharwood's Curry Paste Korma 280g,£2.95,(£1.05/100g),cupboard,sauce,2024-11-19
Meatballs Meal Bundle for 4,£6.55,null,cupboard,sauce,2024-11-19
Blue Dragon Chow Mein Stir Fry Sauce,£0.95,(79.2p/100g),cupboard,sauce,2024-11-19
Loyd Grossman No Added Sugar Tomato & Chilli Pasta Sauce,£1.75,(50.0p/100g),cupboard,sauce,2024-11-19
Filippo Berio Truffle Pesto 190g,£4.50,(£2.37/100g),cupboard,sauce,2024-11-19
Al Fez Smoky Harissa Tagine Sauce,£2.00,(44.4p/100g),cupboard,sauce,2024-11-19
Al Fez Apricot & Coriander Tagine Sauce,£2.00,(44.4p/100g),cupboard,sauce,2024-11-19
Lee Kum Kee Kee Honey & Soy Stir-Fry Sauce 70g,£0.95,(£1.36/100g),cupboard,sauce,2024-11-19
Lee Kum Kee Kee Sichuan Style Hot & Spicy Stir-Fry Sauce 190g,£2.20,(£1.16/100g),cupboard,sauce,2024-11-19
Sacla Pesto Stock Up Bundle,£7.50,null,cupboard,sauce,2024-11-19
ASDA Free From Hoisin Stir Fry Sauce 120g,£0.60,(50.0p/100g),cupboard,sauce,2024-11-19
ASDA Free From Chow Mein Stir-Fry Sauce 120g,£0.60,(50.0p/100g),cupboard,sauce,2024-11-19
Patak's Vindaloo Curry Sauce,£2.15,(47.8p/100g),cupboard,sauce,2024-11-19
ASDA Free From Bolognese Pasta Sauce,£1.30,(26.0p/100g),cupboard,sauce,2024-11-19
Al Fez Moroccan Meatball Tagine Sauce,£2.00,(44.4p/100g),cupboard,sauce,2024-11-19
Ben's Original Sweet and Sour Sauce,£2.50,(55.6p/100g),cupboard,sauce,2024-11-19
Ben's Original Lemon Chicken Sauce,£2.50,(55.6p/100g),cupboard,sauce,2024-11-19
Ben's Original Medium Chilli Con Carne Sauce,£2.50,(55.6p/100g),cupboard,sauce,2024-11-19
Ben's Original Sweet and Sour Original No Added Sugar Sauce,£2.50,(56.8p/100g),cupboard,sauce,2024-11-19
Al Fez Moroccan Meatball Tagine Sauce,£2.00,(44.4p/100g),cupboard,sauce,2024-11-19
Ben's Original Sweet and Sour Sauce,£2.50,(55.6p/100g),cupboard,sauce,2024-11-19
Ben's Original Lemon Chicken Sauce,£2.50,(55.6p/100g),cupboard,sauce,2024-11-19
Blue Dragon Satay Stir Fry Sauce,£0.95,(79.2p/100g),cupboard,sauce,2024-11-19
Zest Vegan Basil Pesto with Cashew Nuts 165g,£2.50,(£1.52/100g),cupboard,sauce,2024-11-19
Filippo Berio Tomato & Ricotta Pesto 190g,£2.80,(£1.47/100g),cupboard,sauce,2024-11-19
ASDA Free From Red Pesto,£1.10,(57.9p/100g),cupboard,sauce,2024-11-19
Sharwood's Kung Po Medium Cooking Sauce,£1.75,(41.2p/100g),cupboard,sauce,2024-11-19
Homepride Curry Cooking Sauce,£2.50,(51.5p/100g),cupboard,sauce,2024-11-19
Pesto & Spaghetti Bundle,£3.50,null,cupboard,sauce,2024-11-19
Homepride White Wine & Cream Cooking Sauce,£2.50,(62.5p/100g),cupboard,sauce,2024-11-19
Old El Paso Mexican Cooking Sauce for Enchiladas Cheesy Baked,£2.05,(60.3p/100g),cupboard,sauce,2024-11-19
ASDA Tomato & Basil Pizza Sauce Topper,£2.30,(92.0p/100g),cupboard,sauce,2024-11-19
Sharwood's 30% Less Fat Butter Chicken Curry Sauce,£2.50,(59.5p/100g),cupboard,sauce,2024-11-19
Sharwood's East Asian Thai Green Curry 415g,£1.75,(42.2p/100g),cupboard,sauce,2024-11-19
ASDA Free From Carbonara Sauce 485g,£1.30,(26.8p/100g),cupboard,sauce,2024-11-19
Patak's The Original Curry Creations Jalfrezi Sauce 160g,£4.00,(£2.50/100g),cupboard,sauce,2024-11-19
Lee Kum Kee Kee Kung Pao Chicken Stir-Fry Sauce 60g,£0.95,(£1.58/100g),cupboard,sauce,2024-11-19
Homepride Hunter's Chicken Cooking Sauce,£2.50,(51.5p/100g),cupboard,sauce,2024-11-19
ASDA Extra Special Special Fiery Goan Style Curry Cooking Sauce,£2.50,(73.5p/100g),cupboard,sauce,2024-11-19
Sharwood's East Asian Thai Red Curry 415g,£1.75,(42.2p/100g),cupboard,sauce,2024-11-19
Wagamama Pad Thai Stir Fry Sauce 120g,£1.00,(83.3p/100g),cupboard,sauce,2024-11-19
Blue Dragon Sweet Chilli & Garlic Stir Fry Sauce,£0.95,(79.2p/100g),cupboard,sauce,2024-11-19
ASDA Bolognese Pasta Sauce,£0.69,(13.9p/100g),cupboard,sauce,2024-11-19
ASDA Creamy Tomato Pasta Bake 500g,£0.69,(13.8p/100g),cupboard,sauce,2024-11-19
ASDA Chunky Veg & Tomato Pasta Sauce 500g,£0.69,(13.8p/100g),cupboard,sauce,2024-11-19
ASDA Tomato & Basil Sauce for Meatballs 500g,£0.69,(13.8p/100g),cupboard,sauce,2024-11-19
ASDA Tomato & Pepperoni Pasta Bake 500g,£0.69,(13.8p/100g),cupboard,sauce,2024-11-19
ASDA Cheesy Pasta Bake 475g,£0.69,(14.5p/100g),cupboard,sauce,2024-11-19
JUST ESSENTIALS by ASDA Mild Curry Sauce,£0.45,(10.2p/100g),cupboard,sauce,2024-11-19
ASDA Tomato & Mushroom Pasta Sauce 500g,£0.69,(13.9p/100g),cupboard,sauce,2024-11-19
ASDA Free From Korma Curry Sauce,£1.30,(26.0p/100g),cupboard,sauce,2024-11-19
ASDA Free From Tomato & Herb Pasta Bake Sauce,£1.30,(26.0p/100g),cupboard,sauce,2024-11-19
ASDA Smooth Bolognese Pasta Sauce 500g,£0.69,(13.8p/100g),cupboard,sauce,2024-11-19
ASDA Asda Tomato & Garlic Pasta Sauce 500g,£0.69,(13.8p/100g),cupboard,sauce,2024-11-19
ASDA Spicy Tomato Pasta Sauce 500g,£0.69,(13.8p/100g),cupboard,sauce,2024-11-19
Al Fez Moroccan Meatball Tagine Sauce,£2.00,(44.4p/100g),cupboard,sauce,2024-11-19
Ben's Original Sweet and Sour Sauce,£2.50,(55.6p/100g),cupboard,sauce,2024-11-19
Ben's Original Lemon Chicken Sauce,£2.50,(55.6p/100g),cupboard,sauce,2024-11-19
Ben's Original Medium Chilli Con Carne Sauce,£2.50,(55.6p/100g),cupboard,sauce,2024-11-19
Ben's Original Sweet and Sour Original No Added Sugar Sauce,£2.50,(56.8p/100g),cupboard,sauce,2024-11-19
Meridian Smooth Peanut Butter Palm Oil Free,£2.50,(53.2p/100g),cupboard,spread_jam,2024-11-19
Meridian Smooth Almond Butter Palm Oil Free,£2.50,(£1.47/100g),cupboard,spread_jam,2024-11-19
Whole Earth Golden Roasted Crunchy Peanut Butter,£3.00,(88.2p/100g),cupboard,spread_jam,2024-11-19
Whole Earth Drizzler Golden Roasted Peanut Butter,£2.50,(78.1p/100g),cupboard,spread_jam,2024-11-19
Meridian Crunchy Peanut Butter Palm Oil Free,£2.50,(53.2p/100g),cupboard,spread_jam,2024-11-19
ASDA Classic Crunchy Peanut Butter 340g,£1.09,(32.1p/100g),cupboard,spread_jam,2024-11-19
ASDA Smooth Peanut Butter 700g,£2.35,(33.6p/100g),cupboard,spread_jam,2024-11-19
ASDA Smooth Peanut Butter 340g,£1.80,(52.9p/100g),cupboard,spread_jam,2024-11-19
ASDA Classic Crunchy Peanut Butter 700g,£2.35,(33.6p/100g),cupboard,spread_jam,2024-11-19
JUST ESSENTIALS by ASDA Crunchy Peanut Butter,£0.99,(29.1p/100g),cupboard,spread_jam,2024-11-19
Skippy Extra Smooth Creamy Peanut Butter 340g,£2.75,(80.9p/100g),cupboard,spread_jam,2024-11-19
Sun-Pat Smooth Peanut Butter,£3.75,(65.8p/100g),cupboard,spread_jam,2024-11-19
Sun-Pat Crunchy Peanut Butter,£3.75,(65.8p/100g),cupboard,spread_jam,2024-11-19
Whole Earth Smooth Peanut Butter,£4.50,(99.1p/100g),cupboard,spread_jam,2024-11-19
ASDA Smooth Peanut Butter 1kg,£4.50,(45.0p/100g),cupboard,spread_jam,2024-11-19
Pip & Nut Crunchy Sweet & Salty Peanut Butter 300g,£3.00,(£1.00/100g),cupboard,spread_jam,2024-11-19
Meridian Smooth Peanut Butter Palm Oil Free,£6.50,(65.0p/100g),cupboard,spread_jam,2024-11-19
ASDA Crunchy Peanut Butter 1kg,£4.50,(45.0p/100g),cupboard,spread_jam,2024-11-19
Meridian Crunchy Peanut Butter Palm Oil Free,£6.50,(65.0p/100g),cupboard,spread_jam,2024-11-19
Crave Crunchy P'Not Butter 200g,£2.95,(£1.48/100g),cupboard,spread_jam,2024-11-19
Whole Earth Smooth Organic Peanut Butter,£3.60,(£1.06/100g),cupboard,spread_jam,2024-11-19
Meridian Smooth Cashew Butter Palm Oil Free,£3.20,(£1.88/100g),cupboard,spread_jam,2024-11-19
Whole Earth Crunchy Peanut Butter,£6.80,(68.0p/100g),cupboard,spread_jam,2024-11-19
Whole Earth Crunchy Peanut Butter,£4.50,(99.1p/100g),cupboard,spread_jam,2024-11-19
Whole Earth Drizzler Original Roasted Super Smooth Peanut Butter,£3.30,(£1.03/100g),cupboard,spread_jam,2024-11-19
Pip & Nut Crunchy Peanut Butter,£7.00,(70.0p/100g),cupboard,spread_jam,2024-11-19
ASDA Crunchy Peanut Butter 340g,£1.80,(52.9p/100g),cupboard,spread_jam,2024-11-19
Pip & Nut Smooth Sweet & Salty Peanut Butter 300g,£3.00,(£1.00/100g),cupboard,spread_jam,2024-11-19
Pip & Nut Crunchy Peanut Butter,£3.25,(£1.08/100g),cupboard,spread_jam,2024-11-19
Pip & Nut Smooth Peanut Butter,£3.25,(£1.08/100g),cupboard,spread_jam,2024-11-19
Pip & Nut Smooth Peanut Butter,£7.00,(70.0p/100g),cupboard,spread_jam,2024-11-19
Whole Earth Smooth Peanut Butter,£6.80,(68.0p/100g),cupboard,spread_jam,2024-11-19
Pip & Nut Smooth Almond Butter,£3.40,(£2.00/100g),cupboard,spread_jam,2024-11-19
Skippy Super Chunk Peanut Butter 340g,£2.75,(80.9p/100g),cupboard,spread_jam,2024-11-19
Whole Earth Crunchy Organic Peanut Butter,£3.60,(£1.06/100g),cupboard,spread_jam,2024-11-19
Hartley's Strawberry 300g,£1.50,(50.0p/100g),cupboard,spread_jam,2024-11-19
ASDA Fruity Seedless Strawberry Jam 454g,£0.89,(19.6p/100g),cupboard,spread_jam,2024-11-19
ASDA Extra Special Strawberry Conserve,£2.50,(67.6p/100g),cupboard,spread_jam,2024-11-19
Hartley's Strawberry Seedless 300g,£1.50,(50.0p/100g),cupboard,spread_jam,2024-11-19
ASDA Apricot Jam 454g,£1.15,(25.3p/100g),cupboard,spread_jam,2024-11-19
ASDA Blackcurrant Jam 454g,£1.15,(25.3p/100g),cupboard,spread_jam,2024-11-19
Bonne Maman Lemon Curd 360g,£2.00,(55.6p/100g),cupboard,spread_jam,2024-11-19
Streamline Less Sugar Strawberry Jam,£1.70,(50.0p/100g),cupboard,spread_jam,2024-11-19
ASDA Extra Special Raspberry Conserve,£2.50,(67.6p/100g),cupboard,spread_jam,2024-11-19
Hartley's Apricot 300g,£1.50,(50.0p/100g),cupboard,spread_jam,2024-11-19
Bonne Maman Strawberry & Wild Strawberry Conserve,£2.85,(77.0p/100g),cupboard,spread_jam,2024-11-19
Hartley's Blackcurrant 300g,£1.50,(50.0p/100g),cupboard,spread_jam,2024-11-19
ASDA Extra Special Morello Cherry Conserve,£2.50,(67.6p/100g),cupboard,spread_jam,2024-11-19
Bonne Maman Strawberry Conserve,£3.40,(91.9p/100g),cupboard,spread_jam,2024-11-19
Hartley's Pineapple 300g,£1.50,(50.0p/100g),cupboard,spread_jam,2024-11-19
Bonne Maman Black Cherry Conserve,£2.85,(77.0p/100g),cupboard,spread_jam,2024-11-19
ASDA Extra Special Blackcurrant Conserve,£2.50,(67.6p/100g),cupboard,spread_jam,2024-11-19
Bonne Maman Wild Blueberry Conserve,£2.85,(77.0p/100g),cupboard,spread_jam,2024-11-19
Bonne Maman Raspberry Conserve,£3.40,(91.9p/100g),cupboard,spread_jam,2024-11-19
Bonne Maman Apricot Conserve,£3.40,(91.9p/100g),cupboard,spread_jam,2024-11-19
Bonne Maman Damson Plum Conserve,£3.40,(91.9p/100g),cupboard,spread_jam,2024-11-19
Hartley's Smooth Strawberry Jam,£2.00,(58.8p/100g),cupboard,spread_jam,2024-11-19
Fearne & Rosie Strawberry Jam 310g,£2.50,(80.7p/100g),cupboard,spread_jam,2024-11-19
Bonne Maman Peach Conserve,£3.40,(91.9p/100g),cupboard,spread_jam,2024-11-19
Fearne & Rosie Strawberry Super Berry Jam 310g,£2.50,(80.7p/100g),cupboard,spread_jam,2024-11-19
ASDA Extra Special Apricot Conserve,£2.50,(67.6p/100g),cupboard,spread_jam,2024-11-19
Bonne Maman Blackcurrant Conserve,£3.40,(91.9p/100g),cupboard,spread_jam,2024-11-19
ASDA Tangy Lemon Curd 411g,£1.15,(28.0p/100g),cupboard,spread_jam,2024-11-19
ASDA Fruity Strawberry Jam 454g,£0.89,(19.6p/100g),cupboard,spread_jam,2024-11-19
Hartley's Raspberry 300g,£1.50,(50.0p/100g),cupboard,spread_jam,2024-11-19
ASDA Extra Special Lemon Curd,£2.00,(62.5p/100g),cupboard,spread_jam,2024-11-19
ASDA Extra Special Sherry Trifle Flavour Conserve 370g,£2.00,(54.0p/100g),cupboard,spread_jam,2024-11-19
ASDA Extra Special Thick Cut Dark Seville Orange Marmalade,£1.95,(52.7p/100g),cupboard,spread_jam,2024-11-19
Bonne Maman Apricot Conserve 750g,£5.75,(76.7p/100g),cupboard,spread_jam,2024-11-19
ASDA Extra Special Three Fruits Marmalade,£1.95,(52.7p/100g),cupboard,spread_jam,2024-11-19
ASDA Extra Special Black Forest Flavour Conserve 370g,£2.00,(54.0p/100g),cupboard,spread_jam,2024-11-19
Bonne Maman Strawberry Conserve 750g,£5.75,(76.7p/100g),cupboard,spread_jam,2024-11-19
ASDA Extra Special Seville Orange Breakfast Marmalade,£1.85,(50.0p/100g),cupboard,spread_jam,2024-11-19
Robertson's Golden Shred Fine Cut Marmalade,£1.90,(41.9p/100g),cupboard,spread_jam,2024-11-19
Robertson's Golden Shredless Marmalade,£1.90,(41.9p/100g),cupboard,spread_jam,2024-11-19
Bonne Maman Bitter Orange Marmalade,£2.20,(59.5p/100g),cupboard,spread_jam,2024-11-19
ASDA Tangy Shredless Orange Marmalade 454g,£0.79,(17.4p/100g),cupboard,spread_jam,2024-11-19
ASDA Thick Cut Orange Marmalade 454g,£0.79,(17.4p/100g),cupboard,spread_jam,2024-11-19
ASDA Tangy Fine Cut Orange Marmalade 454g,£0.79,(17.4p/100g),cupboard,spread_jam,2024-11-19
Frank Cooper's Oxford Fine Cut Oxford Marmalade,£2.80,(61.7p/100g),cupboard,spread_jam,2024-11-19
Rose's Lemon & Lime Fine Cut Marmalade,£2.45,(54.0p/100g),cupboard,spread_jam,2024-11-19
Streamline Less Sugar Thin Cut Orange Marmalade,£1.65,(48.5p/100g),cupboard,spread_jam,2024-11-19
Robertson's Silver Shred Fine Cut Lemon Jelly Marmalade,£1.90,(41.9p/100g),cupboard,spread_jam,2024-11-19
ASDA Spicy Ginger Preserve 454g,£1.30,(28.6p/100g),cupboard,spread_jam,2024-11-19
Robertson's Ma Made Thin Cut Seville Oranges,£2.40,(28.2p/100g),cupboard,spread_jam,2024-11-19
Frank Cooper's Original Oxford Marmalade,£2.80,(61.7p/100g),cupboard,spread_jam,2024-11-19
Lotus Biscoff Biscuit Smooth Spread,£4.50,(62.5p/100g),cupboard,spread_jam,2024-11-19
Lotus Biscoff Biscuit Smooth Spread,£3.20,(80.0p/100g),cupboard,spread_jam,2024-11-19
Lotus Biscoff Crunchy Spread,£4.50,(64.3p/100g),cupboard,spread_jam,2024-11-19
Nutella Hazelnut & Chocolate Spread,£3.40,(97.1p/100g),cupboard,spread_jam,2024-11-19
Nutella Hazelnut & Chocolate Spread,£5.65,(75.3p/100g),cupboard,spread_jam,2024-11-19
Lotus Biscoff Biscuit Crunchy Spread,£3.20,(84.2p/100g),cupboard,spread_jam,2024-11-19
Cadbury Chocolate Spread,£3.05,(76.2p/100g),cupboard,spread_jam,2024-11-19
JUST ESSENTIALS by ASDA Chocolate Hazelnut Spread,£1.35,(33.8p/100g),cupboard,spread_jam,2024-11-19
ASDA Smooth Duo Chocolate Flavour Spread 400g,£1.59,(39.8p/100g),cupboard,spread_jam,2024-11-19
ASDA Smooth Caramelised Biscuit Spread 400g,£1.99,(49.8p/100g),cupboard,spread_jam,2024-11-19
ASDA Hazelnut Chocolate Spread 750g,£2.75,(36.7p/100g),cupboard,spread_jam,2024-11-19
ASDA Crunchy Cookies & Cream Flavour Spread 350g,£2.00,(57.1p/100g),cupboard,spread_jam,2024-11-19
ASDA Scrumptious S'mores Chocolate Spread 350g,£2.00,(57.1p/100g),cupboard,spread_jam,2024-11-19
ASDA Moreish Crunchy Caramelised Biscuit Spread 400g,£1.99,(49.8p/100g),cupboard,spread_jam,2024-11-19
Bonne Maman Hazelnut Chocolate Spread,£2.00,(80.0p/100g),cupboard,spread_jam,2024-11-19
ASDA Hazelnut Chocolate Spread 400g,£2.00,(50.0p/100g),cupboard,spread_jam,2024-11-19
ASDA Smooth Milk Chocolate Flavour Spread 400g,£2.00,(50.0p/100g),cupboard,spread_jam,2024-11-19
ASDA Chocolate Orange Flavoured Spread,£1.80,(51.4p/100g),cupboard,spread_jam,2024-11-19
ASDA Hazelnut Praline Spread 350g,£2.00,(57.1p/100g),cupboard,spread_jam,2024-11-19
Nutella Hazelnut & Chocolate Spread,£2.25,(£1.12/100g),cupboard,spread_jam,2024-11-19
Bonne Maman Caramelised Apple Spread 275g,£2.00,(72.7p/100g),cupboard,spread_jam,2024-11-19
Sweet Freedom Choc Pot Chocolate Spread,£3.00,(£1.20/100g),cupboard,spread_jam,2024-11-19
ASDA Extra Special British Berry & Bramley Apple Conserve 370g,£2.20,(59.5p/100g),cupboard,spread_jam,2024-11-19
Bonne Maman Chocolate & Orange Spread 275g,£2.00,(72.7p/100g),cupboard,spread_jam,2024-11-19
Sweet Freedom Choc Pot Caramel Smooth & Creamy Chocolate Spread 250g,£3.00,(£1.20/100g),cupboard,spread_jam,2024-11-19
Crave Sir Spread a Lot - Chocolate Hazelnut,£2.00,(88.9p/100g),cupboard,spread_jam,2024-11-19
Cadbury Milk Chocolate Spread,£4.50,(64.3p/100g),cupboard,spread_jam,2024-11-19
Bonne Maman Salted Caramel,£2.40,(£1.09/100g),cupboard,spread_jam,2024-11-19
Meridian Charity Edition Chocca Chocolate Spread 240g,£3.00,(£1.25/100g),cupboard,spread_jam,2024-11-19
ASDA Classic Runny Honey 454g,£1.75,(38.6p/100g),cupboard,spread_jam,2024-11-19
Rowse Pure & Natural Honey,£1.75,(70.0p/100g),cupboard,spread_jam,2024-11-19
Rowse Pure & Natural Honey,£2.00,(58.8p/100g),cupboard,spread_jam,2024-11-19
Rowse Pure & Natural Honey,£4.00,(58.8p/100g),cupboard,spread_jam,2024-11-19
ASDA Classic Set Honey 454g,£1.75,(38.6p/100g),cupboard,spread_jam,2024-11-19
Rowse Light & Mild Honey,£2.00,(58.8p/100g),cupboard,spread_jam,2024-11-19
Rowse Manuka 100+ MGO,£8.00,(£3.56/100g),cupboard,spread_jam,2024-11-19
Rowse Acacia Honey,£3.50,(£1.40/100g),cupboard,spread_jam,2024-11-19
Rowse Defence Honey + Manuka + Vitamin C 250g,£3.00,(£1.20/100g),cupboard,spread_jam,2024-11-19
Rowse Greek Honey,£3.75,(£1.50/100g),cupboard,spread_jam,2024-11-19
ASDA Extra Special Limited Edition Spanish Forest Honey,£2.99,(87.9p/100g),cupboard,spread_jam,2024-11-19
Rowse Set Honey,£3.00,(88.2p/100g),cupboard,spread_jam,2024-11-19
Rowse Pure & Natural Honey,£3.00,(88.2p/100g),cupboard,spread_jam,2024-11-19
ASDA Extra Special Manuka Honey 5+ NPA Rating,£6.30,(£2.78/100g),cupboard,spread_jam,2024-11-19
ASDA Extra Special Orange Blossom Honey,£2.99,(87.9p/100g),cupboard,spread_jam,2024-11-19
Rowse Dark & Rich Honey 340g,£2.00,(58.8p/100g),cupboard,spread_jam,2024-11-19
Rowse Organic Pure Honey,£3.75,(£1.10/100g),cupboard,spread_jam,2024-11-19
Rowse Organic Honey,£3.75,(£1.10/100g),cupboard,spread_jam,2024-11-19
Hilltop Everyday Blossom Honey 720g,£3.50,(48.6p/100g),cupboard,spread_jam,2024-11-19
Hilltop Everyday Blossom Honey 340g,£2.50,(73.5p/100g),cupboard,spread_jam,2024-11-19
Buckwud Canadian Maple Syrup,£6.20,(£2.48/100g),cupboard,spread_jam,2024-11-19
ASDA Extra Special Acacia Honey 340g,£3.00,(88.2p/100g),cupboard,spread_jam,2024-11-19
Sweet Freedom Vegan Honeee 350g,£2.80,(80.0p/100g),cupboard,spread_jam,2024-11-19
ASDA Organic Clear Honey 340g,£3.00,(88.2p/100g),cupboard,spread_jam,2024-11-19
Clarks Original Maple & Carob Syrup,£5.40,(£10.80/lt),cupboard,spread_jam,2024-11-19
Clarks Organic Agave Syrup,£2.60,(£10.40/lt),cupboard,spread_jam,2024-11-19
Rowse Manuka 250+ MGO,£12.00,(£5.33/100g),cupboard,spread_jam,2024-11-19
ASDA Extra Special British Wildflower Set Honey 340g,£4.95,(£1.46/100g),cupboard,spread_jam,2024-11-19
Clarks Original Maple & Carob Syrup,£2.15,(£11.94/lt),cupboard,spread_jam,2024-11-19
Clarks Pure Canadian Maple Syrup,£3.50,(£19.44/lt),cupboard,spread_jam,2024-11-19
Marmite Yeast Extract,£3.00,(£1.20/100g),cupboard,spread_jam,2024-11-19
Marmite Yeast Extract,£6.00,(£1.20/100g),cupboard,spread_jam,2024-11-19
ASDA Yeast Extract 240g,£2.50,(£1.04/100g),cupboard,spread_jam,2024-11-19
Marmite Yeast Extract Classic 125 g,£2.00,(£1.60/100g),cupboard,spread_jam,2024-11-19
Vegemite Yeast Extract 220g,£1.85,(84.1p/100g),cupboard,spread_jam,2024-11-19
Fanta Orange Zero 8 x 330ml,£3.75,(14.2p/100ml),drinks,soft_drink,2024-11-19
Dr Pepper Zero 8 x 330ml,£3.75,(14.2p/100ml),drinks,soft_drink,2024-11-19
Coca-Cola Zero Sugar 24 x 330ml,£8.00,(10.1p/100ml),drinks,soft_drink,2024-11-19
Pepsi Max Cans,£4.25,(16.1p/100ml),drinks,soft_drink,2024-11-19
Pepsi Max 2 Litres,£2.00,(10.0p/100ml),drinks,soft_drink,2024-11-19
Fanta Zero Sugar Fruit Twist 8 x 330ml,£3.75,(14.2p/100ml),drinks,soft_drink,2024-11-19
Sprite Zero Sugar 8 x 330ml,£3.75,(14.2p/100ml),drinks,soft_drink,2024-11-19
Coca-Cola Zero Sugar Cherry 8 x 330ml,£4.25,(16.1p/100ml),drinks,soft_drink,2024-11-19
Pepsi Max Cans,£10.50,(13.3p/100ml),drinks,soft_drink,2024-11-19
Coca-Cola Zero Sugar 30 x 330ml,£10.00,(10.1p/100ml),drinks,soft_drink,2024-11-19
Pepsi Max 1.25 Litres,£1.60,(12.8p/100ml),drinks,soft_drink,2024-11-19
Diet Coke 2L,£2.00,(10.0p/100ml),drinks,soft_drink,2024-11-19
Coca-Cola Original Taste 24 x 330ml,£13.99,(17.7p/100ml),drinks,soft_drink,2024-11-19
Diet Coke No Caffeine 8 x 330ml,£4.25,(16.1p/100ml),drinks,soft_drink,2024-11-19
Coca-Cola Zero Sugar Zero Caffeine 8 x 330ml,£4.25,(16.1p/100ml),drinks,soft_drink,2024-11-19
Diet Coke 500ml,£1.70,(34.0p/100ml),drinks,soft_drink,2024-11-19
Coca-Cola Zero Sugar 500ml,£1.70,(34.0p/100ml),drinks,soft_drink,2024-11-19
Diet Coke 18 x 330ml,£8.80,(14.8p/100ml),drinks,soft_drink,2024-11-19
Pepsi Diet Cans,£10.50,(13.3p/100ml),drinks,soft_drink,2024-11-19
Vimto Vimto Zero 8 x 330ml,£3.00,(11.4p/100ml),drinks,soft_drink,2024-11-19
Tango Cherry Sugar Free 2 Litres,£2.00,(10.0p/100ml),drinks,soft_drink,2024-11-19
Tango Apple Sugar Free Cans,£3.35,(12.7p/100ml),drinks,soft_drink,2024-11-19
Slush Puppie Fizzy Strawberry Drink,£1.00,(5.0p/100ml),drinks,soft_drink,2024-11-19
Tango Sugar Free Orange,£2.00,(10.0p/100ml),drinks,soft_drink,2024-11-19
Fanta Pineapple & Grapefruit Zero Sugar 2L,£2.00,(10.0p/100ml),drinks,soft_drink,2024-11-19
Tango Dark Berry Sugar Free,£2.00,(10.0p/100ml),drinks,soft_drink,2024-11-19
Slush Puppie The Original Fizzie Green Apple 2 Litre,£1.00,(5.0p/100ml),drinks,soft_drink,2024-11-19
Tango Sugar Free Orange Cans,£3.35,(12.7p/100ml),drinks,soft_drink,2024-11-19
Slush Puppie Fizzy Blue Raspberry Drink,£1.00,(5.0p/100ml),drinks,soft_drink,2024-11-19
IRN-BRU Xtra Sugar Free Soft Drink,£4.00,(15.2p/100ml),drinks,soft_drink,2024-11-19
Tango Dark Berry Sugar Free,£3.35,(12.7p/100ml),drinks,soft_drink,2024-11-19
Fanta Orange Zero 24 x 330ml,£10.25,(12.9p/100ml),drinks,soft_drink,2024-11-19
Sprite Zero Sugar 24 x 330ml,£10.25,(12.9p/100ml),drinks,soft_drink,2024-11-19
Schweppes Slimline Lemonade 2L,£1.35,(6.8p/100ml),drinks,soft_drink,2024-11-19
Tango Editions Mango 2 Liters,£2.00,(10.0p/100ml),drinks,soft_drink,2024-11-19
Coca-Cola Zero Sugar Cherry 2 L,£2.00,(10.0p/100ml),drinks,soft_drink,2024-11-19
Radnor Fizz Apple No Added Sugar Bottles,£2.00,(15.2p/100ml),drinks,soft_drink,2024-11-19
Coca-Cola Zero Sugar Lemon 2L,£2.00,(10.0p/100ml),drinks,soft_drink,2024-11-19
Pepsi Max Caffeine Free 24 x 330ml,£10.50,(13.3p/100ml),drinks,soft_drink,2024-11-19
George Home Green Bubble Tumbler,£2.50,(£2.50/each),drinks,soft_drink,2024-11-19
George Home Blue Ombre Tumbler,£2.00,(£2.00/each),drinks,soft_drink,2024-11-19
George Home Gold Metallic Tumbler,£2.50,(£2.50/each),drinks,soft_drink,2024-11-19
George Home Clear Pint Glass,£0.60,(60.0p/each),drinks,soft_drink,2024-11-19
George Home Feature Hiball Glass,£0.60,(60.0p/each),drinks,soft_drink,2024-11-19
George Home Stem Beer Glass - Set of 2,£3.50,(£1.75/each),drinks,soft_drink,2024-11-19
Pepsi Max Mango 2 Litres,£2.00,(10.0p/100ml),drinks,soft_drink,2024-11-19
Tango Sugar Free Cherry 24 x 330ml (8.4kg),£9.50,(12.0p/100ml),drinks,soft_drink,2024-11-19
George Home Linka Hiball,£1.50,(£1.50/each),drinks,soft_drink,2024-11-19
George Home Silver Metallic Tumbler,£2.50,(£2.50/each),drinks,soft_drink,2024-11-19
Coca-Cola Original Taste 4 x 250ml,£4.70,(47.0p/100ml),drinks,soft_drink,2024-11-19
George Home Stainless Steel Cups/Tumblers,£1.50,(75.0p/each),drinks,soft_drink,2024-11-19
George Home Timeless Hiball,£1.50,(£1.50/each),drinks,soft_drink,2024-11-19
7UP 3 for £24 Drinks Bundle 72 Cans,£24.00,null,drinks,soft_drink,2024-11-19
Coca-Cola Zero Sugar Vanilla 24 x 330ml,£10.25,(12.9p/100ml),drinks,soft_drink,2024-11-19
George Home Guinea Pig Hiball Glass,£0.80,(80.0p/each),drinks,soft_drink,2024-11-19
Pepsi Max Lime No Sugar Cola Cans,£4.25,(16.1p/100ml),drinks,soft_drink,2024-11-19
George Home Tumbler,£1.50,(£1.50/each),drinks,soft_drink,2024-11-19
Pepsi Max No Caffeine,£2.00,(10.0p/100ml),drinks,soft_drink,2024-11-19
Coca-Cola Zero Sugar Zero Caffeine 2L,£2.00,(10.0p/100ml),drinks,soft_drink,2024-11-19
Pepsi Max Mango 1.25L,£1.60,(12.8p/100ml),drinks,soft_drink,2024-11-19
George Home Pink Ombre Hi-Ball Glass,£2.50,(£2.50/each),drinks,soft_drink,2024-11-19
George Home Clear Bubble Hi-Ball Glass,£2.50,(£2.50/each),drinks,soft_drink,2024-11-19
IRN-BRU Xtra Sugar Free Soft Drink,£9.50,(12.0p/100ml),drinks,soft_drink,2024-11-19
Diet Coke 24 x 330ml,£8.00,(10.1p/100ml),drinks,soft_drink,2024-11-19
Dr Pepper Zero 24 x 330ml,£10.25,(12.9p/100ml),drinks,soft_drink,2024-11-19
George Home Linka Tumbler,£1.50,(£1.50/each),drinks,soft_drink,2024-11-19
George Home Purple Stacking Rib Hiball Glass,£2.50,(£2.50/each),drinks,soft_drink,2024-11-19
Coca-Cola Zero Sugar 1.75L,£2.00,(11.4p/100ml),drinks,soft_drink,2024-11-19
George Home Nightmare Before Christmas Mason Jar,£2.00,(£2.00/each),drinks,soft_drink,2024-11-19
Pepsi Diet,£2.00,(10.0p/100ml),drinks,soft_drink,2024-11-19
Coca-Cola Zero Sugar Lemon 150ml,£0.60,(40.0p/100ml),drinks,soft_drink,2024-11-19
George Home Snowman Tumbler,£3.00,(£3.00/each),drinks,soft_drink,2024-11-19
George Home Guinea Pig Can Glass,£1.80,(£1.80/each),drinks,soft_drink,2024-11-19
George Home Nutcracker Shaped Mason Jar,£2.00,(£2.00/each),drinks,soft_drink,2024-11-19
Old Jamaica Diet Ginger Beer,£0.40,(12.1p/100ml),drinks,soft_drink,2024-11-19
George Home Leafy Textured Hi-Ball Glass,£2.00,(£2.00/each),drinks,soft_drink,2024-11-19
Coca-Cola Classic 500ml,£1.95,(39.0p/100ml),drinks,soft_drink,2024-11-19
George Home 4 x Pint Glass Bundle,£2.40,null,drinks,soft_drink,2024-11-19
Coca-Cola Zero Sugar 150ml,£0.60,(40.0p/100ml),drinks,soft_drink,2024-11-19
George Home Marvel Tumblers 4 Pack,£9.00,(£2.25/each),drinks,soft_drink,2024-11-19
George Home 4 Pack Basic Glasses 270ml,£1.40,(35.0p/each),drinks,soft_drink,2024-11-19
Coca-Cola Zero Sugar Lemon 8 x 330ml,£4.25,(16.1p/100ml),drinks,soft_drink,2024-11-19
George Home Purple Stacking Rib Hiball Glass,£2.50,(£2.50/each),drinks,soft_drink,2024-11-19
George Home Green Bubble Hi-Ball Glass,£2.50,(£2.50/each),drinks,soft_drink,2024-11-19
George Home Holly Hiball Glass,£0.80,(80.0p/each),drinks,soft_drink,2024-11-19
George Home Nightmare Before Christmas Mason Jar,£2.00,(£2.00/each),drinks,soft_drink,2024-11-19
Diet Coke No Caffeine 2L,£2.00,(10.0p/100ml),drinks,soft_drink,2024-11-19
Coca-Cola Zero Sugar 150ml,£0.60,(40.0p/100ml),drinks,soft_drink,2024-11-19
George Home Gingerbread Shaped Mason Jar,£2.50,(£2.50/each),drinks,soft_drink,2024-11-19
George Home Spiderman Mason Jar,£3.00,(£3.00/each),drinks,soft_drink,2024-11-19
George Home Green Stacking Rib Hiball Glass,£2.50,(£2.50/each),drinks,soft_drink,2024-11-19
Coca-Cola Zero Sugar Lemon 8 x 330ml,£4.25,(16.1p/100ml),drinks,soft_drink,2024-11-19
Pepsi Max No Sugar Cola Bottle,£1.55,(31.0p/100ml),drinks,soft_drink,2024-11-19
George Home 4 Pack Basic Glasses 270ml,£1.40,(35.0p/each),drinks,soft_drink,2024-11-19
Coca-Cola Lemon 8 x 330ml,£5.80,(22.0p/100ml),drinks,soft_drink,2024-11-19
The Great Outdoors Novelty Beer Socks & Tankard,£7.00,(£7.00/each),drinks,soft_drink,2024-11-19
George Home Pumpkin Hiball Glass,£2.50,(£2.50/each),drinks,soft_drink,2024-11-19
Coca-Cola Zero Sugar 1.75L,£2.00,(11.4p/100ml),drinks,soft_drink,2024-11-19
Radnor Fizz Tropical No Added Sugar Bottles,£2.00,(15.2p/100ml),drinks,soft_drink,2024-11-19
George Home Clear Can Glass,£2.00,(£2.00/each),drinks,soft_drink,2024-11-19
George Home 40oz Tumbler with Straw and Handle,£8.00,(£8.00/each),drinks,soft_drink,2024-11-19
7UP Zero Sugar,£1.55,(31.0p/100ml),drinks,soft_drink,2024-11-19
George Home Amber Bubble Hi-Ball Glass,£2.50,(£2.50/each),drinks,soft_drink,2024-11-19
George Home Grey Ribbed Tumbler Glass - Set of 2,£6.00,(£3.00/each),drinks,soft_drink,2024-11-19
IRN-BRU Sugar Free Soft Drink,£9.50,(12.0p/100ml),drinks,soft_drink,2024-11-19
George Home Stitch Glass Can - Set of 2,£6.00,(£3.00/each),drinks,soft_drink,2024-11-19
George Home Clear Stacking Rib Hiball Glass,£2.50,(£2.50/each),drinks,soft_drink,2024-11-19
Pepsi Max Lime No Sugar Cola Bottle,£2.00,(10.0p/100ml),drinks,soft_drink,2024-11-19
Pepsi Max 3 for £24 Drinks Bundle 72 Cans,£24.00,null,drinks,soft_drink,2024-11-19
Sprite Zero Sugar 2L,£1.90,(9.5p/100ml),drinks,soft_drink,2024-11-19
George Home Cockerpoo Hiball,£1.00,(£1.00/each),drinks,soft_drink,2024-11-19
Pepsi Max Mango 8 x 330ml,£4.25,(16.1p/100ml),drinks,soft_drink,2024-11-19
George Home Allerga Hiball,£1.50,(£1.50/each),drinks,soft_drink,2024-11-19
Diet Coke 150ml,£0.60,(40.0p/100ml),drinks,soft_drink,2024-11-19
George Home Nightmare Before Christmas Glass Can - Set of 2,£5.00,(£2.50/each),drinks,soft_drink,2024-11-19
George Home Ribbed Hiball 2 Pack,£6.00,(£3.00/each),drinks,soft_drink,2024-11-19
Diet Coke 1.75L,£2.00,(11.4p/100ml),drinks,soft_drink,2024-11-19
George Home Blue Stacking Rib Hiball Glass,£2.50,(£2.50/each),drinks,soft_drink,2024-11-19
Tango Mango 24 x 330ml,£9.50,(12.0p/100ml),drinks,soft_drink,2024-11-19
George Home Hiball Glasses,£4.50,(£1.12/each),drinks,soft_drink,2024-11-19
At Home with Stacey Solomon Hammered Hi-ball Glasses - Set of 2,£7.00,(£3.50/each),drinks,soft_drink,2024-11-19
George Home Grey Ribbed Hi-Ball Glass - Set of 2,£6.00,(£3.00/each),drinks,soft_drink,2024-11-19
IRN-BRU Sugar Free Soft Drink,£4.00,(15.2p/100ml),drinks,soft_drink,2024-11-19
7UP Zero Sugar 24 Cans,£9.50,(12.0p/100ml),drinks,soft_drink,2024-11-19
George Home Disney Stitch Tumbler - Set of 4,£9.00,(£2.25/each),drinks,soft_drink,2024-11-19
Coca-Cola Lemon 1.75L,£2.49,(14.2p/100ml),drinks,soft_drink,2024-11-19
George Home Amber Bubble Tumbler,£2.50,(£2.50/each),drinks,soft_drink,2024-11-19
Pepsi Max 12 x 330ml,£4.50,(11.4p/100ml),drinks,soft_drink,2024-11-19
Pepsi Max Lime No Sugar Cola Cans,£10.50,(13.3p/100ml),drinks,soft_drink,2024-11-19
Radnor Fizz Tropical No Added Sugar Bottles,£2.00,(15.2p/100ml),drinks,soft_drink,2024-11-19
George Home 40oz Tumbler with Straw and Handle,£8.00,(£8.00/each),drinks,soft_drink,2024-11-19
7UP Zero Sugar,£1.55,(31.0p/100ml),drinks,soft_drink,2024-11-19
George Home Grey Ribbed Tumbler Glass - Set of 2,£6.00,(£3.00/each),drinks,soft_drink,2024-11-19
IRN-BRU Sugar Free Soft Drink,£9.50,(12.0p/100ml),drinks,soft_drink,2024-11-19
George Home Clear Stacking Rib Hiball Glass,£2.50,(£2.50/each),drinks,soft_drink,2024-11-19
George Home Clear Can Glass,£2.00,(£2.00/each),drinks,soft_drink,2024-11-19
George Home Amber Bubble Hi-Ball Glass,£2.50,(£2.50/each),drinks,soft_drink,2024-11-19
George Home Hiball Glasses,£4.50,(£1.12/each),drinks,soft_drink,2024-11-19
George Home Stitch Glass Can - Set of 2,£6.00,(£3.00/each),drinks,soft_drink,2024-11-19
At Home with Stacey Solomon Hammered Hi-ball Glasses - Set of 2,£7.00,(£3.50/each),drinks,soft_drink,2024-11-19
George Home Grey Ribbed Hi-Ball Glass - Set of 2,£6.00,(£3.00/each),drinks,soft_drink,2024-11-19
George Home Blue Stacking Rib Hiball Glass,£2.50,(£2.50/each),drinks,soft_drink,2024-11-19
Tango Mango 24 x 330ml,£9.50,(12.0p/100ml),drinks,soft_drink,2024-11-19
George Home 4 x Large Hiball Glass Bundle,£2.40,null,drinks,soft_drink,2024-11-19
George Home Gonk Hiball Glass,£0.80,(80.0p/each),drinks,soft_drink,2024-11-19
Schweppes Mixers Bundle,£3.00,null,drinks,soft_drink,2024-11-19
Tango Editions Mango Sugar Free 8 x 330ml,£3.35,(12.7p/100ml),drinks,soft_drink,2024-11-19
George Home Large Hiball Glass,£0.60,(60.0p/each),drinks,soft_drink,2024-11-19
George Home Soda Glass,£0.60,(60.0p/each),drinks,soft_drink,2024-11-19
Pepsi Max 12 x 330ml,£4.50,(11.4p/100ml),drinks,soft_drink,2024-11-19
George Home Swirl Hi-Ball Glass - Set of 2,£6.00,(£3.00/each),drinks,soft_drink,2024-11-19
Coca-Cola Zero Sugar 18 x 330ml,£8.80,(14.8p/100ml),drinks,soft_drink,2024-11-19
Doritos Dippers Sharing Tortilla Crisps & Pepsi Max Bundle,£5.50,null,drinks,soft_drink,2024-11-19
George Home Timeless Coupe Glass,£1.70,(£1.70/each),drinks,soft_drink,2024-11-19
George Home Mason Jar,£1.00,(£1.00/each),drinks,soft_drink,2024-11-19
George Home Gingerbread Hiball Glass,£0.80,(80.0p/each),drinks,soft_drink,2024-11-19
Pepsi Max No Sugar Mango 24 x 330ml,£10.50,(13.3p/100ml),drinks,soft_drink,2024-11-19
Coca-Cola Original Taste 150ml,£0.60,(40.0p/100ml),drinks,soft_drink,2024-11-19
Pepsi Diet Cans,£4.25,(16.1p/100ml),drinks,soft_drink,2024-11-19
Pepsi Max No Caffeine,£4.25,(16.1p/100ml),drinks,soft_drink,2024-11-19
George Home Nightmare Before Christmas Grey Tumbler - Set of 4,£8.00,(£2.00/each),drinks,soft_drink,2024-11-19
ASDA Diet Orange Crush 2 Litres,£0.80,(4.0p/100ml),drinks,soft_drink,2024-11-19
ASDA ASDA CHERRYADE,£0.80,(4.0p/100ml),drinks,soft_drink,2024-11-19
ASDA Diet Tropical Crush 2 Litres,£0.80,(4.0p/100ml),drinks,soft_drink,2024-11-19
ASDA Diet Lemon & Lime 2 Litres,£0.60,(3.0p/100ml),drinks,soft_drink,2024-11-19
ASDA Diet Iron Brew 2 Litres,£0.80,(4.0p/100ml),drinks,soft_drink,2024-11-19
ASDA Diet Cloudy Lemonade 2 Litres,£0.80,(4.0p/100ml),drinks,soft_drink,2024-11-19
ASDA Cola Zero,£0.49,(2.5p/100ml),drinks,soft_drink,2024-11-19
ASDA Tropical Crush Zero Cans,£1.79,(9.0p/100ml),drinks,soft_drink,2024-11-19
ASDA Diet Lemonade 6 x 330ml,£1.45,(7.3p/100ml),drinks,soft_drink,2024-11-19
ASDA Cherry Cola Zero,£0.49,(2.5p/100ml),drinks,soft_drink,2024-11-19
ASDA Diet Lemonade 2 Litres,£0.60,(3.0p/100ml),drinks,soft_drink,2024-11-19
ASDA Diet Cola 2 Litres,£0.49,(2.5p/100ml),drinks,soft_drink,2024-11-19
Pepsi Max Cans,£10.50,(13.3p/100ml),drinks,soft_drink,2024-11-19
Pepsi Max No Sugar Mango 24 x 330ml,£10.50,(13.3p/100ml),drinks,soft_drink,2024-11-19
Pepsi Max 2 Litres,£2.00,(10.0p/100ml),drinks,soft_drink,2024-11-19
Pepsi Diet,£2.00,(10.0p/100ml),drinks,soft_drink,2024-11-19
Pepsi Max No Caffeine,£2.00,(10.0p/100ml),drinks,soft_drink,2024-11-19
Coca-Cola Original Taste 24 x 330ml,£13.99,(17.7p/100ml),drinks,soft_drink,2024-11-19
Coca-Cola Original Taste,£2.00,(16.0p/100ml),drinks,soft_drink,2024-11-19
Coca-Cola Cherry 1.75L,£2.49,(14.2p/100ml),drinks,soft_drink,2024-11-19
Pepsi Max Mango 2 Litres,£2.00,(10.0p/100ml),drinks,soft_drink,2024-11-19
Pepsi Max Lime No Sugar Cola Bottle,£2.00,(10.0p/100ml),drinks,soft_drink,2024-11-19
Pepsi Max Cherry Bottle,£2.00,(10.0p/100ml),drinks,soft_drink,2024-11-19
Coca-Cola Original Taste 1.5L,£2.00,(13.3p/100ml),drinks,soft_drink,2024-11-19
Diet Coke 24 x 330ml,£8.00,(10.1p/100ml),drinks,soft_drink,2024-11-19
Diet Coke 2L,£2.00,(10.0p/100ml),drinks,soft_drink,2024-11-19
Coca-Cola Original Taste 6 x 250ml,£3.50,(23.3p/100ml),drinks,soft_drink,2024-11-19
Coca-Cola Original Taste 12 x 330ml,£8.25,(20.8p/100ml),drinks,soft_drink,2024-11-19
Coca-Cola Zero Sugar Cherry 8 x 330ml,£4.25,(16.1p/100ml),drinks,soft_drink,2024-11-19
Pepsi Max Caffeine Free 24 x 330ml,£10.50,(13.3p/100ml),drinks,soft_drink,2024-11-19
George Home Green Bubble Tumbler,£2.50,(£2.50/each),drinks,soft_drink,2024-11-19
George Home Blue Ombre Tumbler,£2.00,(£2.00/each),drinks,soft_drink,2024-11-19
Fentimans Classic Cherry Cola,£3.50,(46.7p/100ml),drinks,soft_drink,2024-11-19
George Home Stem Beer Glass - Set of 2,£3.50,(£1.75/each),drinks,soft_drink,2024-11-19
George Home Clear Pint Glass,£0.60,(60.0p/each),drinks,soft_drink,2024-11-19
George Home Feature Hiball Glass,£0.60,(60.0p/each),drinks,soft_drink,2024-11-19
George Home Gold Metallic Tumbler,£2.50,(£2.50/each),drinks,soft_drink,2024-11-19
George Home Tumbler,£1.50,(£1.50/each),drinks,soft_drink,2024-11-19
Coca-Cola Zero Sugar Zero Caffeine 2L,£2.00,(10.0p/100ml),drinks,soft_drink,2024-11-19
George Home Linka Hiball,£1.50,(£1.50/each),drinks,soft_drink,2024-11-19
George Home Silver Metallic Tumbler,£2.50,(£2.50/each),drinks,soft_drink,2024-11-19
Coca-Cola Original Taste 4 x 250ml,£4.70,(47.0p/100ml),drinks,soft_drink,2024-11-19
George Home Stainless Steel Cups/Tumblers,£1.50,(75.0p/each),drinks,soft_drink,2024-11-19
George Home Timeless Hiball,£1.50,(£1.50/each),drinks,soft_drink,2024-11-19
Coca-Cola Cherry 8 x 330ml,£5.80,(22.0p/100ml),drinks,soft_drink,2024-11-19
Pepsi Max Lime No Sugar Cola Cans,£4.25,(16.1p/100ml),drinks,soft_drink,2024-11-19
Coca-Cola Zero Sugar Vanilla 24 x 330ml,£10.25,(12.9p/100ml),drinks,soft_drink,2024-11-19
Pepsi 2 litres,£2.15,(10.8p/100ml),drinks,soft_drink,2024-11-19
Coca-Cola Cherry 8 x 330ml,£5.80,(22.0p/100ml),drinks,soft_drink,2024-11-19
Pepsi Max Lime No Sugar Cola Cans,£4.25,(16.1p/100ml),drinks,soft_drink,2024-11-19
Diet Coke No Caffeine 8 x 330ml,£4.25,(16.1p/100ml),drinks,soft_drink,2024-11-19
Pepsi 500ml,£1.60,(32.0p/100ml),drinks,soft_drink,2024-11-19
George Home Clear Bubble Hi-Ball Glass,£2.50,(£2.50/each),drinks,soft_drink,2024-11-19
George Home Snowman Tumbler,£3.00,(£3.00/each),drinks,soft_drink,2024-11-19
George Home Guinea Pig Can Glass,£1.80,(£1.80/each),drinks,soft_drink,2024-11-19
Coca-Cola Zero Sugar Lemon 150ml,£0.60,(40.0p/100ml),drinks,soft_drink,2024-11-19
George Home Marvel Tumblers 4 Pack,£9.00,(£2.25/each),drinks,soft_drink,2024-11-19
George Home 4 Pack Basic Glasses 270ml,£1.40,(35.0p/each),drinks,soft_drink,2024-11-19
George Home Leafy Textured Glass Tumbler,£2.00,(£2.00/each),drinks,soft_drink,2024-11-19
George Home 4 x Pint Glass Bundle,£2.40,null,drinks,soft_drink,2024-11-19
George Home Purple Stacking Rib Hiball Glass,£2.50,(£2.50/each),drinks,soft_drink,2024-11-19
Coca-Cola Classic 500ml,£1.95,(39.0p/100ml),drinks,soft_drink,2024-11-19
Coca-Cola Zero Sugar 150ml,£0.60,(40.0p/100ml),drinks,soft_drink,2024-11-19
George Home Linka Tumbler,£1.50,(£1.50/each),drinks,soft_drink,2024-11-19
George Home Leafy Textured Hi-Ball Glass,£2.00,(£2.00/each),drinks,soft_drink,2024-11-19
Coca-Cola Zero Sugar 1.75L,£2.00,(11.4p/100ml),drinks,soft_drink,2024-11-19
George Home Holly Hiball Glass,£0.80,(80.0p/each),drinks,soft_drink,2024-11-19
George Home Nightmare Before Christmas Mason Jar,£2.00,(£2.00/each),drinks,soft_drink,2024-11-19
Coca-Cola Zero Sugar Lemon 2L,£2.00,(10.0p/100ml),drinks,soft_drink,2024-11-19
Diet Coke No Caffeine 2L,£2.00,(10.0p/100ml),drinks,soft_drink,2024-11-19
Pepsi Max Cherry 1.25 Litres,£1.60,(12.8p/100ml),drinks,soft_drink,2024-11-19
Coca-Cola Zero Sugar Cherry 24 x 330ml,£10.25,(12.9p/100ml),drinks,soft_drink,2024-11-19
George Home Iridescent Ribbed Tumbler,£2.00,(£2.00/each),drinks,soft_drink,2024-11-19
George Home Elysia Hiball,£1.50,(£1.50/each),drinks,soft_drink,2024-11-19
George Home Green Bubble Hi-Ball Glass,£2.50,(£2.50/each),drinks,soft_drink,2024-11-19
George Home Spiderman Mason Jar,£3.00,(£3.00/each),drinks,soft_drink,2024-11-19
George Home Green Stacking Rib Hiball Glass,£2.50,(£2.50/each),drinks,soft_drink,2024-11-19
Coca-Cola Zero Sugar Lemon 8 x 330ml,£4.25,(16.1p/100ml),drinks,soft_drink,2024-11-19
Pepsi Max No Sugar Cola Bottle,£1.55,(31.0p/100ml),drinks,soft_drink,2024-11-19
George Home Nutcracker Shaped Mason Jar,£2.00,(£2.00/each),drinks,soft_drink,2024-11-19
Coca-Cola Zero Sugar Zero Caffeine 24 x 330ml,£10.25,(12.9p/100ml),drinks,soft_drink,2024-11-19
George Home Green Scallop Hiball Glass,£2.50,(£2.50/each),drinks,soft_drink,2024-11-19
George Home Gingerbread Shaped Mason Jar,£2.50,(£2.50/each),drinks,soft_drink,2024-11-19
Coca-Cola Lemon 8 x 330ml,£5.80,(22.0p/100ml),drinks,soft_drink,2024-11-19
The Great Outdoors Novelty Beer Socks & Tankard,£7.00,(£7.00/each),drinks,soft_drink,2024-11-19
George Home Pumpkin Hiball Glass,£2.50,(£2.50/each),drinks,soft_drink,2024-11-19
Coca-Cola Zero Sugar 30 x 330ml,£10.00,(10.1p/100ml),drinks,soft_drink,2024-11-19
Coca-Cola Zero Sugar 30 x 330ml,£10.00,(10.1p/100ml),drinks,soft_drink,2024-11-19
George Home Amber Bubble Hi-Ball Glass,£2.50,(£2.50/each),drinks,soft_drink,2024-11-19
George Home 40oz Tumbler with Straw and Handle,£8.00,(£8.00/each),drinks,soft_drink,2024-11-19
Pepsi Max 1.25 Litres,£1.60,(12.8p/100ml),drinks,soft_drink,2024-11-19
Coca-Cola Zero Sugar Zero Caffeine 8 x 330ml,£4.25,(16.1p/100ml),drinks,soft_drink,2024-11-19
George Home Clear Stacking Rib Hiball Glass,£2.50,(£2.50/each),drinks,soft_drink,2024-11-19
Coca-Cola Zero Sugar Cherry 2 L,£2.00,(10.0p/100ml),drinks,soft_drink,2024-11-19
George Home Allerga Hiball,£1.50,(£1.50/each),drinks,soft_drink,2024-11-19
Fentimans Classic Curiosity Cola,£3.50,(46.7p/100ml),drinks,soft_drink,2024-11-19
Diet Coke 150ml,£0.60,(40.0p/100ml),drinks,soft_drink,2024-11-19
Pepsi Max 3 for £24 Drinks Bundle 72 Cans,£24.00,null,drinks,soft_drink,2024-11-19
George Home Cockerpoo Hiball,£1.00,(£1.00/each),drinks,soft_drink,2024-11-19
Diet Coke 1.75L,£2.00,(11.4p/100ml),drinks,soft_drink,2024-11-19
George Home Clear Can Glass,£2.00,(£2.00/each),drinks,soft_drink,2024-11-19
Diet Coke 500ml,£1.70,(34.0p/100ml),drinks,soft_drink,2024-11-19
George Home Stitch Glass Can - Set of 2,£6.00,(£3.00/each),drinks,soft_drink,2024-11-19
George Home Grey Ribbed Tumbler Glass - Set of 2,£6.00,(£3.00/each),drinks,soft_drink,2024-11-19
Pepsi Max Mango 8 x 330ml,£4.25,(16.1p/100ml),drinks,soft_drink,2024-11-19
George Home Gonk Hiball Glass,£0.80,(80.0p/each),drinks,soft_drink,2024-11-19
George Home Large Hiball Glass,£0.60,(60.0p/each),drinks,soft_drink,2024-11-19
Coca-Cola Zero Sugar 500ml,£1.70,(34.0p/100ml),drinks,soft_drink,2024-11-19
Pepsi Max 12 x 330ml,£4.50,(11.4p/100ml),drinks,soft_drink,2024-11-19
George Home Soda Glass,£0.60,(60.0p/each),drinks,soft_drink,2024-11-19
Coca-Cola Zero Sugar 2L,£2.00,(10.0p/100ml),drinks,soft_drink,2024-11-19
Pepsi Max Cherry Cans,£4.25,(16.1p/100ml),drinks,soft_drink,2024-11-19
Pepsi Max Cherry Cola,£10.50,(13.3p/100ml),drinks,soft_drink,2024-11-19
George Home Amber Bubble Tumbler,£2.50,(£2.50/each),drinks,soft_drink,2024-11-19
George Home Marvel Hiball,£1.50,(£1.50/each),drinks,soft_drink,2024-11-19
Diet Coke 18 x 330ml,£8.80,(14.8p/100ml),drinks,soft_drink,2024-11-19
George Home Nightmare Before Christmas Glass Can - Set of 2,£5.00,(£2.50/each),drinks,soft_drink,2024-11-19
George Home Clear Bubble Tumbler,£2.50,(£2.50/each),drinks,soft_drink,2024-11-19
George Home 4 x Large Hiball Glass Bundle,£2.40,null,drinks,soft_drink,2024-11-19
Pepsi Max Lime No Sugar Cola Bottle,£1.60,(12.8p/100ml),drinks,soft_drink,2024-11-19
George Home Hiball Glasses,£4.50,(£1.12/each),drinks,soft_drink,2024-11-19
Coca-Cola Lemon 1.75L,£2.49,(14.2p/100ml),drinks,soft_drink,2024-11-19
George Home Disney Stitch Tumbler - Set of 4,£9.00,(£2.25/each),drinks,soft_drink,2024-11-19
George Home Blue Stacking Rib Hiball Glass,£2.50,(£2.50/each),drinks,soft_drink,2024-11-19
At Home with Stacey Solomon Hammered Hi-ball Glasses - Set of 2,£7.00,(£3.50/each),drinks,soft_drink,2024-11-19
George Home Grey Ribbed Hi-Ball Glass - Set of 2,£6.00,(£3.00/each),drinks,soft_drink,2024-11-19
Pepsi Max Lime No Sugar Cola Bottle,£1.60,(12.8p/100ml),drinks,soft_drink,2024-11-19
Pepsi Max Lime No Sugar Cola Cans,£10.50,(13.3p/100ml),drinks,soft_drink,2024-11-19
George Home Nightmare Before Christmas Glass Can - Set of 2,£5.00,(£2.50/each),drinks,soft_drink,2024-11-19
Pepsi Max Cherry Cola,£10.50,(13.3p/100ml),drinks,soft_drink,2024-11-19
George Home Amber Bubble Tumbler,£2.50,(£2.50/each),drinks,soft_drink,2024-11-19
George Home Marvel Hiball,£1.50,(£1.50/each),drinks,soft_drink,2024-11-19
Diet Coke 18 x 330ml,£8.80,(14.8p/100ml),drinks,soft_drink,2024-11-19
George Home Timeless Glass Tumbler,£1.50,(£1.50/each),drinks,soft_drink,2024-11-19
Coca-Cola Zero Sugar 18 x 330ml,£8.80,(14.8p/100ml),drinks,soft_drink,2024-11-19
Coca-Cola Original Taste 150ml,£0.60,(40.0p/100ml),drinks,soft_drink,2024-11-19
George Home Gingerbread Hiball Glass,£0.80,(80.0p/each),drinks,soft_drink,2024-11-19
Pepsi 8 x 330ml,£4.30,(16.3p/100ml),drinks,soft_drink,2024-11-19
Coca-Cola Original Taste Bottle,£2.49,(14.2p/100ml),drinks,soft_drink,2024-11-19
Pepsi Diet Cans,£4.25,(16.1p/100ml),drinks,soft_drink,2024-11-19
George Home Mason Jar,£1.00,(£1.00/each),drinks,soft_drink,2024-11-19
George Home Timeless Coupe Glass,£1.70,(£1.70/each),drinks,soft_drink,2024-11-19
George Home Swirl Hi-Ball Glass - Set of 2,£6.00,(£3.00/each),drinks,soft_drink,2024-11-19
Doritos Dippers Sharing Tortilla Crisps & Pepsi Max Bundle,£5.50,null,drinks,soft_drink,2024-11-19
Pepsi Diet Cans,£10.50,(13.3p/100ml),drinks,soft_drink,2024-11-19
Pepsi Max No Caffeine,£4.25,(16.1p/100ml),drinks,soft_drink,2024-11-19
George Home Nightmare Before Christmas Grey Tumbler - Set of 4,£8.00,(£2.00/each),drinks,soft_drink,2024-11-19
ASDA Cherry Cola Zero,£0.49,(2.5p/100ml),drinks,soft_drink,2024-11-19
ASDA Cola Zero,£0.49,(2.5p/100ml),drinks,soft_drink,2024-11-19
ASDA Cola 2 Litres,£0.70,(3.5p/100ml),drinks,soft_drink,2024-11-19
ASDA Diet Cola 2 Litres,£0.49,(2.5p/100ml),drinks,soft_drink,2024-11-19
Schweppes Lemonade 2L,£1.35,(6.8p/100ml),drinks,soft_drink,2024-11-19
Schweppes Original Lemonade 12 x 150ml,£5.90,(32.8p/100ml),drinks,soft_drink,2024-11-19
Schweppes Peppermint Flavour Cordial 1L,£2.75,(27.5p/100ml),drinks,soft_drink,2024-11-19
Schweppes Indian Tonic Water 1L,£1.75,(17.5p/100ml),drinks,soft_drink,2024-11-19
Schweppes Slimline Tonic Water 1L,£1.75,(17.5p/100ml),drinks,soft_drink,2024-11-19
Schweppes Canada Dry Ginger Ale 1L,£1.75,(17.5p/100ml),drinks,soft_drink,2024-11-19
Schweppes Slimline Bitter Lemon 1L,£1.75,(17.5p/100ml),drinks,soft_drink,2024-11-19
Schweppes Slimline Tonic Water 12 x 150ml,£5.90,(32.8p/100ml),drinks,soft_drink,2024-11-19
Schweppes Slimline Canada Dry Ginger Ale 1L,£1.75,(17.5p/100ml),drinks,soft_drink,2024-11-19
Schweppes Soda Water 1L,£1.75,(17.5p/100ml),drinks,soft_drink,2024-11-19
Schweppes Slimline Lemonade 2L,£1.35,(6.8p/100ml),drinks,soft_drink,2024-11-19
Schweppes Slimline Elderflower Tonic Water 1L,£1.75,(17.5p/100ml),drinks,soft_drink,2024-11-19
Schweppes Mixers Bundle,£3.00,null,drinks,soft_drink,2024-11-19
Schweppes Canada Dry Ginger Ale 12 x 150ml,£5.90,(32.8p/100ml),drinks,soft_drink,2024-11-19
Schweppes Pink Soda Cans,£5.90,(32.8p/100ml),drinks,soft_drink,2024-11-19
Schweppes Tonic Water 12 x 150ml,£5.90,(32.8p/100ml),drinks,soft_drink,2024-11-19
Schweppes Slimline Grapefuit Tonic Water 1L,£1.75,(17.5p/100ml),drinks,soft_drink,2024-11-19
ASDA Classic Lemonade 2 Litres,£0.60,(3.0p/100ml),drinks,soft_drink,2024-11-19
ASDA Diet Lemonade 2 Litres,£0.60,(3.0p/100ml),drinks,soft_drink,2024-11-19
ASDA Lemonade Bottles,£3.75,(12.5p/100ml),drinks,soft_drink,2024-11-19
ASDA Diet Lemonade 6 x 330ml,£1.45,(7.3p/100ml),drinks,soft_drink,2024-11-19
ASDA Diet Lemon & Lime 2 Litres,£0.60,(3.0p/100ml),drinks,soft_drink,2024-11-19
ASDA Diet Cloudy Lemonade 2 Litres,£0.80,(4.0p/100ml),drinks,soft_drink,2024-11-19
ASDA Diet Pink Lemonade 2 Litres,£1.00,(5.0p/100ml),drinks,soft_drink,2024-11-19
George Home Stem Beer Glass - Set of 2,£3.50,(£1.75/each),drinks,soft_drink,2024-11-19
George Home Blue Ombre Tumbler,£2.00,(£2.00/each),drinks,soft_drink,2024-11-19
George Home Gold Metallic Tumbler,£2.50,(£2.50/each),drinks,soft_drink,2024-11-19
George Home Green Bubble Tumbler,£2.50,(£2.50/each),drinks,soft_drink,2024-11-19
George Home Clear Pint Glass,£0.60,(60.0p/each),drinks,soft_drink,2024-11-19
George Home Feature Hiball Glass,£0.60,(60.0p/each),drinks,soft_drink,2024-11-19
Sprite 150ml,£0.60,(40.0p/100ml),drinks,soft_drink,2024-11-19
Sprite 1.5L,£2.00,(13.3p/100ml),drinks,soft_drink,2024-11-19
George Home Leafy Textured Hi-Ball Glass,£2.00,(£2.00/each),drinks,soft_drink,2024-11-19
George Home 4 x Pint Glass Bundle,£2.40,null,drinks,soft_drink,2024-11-19
George Home Pink Ombre Hi-Ball Glass,£2.50,(£2.50/each),drinks,soft_drink,2024-11-19
George Home Clear Bubble Hi-Ball Glass,£2.50,(£2.50/each),drinks,soft_drink,2024-11-19
George Home Tumbler,£1.50,(£1.50/each),drinks,soft_drink,2024-11-19
George Home Linka Hiball,£1.50,(£1.50/each),drinks,soft_drink,2024-11-19
George Home Silver Metallic Tumbler,£2.50,(£2.50/each),drinks,soft_drink,2024-11-19
George Home Stainless Steel Cups/Tumblers,£1.50,(75.0p/each),drinks,soft_drink,2024-11-19
George Home Timeless Hiball,£1.50,(£1.50/each),drinks,soft_drink,2024-11-19
Fanta Lemon 8 x 330ml,£3.75,(14.2p/100ml),drinks,soft_drink,2024-11-19
George Home Linka Tumbler,£1.50,(£1.50/each),drinks,soft_drink,2024-11-19
Sprite Zero Sugar 8 x 330ml,£3.75,(14.2p/100ml),drinks,soft_drink,2024-11-19
George Home Marvel Tumblers 4 Pack,£9.00,(£2.25/each),drinks,soft_drink,2024-11-19
George Home Guinea Pig Can Glass,£1.80,(£1.80/each),drinks,soft_drink,2024-11-19
George Home 4 Pack Basic Glasses 270ml,£1.40,(35.0p/each),drinks,soft_drink,2024-11-19
George Home Holly Hiball Glass,£0.80,(80.0p/each),drinks,soft_drink,2024-11-19
George Home Elysia Hiball,£1.50,(£1.50/each),drinks,soft_drink,2024-11-19
George Home Nightmare Before Christmas Mason Jar,£2.00,(£2.00/each),drinks,soft_drink,2024-11-19
Sprite Zero Sugar 2L,£1.90,(9.5p/100ml),drinks,soft_drink,2024-11-19
George Home Cockerpoo Hiball,£1.00,(£1.00/each),drinks,soft_drink,2024-11-19
George Home Pumpkin Hiball Glass,£2.50,(£2.50/each),drinks,soft_drink,2024-11-19
The Great Outdoors Novelty Beer Socks & Tankard,£7.00,(£7.00/each),drinks,soft_drink,2024-11-19
George Home Snowman Tumbler,£3.00,(£3.00/each),drinks,soft_drink,2024-11-19
George Home Nutcracker Shaped Mason Jar,£2.00,(£2.00/each),drinks,soft_drink,2024-11-19
Sprite Zero Sugar 8 x 330ml,£3.75,(14.2p/100ml),drinks,soft_drink,2024-11-19
George Home 4 x Pint Glass Bundle,£2.40,null,drinks,soft_drink,2024-11-19
George Home Nightmare Before Christmas Mason Jar,£2.00,(£2.00/each),drinks,soft_drink,2024-11-19
George Home Holly Hiball Glass,£0.80,(80.0p/each),drinks,soft_drink,2024-11-19
George Home Green Bubble Hi-Ball Glass,£2.50,(£2.50/each),drinks,soft_drink,2024-11-19
George Home Green Stacking Rib Hiball Glass,£2.50,(£2.50/each),drinks,soft_drink,2024-11-19
George Home Spiderman Mason Jar,£3.00,(£3.00/each),drinks,soft_drink,2024-11-19
George Home Gingerbread Shaped Mason Jar,£2.50,(£2.50/each),drinks,soft_drink,2024-11-19
Sprite Zero Sugar 2L,£1.90,(9.5p/100ml),drinks,soft_drink,2024-11-19
George Home Cockerpoo Hiball,£1.00,(£1.00/each),drinks,soft_drink,2024-11-19
George Home Pumpkin Hiball Glass,£2.50,(£2.50/each),drinks,soft_drink,2024-11-19
The Great Outdoors Novelty Beer Socks & Tankard,£7.00,(£7.00/each),drinks,soft_drink,2024-11-19
George Home Green Scallop Hiball Glass,£2.50,(£2.50/each),drinks,soft_drink,2024-11-19
George Home Amber Bubble Hi-Ball Glass,£2.50,(£2.50/each),drinks,soft_drink,2024-11-19
George Home 40oz Tumbler with Straw and Handle,£8.00,(£8.00/each),drinks,soft_drink,2024-11-19
7UP Zero Sugar,£1.55,(31.0p/100ml),drinks,soft_drink,2024-11-19
George Home Clear Can Glass,£2.00,(£2.00/each),drinks,soft_drink,2024-11-19
George Home Grey Ribbed Tumbler Glass - Set of 2,£6.00,(£3.00/each),drinks,soft_drink,2024-11-19
George Home Stitch Glass Can - Set of 2,£6.00,(£3.00/each),drinks,soft_drink,2024-11-19
George Home Blue Stacking Rib Hiball Glass,£2.50,(£2.50/each),drinks,soft_drink,2024-11-19
George Home 4 x Large Hiball Glass Bundle,£2.40,null,drinks,soft_drink,2024-11-19
San Pellegrino Sparkling Lemon Cans,£4.50,(22.7p/100ml),drinks,soft_drink,2024-11-19
Sprite Lemon-Lime 8 x 330ml,£3.75,(14.2p/100ml),drinks,soft_drink,2024-11-19
George Home Allerga Hiball,£1.50,(£1.50/each),drinks,soft_drink,2024-11-19
George Home Disney Stitch Tumbler - Set of 4,£9.00,(£2.25/each),drinks,soft_drink,2024-11-19
George Home Hiball Glasses,£4.50,(£1.12/each),drinks,soft_drink,2024-11-19
George Home Ribbed Hiball 2 Pack,£6.00,(£3.00/each),drinks,soft_drink,2024-11-19
George Home Clear Bubble Tumbler,£2.50,(£2.50/each),drinks,soft_drink,2024-11-19
George Home Grey Ribbed Hi-Ball Glass - Set of 2,£6.00,(£3.00/each),drinks,soft_drink,2024-11-19
At Home with Stacey Solomon Hammered Hi-ball Glasses - Set of 2,£7.00,(£3.50/each),drinks,soft_drink,2024-11-19
George Home Gonk Hiball Glass,£0.80,(80.0p/each),drinks,soft_drink,2024-11-19
George Home Amber Bubble Tumbler,£2.50,(£2.50/each),drinks,soft_drink,2024-11-19
George Home Large Hiball Glass,£0.60,(60.0p/each),drinks,soft_drink,2024-11-19
George Home Soda Glass,£0.60,(60.0p/each),drinks,soft_drink,2024-11-19
ASDA Diet Iron Brew 2 Litres,£0.80,(4.0p/100ml),drinks,soft_drink,2024-11-19
7UP Refreshing Lemon & Lime Taste 8 x 330ml,£3.35,(12.7p/100ml),drinks,soft_drink,2024-11-19
George Home Nightmare Before Christmas Glass Can - Set of 2,£5.00,(£2.50/each),drinks,soft_drink,2024-11-19
George Home Clear Stacking Rib Hiball Glass,£2.50,(£2.50/each),drinks,soft_drink,2024-11-19
George Home Timeless Glass Tumbler,£1.50,(£1.50/each),drinks,soft_drink,2024-11-19
George Home Swirl Hi-Ball Glass - Set of 2,£6.00,(£3.00/each),drinks,soft_drink,2024-11-19
George Home Timeless Coupe Glass,£1.70,(£1.70/each),drinks,soft_drink,2024-11-19
George Home Gingerbread Hiball Glass,£0.80,(80.0p/each),drinks,soft_drink,2024-11-19
George Home Marvel Hiball,£1.50,(£1.50/each),drinks,soft_drink,2024-11-19
George Home Mason Jar,£1.00,(£1.00/each),drinks,soft_drink,2024-11-19
George Home Nightmare Before Christmas Grey Tumbler - Set of 4,£8.00,(£2.00/each),drinks,soft_drink,2024-11-19
Vimto Fizzy Original,£1.00,(5.0p/100ml),drinks,soft_drink,2024-11-19
Fanta Orange 8 x 330ml,£3.75,(14.2p/100ml),drinks,soft_drink,2024-11-19
Fanta Fruit Twist 8 x 330ml,£3.75,(14.2p/100ml),drinks,soft_drink,2024-11-19
Fanta Orange Zero 8 x 330ml,£3.75,(14.2p/100ml),drinks,soft_drink,2024-11-19
Fanta Zero Sugar Fruit Twist 8 x 330ml,£3.75,(14.2p/100ml),drinks,soft_drink,2024-11-19
Fanta Lemon 24 x 330ml,£10.25,(12.9p/100ml),drinks,soft_drink,2024-11-19
ASDA Raspberry Ripple Flavour Soda 2 Litres,£0.65,(3.2p/100ml),drinks,soft_drink,2024-11-19
ASDA ASDA CHERRYADE,£0.80,(4.0p/100ml),drinks,soft_drink,2024-11-19
ASDA Peaches & Cream Flavour Soda 2 Litres,£0.65,(3.2p/100ml),drinks,soft_drink,2024-11-19
ASDA Diet Orange Crush 2 Litres,£0.80,(4.0p/100ml),drinks,soft_drink,2024-11-19
ASDA Rhubarb Crumble & Custard Flavour Soda 2 Litres,£0.65,(3.2p/100ml),drinks,soft_drink,2024-11-19
ASDA Diet Tropical Crush 2 Litres,£0.80,(4.0p/100ml),drinks,soft_drink,2024-11-19
ASDA Diet Dandelion & Burdock 2 Litres,£0.80,(4.0p/100ml),drinks,soft_drink,2024-11-19
Vimto 8 x 330ml,£3.00,(11.4p/100ml),drinks,soft_drink,2024-11-19
ASDA Diet Cream Soda 2 Litres,£0.80,(4.0p/100ml),drinks,soft_drink,2024-11-19
Dr Pepper 2L,£2.00,(10.0p/100ml),drinks,soft_drink,2024-11-19
Slush Puppie The Original Fizzie Green Apple 2 Litre,£1.00,(5.0p/100ml),drinks,soft_drink,2024-11-19
Fanta Icy Lemon 2 Litre,£2.00,(10.0p/100ml),drinks,soft_drink,2024-11-19
Slush Puppie Fizzy Blue Raspberry Drink,£1.00,(5.0p/100ml),drinks,soft_drink,2024-11-19
ASDA Tropical Crush Zero Cans,£1.79,(9.0p/100ml),drinks,soft_drink,2024-11-19
Slush Puppie Fizzy Strawberry Drink,£1.00,(5.0p/100ml),drinks,soft_drink,2024-11-19
Tango Orange,£2.00,(10.0p/100ml),drinks,soft_drink,2024-11-19
Tango Apple Sugar Free Cans,£3.35,(12.7p/100ml),drinks,soft_drink,2024-11-19
Tango Orange Cans,£3.35,(12.7p/100ml),drinks,soft_drink,2024-11-19
Dr Pepper 8 x 330ml,£3.75,(14.2p/100ml),drinks,soft_drink,2024-11-19
Niru Sparkling Pineapple,£1.50,(7.5p/100ml),drinks,soft_drink,2024-11-19
Vimto Vimto Zero 8 x 330ml,£3.00,(11.4p/100ml),drinks,soft_drink,2024-11-19
Fanta Fruit Twist Zero 2L,£2.00,(10.0p/100ml),drinks,soft_drink,2024-11-19
Fanta Lemon 8 x 330ml,£3.75,(14.2p/100ml),drinks,soft_drink,2024-11-19
ASDA Diet Ginger Beer,£0.80,(4.0p/100ml),drinks,soft_drink,2024-11-19
Radnor Fizz Strawberry 4 x 330ml,£2.00,(15.2p/100ml),drinks,soft_drink,2024-11-19
Rubicon Sparkling Passionfruit Juice Soft Drink 24 x 330ml,£9.50,(12.0p/100ml),drinks,soft_drink,2024-11-19
Rubicon Sparkling Passion Juice Soft Drink,£8.50,(14.3p/100ml),drinks,soft_drink,2024-11-19
7UP 3 for £24 Drinks Bundle 72 Cans,£24.00,null,drinks,soft_drink,2024-11-19
Shloer White Grape Sparkling Juice Drink,£1.85,(24.7p/100ml),drinks,soft_drink,2024-11-19
George Home Stem Beer Glass - Set of 2,£3.50,(£1.75/each),drinks,soft_drink,2024-11-19
KA Sparkling Fruit Punch Soft Drink,£1.50,(7.5p/100ml),drinks,soft_drink,2024-11-19
Tango Sugar Free Orange Cans,£3.35,(12.7p/100ml),drinks,soft_drink,2024-11-19
IRN-BRU Xtra Sugar Free Soft Drink,£9.50,(12.0p/100ml),drinks,soft_drink,2024-11-19
George Home Pink Ombre Hi-Ball Glass,£2.50,(£2.50/each),drinks,soft_drink,2024-11-19
George Home Clear Bubble Hi-Ball Glass,£2.50,(£2.50/each),drinks,soft_drink,2024-11-19
Shloer Red Grape Sparkling Juice Drink,£1.85,(24.7p/100ml),drinks,soft_drink,2024-11-19
Dr Pepper Zero 8 x 330ml,£3.75,(14.2p/100ml),drinks,soft_drink,2024-11-19
Rubicon Sparkling Mango Juice Soft Drink,£0.80,(24.2p/100ml),drinks,soft_drink,2024-11-19
Rubicon Spring Orange Mango Sparkling Spring Water Drink,£1.25,(8.3p/100ml),drinks,soft_drink,2024-11-19
Pepsi Max Mango 1.25L,£1.60,(12.8p/100ml),drinks,soft_drink,2024-11-19
George Home Green Bubble Tumbler,£2.50,(£2.50/each),drinks,soft_drink,2024-11-19
Rubicon Sparkling Passion Fruit Juice Soft Drink,£3.65,(18.4p/100ml),drinks,soft_drink,2024-11-19
George Home Clear Pint Glass,£0.60,(60.0p/each),drinks,soft_drink,2024-11-19
Sprite 150ml,£0.60,(40.0p/100ml),drinks,soft_drink,2024-11-19
Vimto Fizzy Original,£1.00,(5.0p/100ml),drinks,soft_drink,2024-11-19
7UP 3 for £24 Drinks Bundle 72 Cans,£24.00,null,drinks,soft_drink,2024-11-19
George Home Blue Ombre Tumbler,£2.00,(£2.00/each),drinks,soft_drink,2024-11-19
Old Jamaica Tropical Soda Sparkling Tropical Flavour Soft Drink,£0.40,(12.1p/100ml),drinks,soft_drink,2024-11-19
KA Sparkling Black Grape Juice Soft Drink,£1.50,(7.5p/100ml),drinks,soft_drink,2024-11-19
IRN-BRU Xtra Sugar Free Soft Drink,£9.50,(12.0p/100ml),drinks,soft_drink,2024-11-19
George Home Gold Metallic Tumbler,£2.50,(£2.50/each),drinks,soft_drink,2024-11-19
George Home Linka Hiball,£1.50,(£1.50/each),drinks,soft_drink,2024-11-19
Belvoir Raspberry Lemonade,£3.25,(43.3p/100ml),drinks,soft_drink,2024-11-19
KA Sparkling Fruit Punch Soft Drink,£0.60,(18.2p/100ml),drinks,soft_drink,2024-11-19
Shloer Red Grape Sparkling Juice Drink,£1.85,(24.7p/100ml),drinks,soft_drink,2024-11-19
Coca-Cola Original Taste 4 x 250ml,£4.70,(47.0p/100ml),drinks,soft_drink,2024-11-19
George Home Stainless Steel Cups/Tumblers,£1.50,(75.0p/each),drinks,soft_drink,2024-11-19
Tango Sugar Free Cherry 24 x 330ml (8.4kg),£9.50,(12.0p/100ml),drinks,soft_drink,2024-11-19
George Home Silver Metallic Tumbler,£2.50,(£2.50/each),drinks,soft_drink,2024-11-19
George Home Timeless Hiball,£1.50,(£1.50/each),drinks,soft_drink,2024-11-19
Sprite Zero Sugar 24 x 330ml,£10.25,(12.9p/100ml),drinks,soft_drink,2024-11-19
Old Jamaica Extra Fiery Ginger Beer Zero Sugar,£0.40,(12.1p/100ml),drinks,soft_drink,2024-11-19
George Home Tumbler,£1.50,(£1.50/each),drinks,soft_drink,2024-11-19
George Home Clear Bubble Hi-Ball Glass,£2.50,(£2.50/each),drinks,soft_drink,2024-11-19
Pepsi Max Mango 1.25L,£1.60,(12.8p/100ml),drinks,soft_drink,2024-11-19
George Home Pink Ombre Hi-Ball Glass,£2.50,(£2.50/each),drinks,soft_drink,2024-11-19
Dr Pepper Zero 8 x 330ml,£3.75,(14.2p/100ml),drinks,soft_drink,2024-11-19
Appletiser Sparkling Apple Juice 150ml,£0.60,(40.0p/100ml),drinks,soft_drink,2024-11-19
Rubicon Sparkling Mango Juice Soft Drink,£0.80,(24.2p/100ml),drinks,soft_drink,2024-11-19
Rubicon Spring Orange Mango Sparkling Spring Water Drink,£1.25,(8.3p/100ml),drinks,soft_drink,2024-11-19
Dalston's Real Squeezed Rhubarb & Sparkling Water 4 x 330ml,£4.00,(30.3p/100ml),drinks,soft_drink,2024-11-19
Tango Editions Mango 2 Liters,£2.00,(10.0p/100ml),drinks,soft_drink,2024-11-19
IRN-BRU Soft Drink,£9.50,(12.0p/100ml),drinks,soft_drink,2024-11-19
George Home 4 x Pint Glass Bundle,£2.40,null,drinks,soft_drink,2024-11-19
Fanta Orange 18 x 330ml,£8.10,(13.6p/100ml),drinks,soft_drink,2024-11-19
Old Jamaica Pineapple Soda,£0.40,(12.1p/100ml),drinks,soft_drink,2024-11-19
Baldwin's Original Sarsaparilla,£1.95,(19.5p/100ml),drinks,soft_drink,2024-11-19
George Home Guinea Pig Hiball Glass,£0.80,(80.0p/each),drinks,soft_drink,2024-11-19
Old Jamaica Ginger Beer,£0.40,(12.1p/100ml),drinks,soft_drink,2024-11-19
Dr Pepper Zero 24 x 330ml,£10.25,(12.9p/100ml),drinks,soft_drink,2024-11-19
Sprite Zero Sugar 8 x 330ml,£3.75,(14.2p/100ml),drinks,soft_drink,2024-11-19
George Home Leafy Textured Glass Tumbler,£2.00,(£2.00/each),drinks,soft_drink,2024-11-19
Bigga Grape Flavour Soft Drink,£1.35,(22.5p/100ml),drinks,soft_drink,2024-11-19
Radnor Fizz Apple No Added Sugar Bottles,£2.00,(15.2p/100ml),drinks,soft_drink,2024-11-19
San Pellegrino Sparkling Orange Cans,£4.50,(22.7p/100ml),drinks,soft_drink,2024-11-19
Tango Sugar Free Orange,£2.00,(10.0p/100ml),drinks,soft_drink,2024-11-19
Bottlegreen Sparkling Elderflower Light Presse Drink,£2.25,(30.0p/100ml),drinks,soft_drink,2024-11-19
George Home Linka Tumbler,£1.50,(£1.50/each),drinks,soft_drink,2024-11-19
Old Jamaica Ginger Beer Regular,£1.25,(8.3p/100ml),drinks,soft_drink,2024-11-19
Shloer Rose Sparkling Grape Juice Drink,£1.85,(24.7p/100ml),drinks,soft_drink,2024-11-19
Old Jamaica Diet Ginger Beer,£0.40,(12.1p/100ml),drinks,soft_drink,2024-11-19
Tango Dark Berry Sugar Free,£3.35,(12.7p/100ml),drinks,soft_drink,2024-11-19
Fanta Fruit Twist 2L,£2.00,(10.0p/100ml),drinks,soft_drink,2024-11-19
Tropical Vibes Lemonade Ocean Blue,£0.85,(28.3p/100ml),drinks,soft_drink,2024-11-19
George Home Elysia Hiball,£1.50,(£1.50/each),drinks,soft_drink,2024-11-19
George Home Holly Hiball Glass,£0.80,(80.0p/each),drinks,soft_drink,2024-11-19
George Home Nightmare Before Christmas Mason Jar,£2.00,(£2.00/each),drinks,soft_drink,2024-11-19
George Home Iridescent Ribbed Tumbler,£2.00,(£2.00/each),drinks,soft_drink,2024-11-19
Sprite 2L,£2.00,(10.0p/100ml),drinks,soft_drink,2024-11-19
Vimto Fizzy Original,£1.00,(5.0p/100ml),drinks,soft_drink,2024-11-19
Fanta Fruit Twist 2L,£2.00,(10.0p/100ml),drinks,soft_drink,2024-11-19
George Home Green Bubble Hi-Ball Glass,£2.50,(£2.50/each),drinks,soft_drink,2024-11-19
Sprite 2L,£2.00,(10.0p/100ml),drinks,soft_drink,2024-11-19
George Home Iridescent Ribbed Tumbler,£2.00,(£2.00/each),drinks,soft_drink,2024-11-19
Tropical Vibes Lemonade Ocean Blue,£0.85,(28.3p/100ml),drinks,soft_drink,2024-11-19
George Home Elysia Hiball,£1.50,(£1.50/each),drinks,soft_drink,2024-11-19
George Home Gingerbread Shaped Mason Jar,£2.50,(£2.50/each),drinks,soft_drink,2024-11-19
George Home Green Scallop Hiball Glass,£2.50,(£2.50/each),drinks,soft_drink,2024-11-19
George Home Snowman Tumbler,£3.00,(£3.00/each),drinks,soft_drink,2024-11-19
Rubicon Sparkling Mango Juice Soft Drink,£3.65,(18.4p/100ml),drinks,soft_drink,2024-11-19
Shandy Carib Sorrel,£1.50,(£5.45/lt),drinks,soft_drink,2024-11-19
Tropical Vibes Lemonade Paradise Punch,£0.85,(28.3p/100ml),drinks,soft_drink,2024-11-19
Coca-Cola Zero Sugar Lemon 150ml,£0.60,(40.0p/100ml),drinks,soft_drink,2024-11-19
George Home Guinea Pig Can Glass,£1.80,(£1.80/each),drinks,soft_drink,2024-11-19
George Home Nutcracker Shaped Mason Jar,£2.00,(£2.00/each),drinks,soft_drink,2024-11-19
Tropical Vibes Lemonade Sassy Strawberry,£0.85,(28.3p/100ml),drinks,soft_drink,2024-11-19
Dr Pepper Zero 2L,£2.00,(10.0p/100ml),drinks,soft_drink,2024-11-19
George Home Holly Hiball Glass,£0.80,(80.0p/each),drinks,soft_drink,2024-11-19
Tango Dark Berry Sugar Free,£3.35,(12.7p/100ml),drinks,soft_drink,2024-11-19
George Home Nightmare Before Christmas Mason Jar,£2.00,(£2.00/each),drinks,soft_drink,2024-11-19
Sprite Zero Sugar 2L,£1.90,(9.5p/100ml),drinks,soft_drink,2024-11-19
George Home Cockerpoo Hiball,£1.00,(£1.00/each),drinks,soft_drink,2024-11-19
Bigga Pineapple Flavour Soft Drink,£1.35,(22.5p/100ml),drinks,soft_drink,2024-11-19
George Home Pumpkin Hiball Glass,£2.50,(£2.50/each),drinks,soft_drink,2024-11-19
The Great Outdoors Novelty Beer Socks & Tankard,£7.00,(£7.00/each),drinks,soft_drink,2024-11-19
Pepsi Max Mango 8 x 330ml,£4.25,(16.1p/100ml),drinks,soft_drink,2024-11-19
Coca-Cola Zero Sugar Lemon 8 x 330ml,£4.25,(16.1p/100ml),drinks,soft_drink,2024-11-19
7UP 2 Litres,£2.00,(10.0p/100ml),drinks,soft_drink,2024-11-19
George Home 4 Pack Basic Glasses 270ml,£1.40,(35.0p/each),drinks,soft_drink,2024-11-19
George Home Marvel Tumblers 4 Pack,£9.00,(£2.25/each),drinks,soft_drink,2024-11-19
George Home Spiderman Mason Jar,£3.00,(£3.00/each),drinks,soft_drink,2024-11-19
George Home Green Stacking Rib Hiball Glass,£2.50,(£2.50/each),drinks,soft_drink,2024-11-19
Cawston Press Cloudy Apple 4 x 330ml,£4.00,(30.3p/100ml),drinks,soft_drink,2024-11-19
Niru Sparkling Passion Fruit,£1.50,(7.5p/100ml),drinks,soft_drink,2024-11-19
Radnor Fizz Tropical No Added Sugar Bottles,£2.00,(15.2p/100ml),drinks,soft_drink,2024-11-19
IRN-BRU Soft Drink,£4.00,(15.2p/100ml),drinks,soft_drink,2024-11-19
George Home Clear Can Glass,£2.00,(£2.00/each),drinks,soft_drink,2024-11-19
IRN-BRU Sugar Free Soft Drink,£9.50,(12.0p/100ml),drinks,soft_drink,2024-11-19
George Home Amber Bubble Hi-Ball Glass,£2.50,(£2.50/each),drinks,soft_drink,2024-11-19
George Home 40oz Tumbler with Straw and Handle,£8.00,(£8.00/each),drinks,soft_drink,2024-11-19
Dr Pepper 150ml,£0.60,(40.0p/100ml),drinks,soft_drink,2024-11-19
George Home Stitch Glass Can - Set of 2,£6.00,(£3.00/each),drinks,soft_drink,2024-11-19
7UP Zero Sugar,£1.55,(31.0p/100ml),drinks,soft_drink,2024-11-19
George Home Grey Ribbed Tumbler Glass - Set of 2,£6.00,(£3.00/each),drinks,soft_drink,2024-11-19
IRN-BRU Xtra Sugar Free Soft Drink,£1.85,(9.2p/100ml),drinks,soft_drink,2024-11-19
IRN-BRU Soft Drink,£1.85,(9.2p/100ml),drinks,soft_drink,2024-11-19
Sprite Lemon-Lime 8 x 330ml,£3.75,(14.2p/100ml),drinks,soft_drink,2024-11-19
San Pellegrino Sparkling Lemon Cans,£4.50,(22.7p/100ml),drinks,soft_drink,2024-11-19
KA Sparkling Pineapple Juice Soft Drink,£1.50,(7.5p/100ml),drinks,soft_drink,2024-11-19
George Home Allerga Hiball,£1.50,(£1.50/each),drinks,soft_drink,2024-11-19
George Home Clear Stacking Rib Hiball Glass,£2.50,(£2.50/each),drinks,soft_drink,2024-11-19
George Home Hiball Glasses,£4.50,(£1.12/each),drinks,soft_drink,2024-11-19
At Home with Stacey Solomon Hammered Hi-ball Glasses - Set of 2,£7.00,(£3.50/each),drinks,soft_drink,2024-11-19
Cawston Press Rhubarb Blended with Crisp Apples & Sparkling Water 4x330ml,£4.00,(30.3p/100ml),drinks,soft_drink,2024-11-19
Ting Zesty Caribbean Fruit Fizz,£0.40,(12.1p/100ml),drinks,soft_drink,2024-11-19
Rubicon Sparkling Passion 8 x 330ml,£4.00,(15.2p/100ml),drinks,soft_drink,2024-11-19
Vimto Fizzy Original,£1.00,(5.0p/100ml),drinks,soft_drink,2024-11-19
Rubicon Sparkling Passion Fruit Juice Soft Drink,£0.80,(24.2p/100ml),drinks,soft_drink,2024-11-19
George Home Timeless Glass Tumbler,£1.50,(£1.50/each),drinks,soft_drink,2024-11-19
Tango Dark Berry Sugar Free,£2.00,(10.0p/100ml),drinks,soft_drink,2024-11-19
IRN-BRU Sugar Free Soft Drink,£1.85,(9.2p/100ml),drinks,soft_drink,2024-11-19
Rubicon Sparkling Lychee Juice Soft Drink,£0.80,(24.2p/100ml),drinks,soft_drink,2024-11-19
KA Sparkling Black Grape Juice Soft Drink,£0.60,(18.2p/100ml),drinks,soft_drink,2024-11-19
Frugo Blue,£0.64,(25.6p/100ml),drinks,soft_drink,2024-11-19
George Home Ribbed Hiball 2 Pack,£6.00,(£3.00/each),drinks,soft_drink,2024-11-19
Radnor Fizz Tropical No Added Sugar Bottles,£2.00,(15.2p/100ml),drinks,soft_drink,2024-11-19
San Pellegrino Sparkling Lemon Cans,£4.50,(22.7p/100ml),drinks,soft_drink,2024-11-19
George Home 40oz Tumbler with Straw and Handle,£8.00,(£8.00/each),drinks,soft_drink,2024-11-19
7UP Zero Sugar,£1.55,(31.0p/100ml),drinks,soft_drink,2024-11-19
George Home Grey Ribbed Tumbler Glass - Set of 2,£6.00,(£3.00/each),drinks,soft_drink,2024-11-19
George Home Clear Stacking Rib Hiball Glass,£2.50,(£2.50/each),drinks,soft_drink,2024-11-19
KA Sparkling Pineapple Juice Soft Drink,£1.50,(7.5p/100ml),drinks,soft_drink,2024-11-19
IRN-BRU Soft Drink,£4.00,(15.2p/100ml),drinks,soft_drink,2024-11-19
George Home Clear Can Glass,£2.00,(£2.00/each),drinks,soft_drink,2024-11-19
George Home Amber Bubble Hi-Ball Glass,£2.50,(£2.50/each),drinks,soft_drink,2024-11-19
IRN-BRU Sugar Free Soft Drink,£9.50,(12.0p/100ml),drinks,soft_drink,2024-11-19
Dr Pepper 150ml,£0.60,(40.0p/100ml),drinks,soft_drink,2024-11-19
George Home Hiball Glasses,£4.50,(£1.12/each),drinks,soft_drink,2024-11-19
George Home Stitch Glass Can - Set of 2,£6.00,(£3.00/each),drinks,soft_drink,2024-11-19
Cawston Press Rhubarb Blended with Crisp Apples & Sparkling Water 4x330ml,£4.00,(30.3p/100ml),drinks,soft_drink,2024-11-19
Rubicon Sparkling Passion 8 x 330ml,£4.00,(15.2p/100ml),drinks,soft_drink,2024-11-19
At Home with Stacey Solomon Hammered Hi-ball Glasses - Set of 2,£7.00,(£3.50/each),drinks,soft_drink,2024-11-19
George Home Grey Ribbed Hi-Ball Glass - Set of 2,£6.00,(£3.00/each),drinks,soft_drink,2024-11-19
Ting Zesty Caribbean Fruit Fizz,£0.40,(12.1p/100ml),drinks,soft_drink,2024-11-19
George Home Blue Stacking Rib Hiball Glass,£2.50,(£2.50/each),drinks,soft_drink,2024-11-19
Tango Mango 24 x 330ml,£9.50,(12.0p/100ml),drinks,soft_drink,2024-11-19
Niru Sparkling Tropical,£1.50,(7.5p/100ml),drinks,soft_drink,2024-11-19
George Home 4 x Large Hiball Glass Bundle,£2.40,null,drinks,soft_drink,2024-11-19
George Home Gonk Hiball Glass,£0.80,(80.0p/each),drinks,soft_drink,2024-11-19
Tango Editions Mango Sugar Free 8 x 330ml,£3.35,(12.7p/100ml),drinks,soft_drink,2024-11-19
Fanta Orange 2L,£2.00,(10.0p/100ml),drinks,soft_drink,2024-11-19
George Home Large Hiball Glass,£0.60,(60.0p/each),drinks,soft_drink,2024-11-19
George Home Soda Glass,£0.60,(60.0p/each),drinks,soft_drink,2024-11-19
Appletiser Sparkling Apple Juice 6 x 250ml,£3.25,(21.7p/100ml),drinks,soft_drink,2024-11-19
Old Jamaica Cream Soda,£0.40,(12.1p/100ml),drinks,soft_drink,2024-11-19
Tango Orange Cans,£9.50,(12.0p/100ml),drinks,soft_drink,2024-11-19
Bigga Fruit Punch Flavour Soft Drink,£1.35,(22.5p/100ml),drinks,soft_drink,2024-11-19
San Pellegrino Sparkling Blood Orange Cans,£4.50,(22.7p/100ml),drinks,soft_drink,2024-11-19
Shloer Pink Bubbly Non Alcoholic Sparkling Juice Drink,£3.60,(48.0p/100ml),drinks,soft_drink,2024-11-19
George Home Swirl Hi-Ball Glass - Set of 2,£6.00,(£3.00/each),drinks,soft_drink,2024-11-19
George Home Timeless Coupe Glass,£1.70,(£1.70/each),drinks,soft_drink,2024-11-19
George Home Mason Jar,£1.00,(£1.00/each),drinks,soft_drink,2024-11-19
Fanta Lemon 150ml,£0.60,(40.0p/100ml),drinks,soft_drink,2024-11-19
Rubicon Sparkling Mango 8 x 330ml,£4.00,(15.2p/100ml),drinks,soft_drink,2024-11-19
George Home Gingerbread Hiball Glass,£0.80,(80.0p/each),drinks,soft_drink,2024-11-19
J2O Pear & Raspberry Spritz,£3.25,(32.5p/100ml),drinks,soft_drink,2024-11-19
Pepsi Max No Sugar Mango 24 x 330ml,£10.50,(13.3p/100ml),drinks,soft_drink,2024-11-19
Fanta Orange 1.5L,£2.00,(13.3p/100ml),drinks,soft_drink,2024-11-19
J2O Spritz Pear & Raspberry Sparkling Juice Drink,£2.00,(26.7p/100ml),drinks,soft_drink,2024-11-19
Niru Sparkling Mango 2L,£1.50,(7.5p/100ml),drinks,soft_drink,2024-11-19
Old Jamaica Grape Soda,£0.40,(12.1p/100ml),drinks,soft_drink,2024-11-19
George Home Nightmare Before Christmas Grey Tumbler - Set of 4,£8.00,(£2.00/each),drinks,soft_drink,2024-11-19
7UP Cherry 2 Litres,£2.00,(10.0p/100ml),drinks,soft_drink,2024-11-19
Fanta Orange Zero 8 x 330ml,£3.75,(14.2p/100ml),drinks,soft_drink,2024-11-19
Dr Pepper Zero 8 x 330ml,£3.75,(14.2p/100ml),drinks,soft_drink,2024-11-19
Coca-Cola Zero Sugar 24 x 330ml,£8.00,(10.1p/100ml),drinks,soft_drink,2024-11-19
Pepsi Max Cans,£4.25,(16.1p/100ml),drinks,soft_drink,2024-11-19
Pepsi Max 2 Litres,£2.00,(10.0p/100ml),drinks,soft_drink,2024-11-19
Fanta Zero Sugar Fruit Twist 8 x 330ml,£3.75,(14.2p/100ml),drinks,soft_drink,2024-11-19
Sprite Zero Sugar 8 x 330ml,£3.75,(14.2p/100ml),drinks,soft_drink,2024-11-19
Coca-Cola Zero Sugar Cherry 8 x 330ml,£4.25,(16.1p/100ml),drinks,soft_drink,2024-11-19
Pepsi Max Cans,£10.50,(13.3p/100ml),drinks,soft_drink,2024-11-19
Coca-Cola Zero Sugar 30 x 330ml,£10.00,(10.1p/100ml),drinks,soft_drink,2024-11-19
Pepsi Max 1.25 Litres,£1.60,(12.8p/100ml),drinks,soft_drink,2024-11-19
Diet Coke 2L,£2.00,(10.0p/100ml),drinks,soft_drink,2024-11-19
Coca-Cola Original Taste 24 x 330ml,£13.99,(17.7p/100ml),drinks,soft_drink,2024-11-19
Diet Coke No Caffeine 8 x 330ml,£4.25,(16.1p/100ml),drinks,soft_drink,2024-11-19
Coca-Cola Zero Sugar Zero Caffeine 8 x 330ml,£4.25,(16.1p/100ml),drinks,soft_drink,2024-11-19
Diet Coke 500ml,£1.70,(34.0p/100ml),drinks,soft_drink,2024-11-19
Coca-Cola Zero Sugar 500ml,£1.70,(34.0p/100ml),drinks,soft_drink,2024-11-19
Diet Coke 18 x 330ml,£8.80,(14.8p/100ml),drinks,soft_drink,2024-11-19
Pepsi Diet Cans,£10.50,(13.3p/100ml),drinks,soft_drink,2024-11-19
Vimto Vimto Zero 8 x 330ml,£3.00,(11.4p/100ml),drinks,soft_drink,2024-11-19
Tango Cherry Sugar Free 2 Litres,£2.00,(10.0p/100ml),drinks,soft_drink,2024-11-19
Tango Apple Sugar Free Cans,£3.35,(12.7p/100ml),drinks,soft_drink,2024-11-19
Slush Puppie Fizzy Strawberry Drink,£1.00,(5.0p/100ml),drinks,soft_drink,2024-11-19
Tango Sugar Free Orange,£2.00,(10.0p/100ml),drinks,soft_drink,2024-11-19
Fanta Pineapple & Grapefruit Zero Sugar 2L,£2.00,(10.0p/100ml),drinks,soft_drink,2024-11-19
Tango Dark Berry Sugar Free,£2.00,(10.0p/100ml),drinks,soft_drink,2024-11-19
Slush Puppie The Original Fizzie Green Apple 2 Litre,£1.00,(5.0p/100ml),drinks,soft_drink,2024-11-19
Tango Sugar Free Orange Cans,£3.35,(12.7p/100ml),drinks,soft_drink,2024-11-19
Slush Puppie Fizzy Blue Raspberry Drink,£1.00,(5.0p/100ml),drinks,soft_drink,2024-11-19
IRN-BRU Xtra Sugar Free Soft Drink,£4.00,(15.2p/100ml),drinks,soft_drink,2024-11-19
Tango Dark Berry Sugar Free,£3.35,(12.7p/100ml),drinks,soft_drink,2024-11-19
Fanta Orange Zero 24 x 330ml,£10.25,(12.9p/100ml),drinks,soft_drink,2024-11-19
Sprite Zero Sugar 24 x 330ml,£10.25,(12.9p/100ml),drinks,soft_drink,2024-11-19
Schweppes Slimline Lemonade 2L,£1.35,(6.8p/100ml),drinks,soft_drink,2024-11-19
Tango Editions Mango 2 Liters,£2.00,(10.0p/100ml),drinks,soft_drink,2024-11-19
Coca-Cola Zero Sugar Cherry 2 L,£2.00,(10.0p/100ml),drinks,soft_drink,2024-11-19
Radnor Fizz Apple No Added Sugar Bottles,£2.00,(15.2p/100ml),drinks,soft_drink,2024-11-19
Coca-Cola Zero Sugar Lemon 2L,£2.00,(10.0p/100ml),drinks,soft_drink,2024-11-19
Pepsi Max Caffeine Free 24 x 330ml,£10.50,(13.3p/100ml),drinks,soft_drink,2024-11-19
George Home Green Bubble Tumbler,£2.50,(£2.50/each),drinks,soft_drink,2024-11-19
George Home Blue Ombre Tumbler,£2.00,(£2.00/each),drinks,soft_drink,2024-11-19
George Home Gold Metallic Tumbler,£2.50,(£2.50/each),drinks,soft_drink,2024-11-19
George Home Clear Pint Glass,£0.60,(60.0p/each),drinks,soft_drink,2024-11-19
George Home Feature Hiball Glass,£0.60,(60.0p/each),drinks,soft_drink,2024-11-19
George Home Stem Beer Glass - Set of 2,£3.50,(£1.75/each),drinks,soft_drink,2024-11-19
Pepsi Max Mango 2 Litres,£2.00,(10.0p/100ml),drinks,soft_drink,2024-11-19
Tango Sugar Free Cherry 24 x 330ml (8.4kg),£9.50,(12.0p/100ml),drinks,soft_drink,2024-11-19
George Home Linka Hiball,£1.50,(£1.50/each),drinks,soft_drink,2024-11-19
George Home Silver Metallic Tumbler,£2.50,(£2.50/each),drinks,soft_drink,2024-11-19
Coca-Cola Original Taste 4 x 250ml,£4.70,(47.0p/100ml),drinks,soft_drink,2024-11-19
George Home Stainless Steel Cups/Tumblers,£1.50,(75.0p/each),drinks,soft_drink,2024-11-19
George Home Timeless Hiball,£1.50,(£1.50/each),drinks,soft_drink,2024-11-19
7UP 3 for £24 Drinks Bundle 72 Cans,£24.00,null,drinks,soft_drink,2024-11-19
Coca-Cola Zero Sugar Vanilla 24 x 330ml,£10.25,(12.9p/100ml),drinks,soft_drink,2024-11-19
George Home Guinea Pig Hiball Glass,£0.80,(80.0p/each),drinks,soft_drink,2024-11-19
Pepsi Max Lime No Sugar Cola Cans,£4.25,(16.1p/100ml),drinks,soft_drink,2024-11-19
George Home Tumbler,£1.50,(£1.50/each),drinks,soft_drink,2024-11-19
Pepsi Max No Caffeine,£2.00,(10.0p/100ml),drinks,soft_drink,2024-11-19
Coca-Cola Zero Sugar Zero Caffeine 2L,£2.00,(10.0p/100ml),drinks,soft_drink,2024-11-19
Pepsi Max Mango 1.25L,£1.60,(12.8p/100ml),drinks,soft_drink,2024-11-19
George Home Pink Ombre Hi-Ball Glass,£2.50,(£2.50/each),drinks,soft_drink,2024-11-19
George Home Clear Bubble Hi-Ball Glass,£2.50,(£2.50/each),drinks,soft_drink,2024-11-19
IRN-BRU Xtra Sugar Free Soft Drink,£9.50,(12.0p/100ml),drinks,soft_drink,2024-11-19
Diet Coke 24 x 330ml,£8.00,(10.1p/100ml),drinks,soft_drink,2024-11-19
Dr Pepper Zero 24 x 330ml,£10.25,(12.9p/100ml),drinks,soft_drink,2024-11-19
George Home Linka Tumbler,£1.50,(£1.50/each),drinks,soft_drink,2024-11-19
George Home Purple Stacking Rib Hiball Glass,£2.50,(£2.50/each),drinks,soft_drink,2024-11-19
Coca-Cola Zero Sugar 1.75L,£2.00,(11.4p/100ml),drinks,soft_drink,2024-11-19
George Home Nightmare Before Christmas Mason Jar,£2.00,(£2.00/each),drinks,soft_drink,2024-11-19
Pepsi Diet,£2.00,(10.0p/100ml),drinks,soft_drink,2024-11-19
Coca-Cola Zero Sugar Lemon 150ml,£0.60,(40.0p/100ml),drinks,soft_drink,2024-11-19
George Home Snowman Tumbler,£3.00,(£3.00/each),drinks,soft_drink,2024-11-19
George Home Guinea Pig Can Glass,£1.80,(£1.80/each),drinks,soft_drink,2024-11-19
George Home Nutcracker Shaped Mason Jar,£2.00,(£2.00/each),drinks,soft_drink,2024-11-19
Old Jamaica Diet Ginger Beer,£0.40,(12.1p/100ml),drinks,soft_drink,2024-11-19
George Home Leafy Textured Hi-Ball Glass,£2.00,(£2.00/each),drinks,soft_drink,2024-11-19
Coca-Cola Classic 500ml,£1.95,(39.0p/100ml),drinks,soft_drink,2024-11-19
George Home 4 x Pint Glass Bundle,£2.40,null,drinks,soft_drink,2024-11-19
Coca-Cola Zero Sugar 150ml,£0.60,(40.0p/100ml),drinks,soft_drink,2024-11-19
George Home Marvel Tumblers 4 Pack,£9.00,(£2.25/each),drinks,soft_drink,2024-11-19
George Home 4 Pack Basic Glasses 270ml,£1.40,(35.0p/each),drinks,soft_drink,2024-11-19
Coca-Cola Zero Sugar Lemon 8 x 330ml,£4.25,(16.1p/100ml),drinks,soft_drink,2024-11-19
George Home Purple Stacking Rib Hiball Glass,£2.50,(£2.50/each),drinks,soft_drink,2024-11-19
George Home Green Bubble Hi-Ball Glass,£2.50,(£2.50/each),drinks,soft_drink,2024-11-19
George Home Holly Hiball Glass,£0.80,(80.0p/each),drinks,soft_drink,2024-11-19
George Home Nightmare Before Christmas Mason Jar,£2.00,(£2.00/each),drinks,soft_drink,2024-11-19
Diet Coke No Caffeine 2L,£2.00,(10.0p/100ml),drinks,soft_drink,2024-11-19
Coca-Cola Zero Sugar 150ml,£0.60,(40.0p/100ml),drinks,soft_drink,2024-11-19
George Home Gingerbread Shaped Mason Jar,£2.50,(£2.50/each),drinks,soft_drink,2024-11-19
George Home Spiderman Mason Jar,£3.00,(£3.00/each),drinks,soft_drink,2024-11-19
George Home Green Stacking Rib Hiball Glass,£2.50,(£2.50/each),drinks,soft_drink,2024-11-19
Coca-Cola Zero Sugar Lemon 8 x 330ml,£4.25,(16.1p/100ml),drinks,soft_drink,2024-11-19
Pepsi Max No Sugar Cola Bottle,£1.55,(31.0p/100ml),drinks,soft_drink,2024-11-19
George Home 4 Pack Basic Glasses 270ml,£1.40,(35.0p/each),drinks,soft_drink,2024-11-19
Coca-Cola Lemon 8 x 330ml,£5.80,(22.0p/100ml),drinks,soft_drink,2024-11-19
The Great Outdoors Novelty Beer Socks & Tankard,£7.00,(£7.00/each),drinks,soft_drink,2024-11-19
George Home Pumpkin Hiball Glass,£2.50,(£2.50/each),drinks,soft_drink,2024-11-19
Coca-Cola Zero Sugar 1.75L,£2.00,(11.4p/100ml),drinks,soft_drink,2024-11-19
Radnor Fizz Tropical No Added Sugar Bottles,£2.00,(15.2p/100ml),drinks,soft_drink,2024-11-19
George Home Clear Can Glass,£2.00,(£2.00/each),drinks,soft_drink,2024-11-19
George Home 40oz Tumbler with Straw and Handle,£8.00,(£8.00/each),drinks,soft_drink,2024-11-19
7UP Zero Sugar,£1.55,(31.0p/100ml),drinks,soft_drink,2024-11-19
George Home Amber Bubble Hi-Ball Glass,£2.50,(£2.50/each),drinks,soft_drink,2024-11-19
George Home Grey Ribbed Tumbler Glass - Set of 2,£6.00,(£3.00/each),drinks,soft_drink,2024-11-19
IRN-BRU Sugar Free Soft Drink,£9.50,(12.0p/100ml),drinks,soft_drink,2024-11-19
George Home Stitch Glass Can - Set of 2,£6.00,(£3.00/each),drinks,soft_drink,2024-11-19
George Home Clear Stacking Rib Hiball Glass,£2.50,(£2.50/each),drinks,soft_drink,2024-11-19
Pepsi Max Lime No Sugar Cola Bottle,£2.00,(10.0p/100ml),drinks,soft_drink,2024-11-19
Pepsi Max 3 for £24 Drinks Bundle 72 Cans,£24.00,null,drinks,soft_drink,2024-11-19
Sprite Zero Sugar 2L,£1.90,(9.5p/100ml),drinks,soft_drink,2024-11-19
George Home Cockerpoo Hiball,£1.00,(£1.00/each),drinks,soft_drink,2024-11-19
Pepsi Max Mango 8 x 330ml,£4.25,(16.1p/100ml),drinks,soft_drink,2024-11-19
George Home Allerga Hiball,£1.50,(£1.50/each),drinks,soft_drink,2024-11-19
Diet Coke 150ml,£0.60,(40.0p/100ml),drinks,soft_drink,2024-11-19
George Home Nightmare Before Christmas Glass Can - Set of 2,£5.00,(£2.50/each),drinks,soft_drink,2024-11-19
George Home Ribbed Hiball 2 Pack,£6.00,(£3.00/each),drinks,soft_drink,2024-11-19
Diet Coke 1.75L,£2.00,(11.4p/100ml),drinks,soft_drink,2024-11-19
George Home Blue Stacking Rib Hiball Glass,£2.50,(£2.50/each),drinks,soft_drink,2024-11-19
Tango Mango 24 x 330ml,£9.50,(12.0p/100ml),drinks,soft_drink,2024-11-19
George Home Hiball Glasses,£4.50,(£1.12/each),drinks,soft_drink,2024-11-19
At Home with Stacey Solomon Hammered Hi-ball Glasses - Set of 2,£7.00,(£3.50/each),drinks,soft_drink,2024-11-19
George Home Grey Ribbed Hi-Ball Glass - Set of 2,£6.00,(£3.00/each),drinks,soft_drink,2024-11-19
IRN-BRU Sugar Free Soft Drink,£4.00,(15.2p/100ml),drinks,soft_drink,2024-11-19
7UP Zero Sugar 24 Cans,£9.50,(12.0p/100ml),drinks,soft_drink,2024-11-19
George Home Disney Stitch Tumbler - Set of 4,£9.00,(£2.25/each),drinks,soft_drink,2024-11-19
Coca-Cola Lemon 1.75L,£2.49,(14.2p/100ml),drinks,soft_drink,2024-11-19
George Home Amber Bubble Tumbler,£2.50,(£2.50/each),drinks,soft_drink,2024-11-19
Pepsi Max 12 x 330ml,£4.50,(11.4p/100ml),drinks,soft_drink,2024-11-19
Pepsi Max Lime No Sugar Cola Cans,£10.50,(13.3p/100ml),drinks,soft_drink,2024-11-19
Radnor Fizz Tropical No Added Sugar Bottles,£2.00,(15.2p/100ml),drinks,soft_drink,2024-11-19
George Home 40oz Tumbler with Straw and Handle,£8.00,(£8.00/each),drinks,soft_drink,2024-11-19
7UP Zero Sugar,£1.55,(31.0p/100ml),drinks,soft_drink,2024-11-19
George Home Grey Ribbed Tumbler Glass - Set of 2,£6.00,(£3.00/each),drinks,soft_drink,2024-11-19
IRN-BRU Sugar Free Soft Drink,£9.50,(12.0p/100ml),drinks,soft_drink,2024-11-19
George Home Clear Stacking Rib Hiball Glass,£2.50,(£2.50/each),drinks,soft_drink,2024-11-19
George Home Clear Can Glass,£2.00,(£2.00/each),drinks,soft_drink,2024-11-19
George Home Amber Bubble Hi-Ball Glass,£2.50,(£2.50/each),drinks,soft_drink,2024-11-19
George Home Hiball Glasses,£4.50,(£1.12/each),drinks,soft_drink,2024-11-19
George Home Stitch Glass Can - Set of 2,£6.00,(£3.00/each),drinks,soft_drink,2024-11-19
At Home with Stacey Solomon Hammered Hi-ball Glasses - Set of 2,£7.00,(£3.50/each),drinks,soft_drink,2024-11-19
George Home Grey Ribbed Hi-Ball Glass - Set of 2,£6.00,(£3.00/each),drinks,soft_drink,2024-11-19
George Home Blue Stacking Rib Hiball Glass,£2.50,(£2.50/each),drinks,soft_drink,2024-11-19
Tango Mango 24 x 330ml,£9.50,(12.0p/100ml),drinks,soft_drink,2024-11-19
George Home 4 x Large Hiball Glass Bundle,£2.40,null,drinks,soft_drink,2024-11-19
George Home Gonk Hiball Glass,£0.80,(80.0p/each),drinks,soft_drink,2024-11-19
Schweppes Mixers Bundle,£3.00,null,drinks,soft_drink,2024-11-19
Tango Editions Mango Sugar Free 8 x 330ml,£3.35,(12.7p/100ml),drinks,soft_drink,2024-11-19
George Home Large Hiball Glass,£0.60,(60.0p/each),drinks,soft_drink,2024-11-19
George Home Soda Glass,£0.60,(60.0p/each),drinks,soft_drink,2024-11-19
Pepsi Max 12 x 330ml,£4.50,(11.4p/100ml),drinks,soft_drink,2024-11-19
George Home Swirl Hi-Ball Glass - Set of 2,£6.00,(£3.00/each),drinks,soft_drink,2024-11-19
Coca-Cola Zero Sugar 18 x 330ml,£8.80,(14.8p/100ml),drinks,soft_drink,2024-11-19
Doritos Dippers Sharing Tortilla Crisps & Pepsi Max Bundle,£5.50,null,drinks,soft_drink,2024-11-19
George Home Timeless Coupe Glass,£1.70,(£1.70/each),drinks,soft_drink,2024-11-19
George Home Mason Jar,£1.00,(£1.00/each),drinks,soft_drink,2024-11-19
George Home Gingerbread Hiball Glass,£0.80,(80.0p/each),drinks,soft_drink,2024-11-19
Pepsi Max No Sugar Mango 24 x 330ml,£10.50,(13.3p/100ml),drinks,soft_drink,2024-11-19
Coca-Cola Original Taste 150ml,£0.60,(40.0p/100ml),drinks,soft_drink,2024-11-19
Pepsi Diet Cans,£4.25,(16.1p/100ml),drinks,soft_drink,2024-11-19
Pepsi Max No Caffeine,£4.25,(16.1p/100ml),drinks,soft_drink,2024-11-19
George Home Nightmare Before Christmas Grey Tumbler - Set of 4,£8.00,(£2.00/each),drinks,soft_drink,2024-11-19
ASDA Diet Orange Crush 2 Litres,£0.80,(4.0p/100ml),drinks,soft_drink,2024-11-19
ASDA ASDA CHERRYADE,£0.80,(4.0p/100ml),drinks,soft_drink,2024-11-19
ASDA Diet Tropical Crush 2 Litres,£0.80,(4.0p/100ml),drinks,soft_drink,2024-11-19
ASDA Diet Lemon & Lime 2 Litres,£0.60,(3.0p/100ml),drinks,soft_drink,2024-11-19
ASDA Diet Iron Brew 2 Litres,£0.80,(4.0p/100ml),drinks,soft_drink,2024-11-19
ASDA Diet Cloudy Lemonade 2 Litres,£0.80,(4.0p/100ml),drinks,soft_drink,2024-11-19
ASDA Cola Zero,£0.49,(2.5p/100ml),drinks,soft_drink,2024-11-19
ASDA Tropical Crush Zero Cans,£1.79,(9.0p/100ml),drinks,soft_drink,2024-11-19
ASDA Diet Lemonade 6 x 330ml,£1.45,(7.3p/100ml),drinks,soft_drink,2024-11-19
ASDA Cherry Cola Zero,£0.49,(2.5p/100ml),drinks,soft_drink,2024-11-19
ASDA Diet Lemonade 2 Litres,£0.60,(3.0p/100ml),drinks,soft_drink,2024-11-19
ASDA Diet Cola 2 Litres,£0.49,(2.5p/100ml),drinks,soft_drink,2024-11-19
Fanta Orange Zero 8 x 330ml,£3.75,(14.2p/100ml),drinks,soft_drink,2024-11-19
Dr Pepper Zero 8 x 330ml,£3.75,(14.2p/100ml),drinks,soft_drink,2024-11-19
Coca-Cola Zero Sugar 24 x 330ml,£8.00,(10.1p/100ml),drinks,soft_drink,2024-11-19
Pepsi Max Cans,£4.25,(16.1p/100ml),drinks,soft_drink,2024-11-19
Pepsi Max 2 Litres,£2.00,(10.0p/100ml),drinks,soft_drink,2024-11-19
Fanta Zero Sugar Fruit Twist 8 x 330ml,£3.75,(14.2p/100ml),drinks,soft_drink,2024-11-19
Sprite Zero Sugar 8 x 330ml,£3.75,(14.2p/100ml),drinks,soft_drink,2024-11-19
Coca-Cola Zero Sugar Cherry 8 x 330ml,£4.25,(16.1p/100ml),drinks,soft_drink,2024-11-19
Pepsi Max Cans,£10.50,(13.3p/100ml),drinks,soft_drink,2024-11-19
Coca-Cola Zero Sugar 30 x 330ml,£10.00,(10.1p/100ml),drinks,soft_drink,2024-11-19
Pepsi Max 1.25 Litres,£1.60,(12.8p/100ml),drinks,soft_drink,2024-11-19
Diet Coke 2L,£2.00,(10.0p/100ml),drinks,soft_drink,2024-11-19
Coca-Cola Original Taste 24 x 330ml,£13.99,(17.7p/100ml),drinks,soft_drink,2024-11-19
Diet Coke No Caffeine 8 x 330ml,£4.25,(16.1p/100ml),drinks,soft_drink,2024-11-19
Coca-Cola Zero Sugar Zero Caffeine 8 x 330ml,£4.25,(16.1p/100ml),drinks,soft_drink,2024-11-19
Diet Coke 500ml,£1.70,(34.0p/100ml),drinks,soft_drink,2024-11-19
Coca-Cola Zero Sugar 500ml,£1.70,(34.0p/100ml),drinks,soft_drink,2024-11-19
Diet Coke 18 x 330ml,£8.80,(14.8p/100ml),drinks,soft_drink,2024-11-19
Pepsi Diet Cans,£10.50,(13.3p/100ml),drinks,soft_drink,2024-11-19
Vimto Vimto Zero 8 x 330ml,£3.00,(11.4p/100ml),drinks,soft_drink,2024-11-19
Tango Cherry Sugar Free 2 Litres,£2.00,(10.0p/100ml),drinks,soft_drink,2024-11-19
Tango Apple Sugar Free Cans,£3.35,(12.7p/100ml),drinks,soft_drink,2024-11-19
Slush Puppie Fizzy Strawberry Drink,£1.00,(5.0p/100ml),drinks,soft_drink,2024-11-19
Tango Sugar Free Orange,£2.00,(10.0p/100ml),drinks,soft_drink,2024-11-19
Fanta Pineapple & Grapefruit Zero Sugar 2L,£2.00,(10.0p/100ml),drinks,soft_drink,2024-11-19
Tango Dark Berry Sugar Free,£2.00,(10.0p/100ml),drinks,soft_drink,2024-11-19
Slush Puppie The Original Fizzie Green Apple 2 Litre,£1.00,(5.0p/100ml),drinks,soft_drink,2024-11-19
Tango Sugar Free Orange Cans,£3.35,(12.7p/100ml),drinks,soft_drink,2024-11-19
Slush Puppie Fizzy Blue Raspberry Drink,£1.00,(5.0p/100ml),drinks,soft_drink,2024-11-19
IRN-BRU Xtra Sugar Free Soft Drink,£4.00,(15.2p/100ml),drinks,soft_drink,2024-11-19
Tango Dark Berry Sugar Free,£3.35,(12.7p/100ml),drinks,soft_drink,2024-11-19
Fanta Orange Zero 24 x 330ml,£10.25,(12.9p/100ml),drinks,soft_drink,2024-11-19
Sprite Zero Sugar 24 x 330ml,£10.25,(12.9p/100ml),drinks,soft_drink,2024-11-19
Schweppes Slimline Lemonade 2L,£1.35,(6.8p/100ml),drinks,soft_drink,2024-11-19
Tango Editions Mango 2 Liters,£2.00,(10.0p/100ml),drinks,soft_drink,2024-11-19
Coca-Cola Zero Sugar Cherry 2 L,£2.00,(10.0p/100ml),drinks,soft_drink,2024-11-19
Radnor Fizz Apple No Added Sugar Bottles,£2.00,(15.2p/100ml),drinks,soft_drink,2024-11-19
Coca-Cola Zero Sugar Lemon 2L,£2.00,(10.0p/100ml),drinks,soft_drink,2024-11-19
Pepsi Max Caffeine Free 24 x 330ml,£10.50,(13.3p/100ml),drinks,soft_drink,2024-11-19
George Home Green Bubble Tumbler,£2.50,(£2.50/each),drinks,soft_drink,2024-11-19
George Home Blue Ombre Tumbler,£2.00,(£2.00/each),drinks,soft_drink,2024-11-19
George Home Gold Metallic Tumbler,£2.50,(£2.50/each),drinks,soft_drink,2024-11-19
George Home Clear Pint Glass,£0.60,(60.0p/each),drinks,soft_drink,2024-11-19
George Home Feature Hiball Glass,£0.60,(60.0p/each),drinks,soft_drink,2024-11-19
George Home Stem Beer Glass - Set of 2,£3.50,(£1.75/each),drinks,soft_drink,2024-11-19
Pepsi Max Mango 2 Litres,£2.00,(10.0p/100ml),drinks,soft_drink,2024-11-19
Tango Sugar Free Cherry 24 x 330ml (8.4kg),£9.50,(12.0p/100ml),drinks,soft_drink,2024-11-19
George Home Linka Hiball,£1.50,(£1.50/each),drinks,soft_drink,2024-11-19
George Home Silver Metallic Tumbler,£2.50,(£2.50/each),drinks,soft_drink,2024-11-19
Coca-Cola Original Taste 4 x 250ml,£4.70,(47.0p/100ml),drinks,soft_drink,2024-11-19
George Home Stainless Steel Cups/Tumblers,£1.50,(75.0p/each),drinks,soft_drink,2024-11-19
George Home Timeless Hiball,£1.50,(£1.50/each),drinks,soft_drink,2024-11-19
7UP 3 for £24 Drinks Bundle 72 Cans,£24.00,null,drinks,soft_drink,2024-11-19
Coca-Cola Zero Sugar Vanilla 24 x 330ml,£10.25,(12.9p/100ml),drinks,soft_drink,2024-11-19
George Home Guinea Pig Hiball Glass,£0.80,(80.0p/each),drinks,soft_drink,2024-11-19
Pepsi Max Lime No Sugar Cola Cans,£4.25,(16.1p/100ml),drinks,soft_drink,2024-11-19
George Home Tumbler,£1.50,(£1.50/each),drinks,soft_drink,2024-11-19
Pepsi Max No Caffeine,£2.00,(10.0p/100ml),drinks,soft_drink,2024-11-19
Coca-Cola Zero Sugar Zero Caffeine 2L,£2.00,(10.0p/100ml),drinks,soft_drink,2024-11-19
Pepsi Max Mango 1.25L,£1.60,(12.8p/100ml),drinks,soft_drink,2024-11-19
George Home Pink Ombre Hi-Ball Glass,£2.50,(£2.50/each),drinks,soft_drink,2024-11-19
George Home Clear Bubble Hi-Ball Glass,£2.50,(£2.50/each),drinks,soft_drink,2024-11-19
IRN-BRU Xtra Sugar Free Soft Drink,£9.50,(12.0p/100ml),drinks,soft_drink,2024-11-19
Diet Coke 24 x 330ml,£8.00,(10.1p/100ml),drinks,soft_drink,2024-11-19
Dr Pepper Zero 24 x 330ml,£10.25,(12.9p/100ml),drinks,soft_drink,2024-11-19
George Home Linka Tumbler,£1.50,(£1.50/each),drinks,soft_drink,2024-11-19
George Home Purple Stacking Rib Hiball Glass,£2.50,(£2.50/each),drinks,soft_drink,2024-11-19
Coca-Cola Zero Sugar 1.75L,£2.00,(11.4p/100ml),drinks,soft_drink,2024-11-19
George Home Nightmare Before Christmas Mason Jar,£2.00,(£2.00/each),drinks,soft_drink,2024-11-19
Pepsi Diet,£2.00,(10.0p/100ml),drinks,soft_drink,2024-11-19
Coca-Cola Zero Sugar Lemon 150ml,£0.60,(40.0p/100ml),drinks,soft_drink,2024-11-19
George Home Snowman Tumbler,£3.00,(£3.00/each),drinks,soft_drink,2024-11-19
George Home Guinea Pig Can Glass,£1.80,(£1.80/each),drinks,soft_drink,2024-11-19
George Home Nutcracker Shaped Mason Jar,£2.00,(£2.00/each),drinks,soft_drink,2024-11-19
Old Jamaica Diet Ginger Beer,£0.40,(12.1p/100ml),drinks,soft_drink,2024-11-19
George Home Leafy Textured Hi-Ball Glass,£2.00,(£2.00/each),drinks,soft_drink,2024-11-19
Coca-Cola Classic 500ml,£1.95,(39.0p/100ml),drinks,soft_drink,2024-11-19
George Home 4 x Pint Glass Bundle,£2.40,null,drinks,soft_drink,2024-11-19
Coca-Cola Zero Sugar 150ml,£0.60,(40.0p/100ml),drinks,soft_drink,2024-11-19
George Home Marvel Tumblers 4 Pack,£9.00,(£2.25/each),drinks,soft_drink,2024-11-19
George Home 4 Pack Basic Glasses 270ml,£1.40,(35.0p/each),drinks,soft_drink,2024-11-19
Coca-Cola Zero Sugar Lemon 8 x 330ml,£4.25,(16.1p/100ml),drinks,soft_drink,2024-11-19
George Home Purple Stacking Rib Hiball Glass,£2.50,(£2.50/each),drinks,soft_drink,2024-11-19
George Home Green Bubble Hi-Ball Glass,£2.50,(£2.50/each),drinks,soft_drink,2024-11-19
George Home Holly Hiball Glass,£0.80,(80.0p/each),drinks,soft_drink,2024-11-19
George Home Nightmare Before Christmas Mason Jar,£2.00,(£2.00/each),drinks,soft_drink,2024-11-19
Diet Coke No Caffeine 2L,£2.00,(10.0p/100ml),drinks,soft_drink,2024-11-19
Coca-Cola Zero Sugar 150ml,£0.60,(40.0p/100ml),drinks,soft_drink,2024-11-19
George Home Gingerbread Shaped Mason Jar,£2.50,(£2.50/each),drinks,soft_drink,2024-11-19
George Home Spiderman Mason Jar,£3.00,(£3.00/each),drinks,soft_drink,2024-11-19
George Home Green Stacking Rib Hiball Glass,£2.50,(£2.50/each),drinks,soft_drink,2024-11-19
Coca-Cola Zero Sugar Lemon 8 x 330ml,£4.25,(16.1p/100ml),drinks,soft_drink,2024-11-19
Pepsi Max No Sugar Cola Bottle,£1.55,(31.0p/100ml),drinks,soft_drink,2024-11-19
George Home 4 Pack Basic Glasses 270ml,£1.40,(35.0p/each),drinks,soft_drink,2024-11-19
Coca-Cola Lemon 8 x 330ml,£5.80,(22.0p/100ml),drinks,soft_drink,2024-11-19
The Great Outdoors Novelty Beer Socks & Tankard,£7.00,(£7.00/each),drinks,soft_drink,2024-11-19
George Home Pumpkin Hiball Glass,£2.50,(£2.50/each),drinks,soft_drink,2024-11-19
Coca-Cola Zero Sugar 1.75L,£2.00,(11.4p/100ml),drinks,soft_drink,2024-11-19
Radnor Fizz Tropical No Added Sugar Bottles,£2.00,(15.2p/100ml),drinks,soft_drink,2024-11-19
George Home Clear Can Glass,£2.00,(£2.00/each),drinks,soft_drink,2024-11-19
George Home 40oz Tumbler with Straw and Handle,£8.00,(£8.00/each),drinks,soft_drink,2024-11-19
7UP Zero Sugar,£1.55,(31.0p/100ml),drinks,soft_drink,2024-11-19
George Home Amber Bubble Hi-Ball Glass,£2.50,(£2.50/each),drinks,soft_drink,2024-11-19
George Home Grey Ribbed Tumbler Glass - Set of 2,£6.00,(£3.00/each),drinks,soft_drink,2024-11-19
IRN-BRU Sugar Free Soft Drink,£9.50,(12.0p/100ml),drinks,soft_drink,2024-11-19
George Home Stitch Glass Can - Set of 2,£6.00,(£3.00/each),drinks,soft_drink,2024-11-19
George Home Clear Stacking Rib Hiball Glass,£2.50,(£2.50/each),drinks,soft_drink,2024-11-19
Pepsi Max Lime No Sugar Cola Bottle,£2.00,(10.0p/100ml),drinks,soft_drink,2024-11-19
Pepsi Max 3 for £24 Drinks Bundle 72 Cans,£24.00,null,drinks,soft_drink,2024-11-19
Sprite Zero Sugar 2L,£1.90,(9.5p/100ml),drinks,soft_drink,2024-11-19
George Home Cockerpoo Hiball,£1.00,(£1.00/each),drinks,soft_drink,2024-11-19
Pepsi Max Mango 8 x 330ml,£4.25,(16.1p/100ml),drinks,soft_drink,2024-11-19
George Home Allerga Hiball,£1.50,(£1.50/each),drinks,soft_drink,2024-11-19
Diet Coke 150ml,£0.60,(40.0p/100ml),drinks,soft_drink,2024-11-19
George Home Nightmare Before Christmas Glass Can - Set of 2,£5.00,(£2.50/each),drinks,soft_drink,2024-11-19
George Home Ribbed Hiball 2 Pack,£6.00,(£3.00/each),drinks,soft_drink,2024-11-19
Diet Coke 1.75L,£2.00,(11.4p/100ml),drinks,soft_drink,2024-11-19
George Home Blue Stacking Rib Hiball Glass,£2.50,(£2.50/each),drinks,soft_drink,2024-11-19
Tango Mango 24 x 330ml,£9.50,(12.0p/100ml),drinks,soft_drink,2024-11-19
George Home Hiball Glasses,£4.50,(£1.12/each),drinks,soft_drink,2024-11-19
At Home with Stacey Solomon Hammered Hi-ball Glasses - Set of 2,£7.00,(£3.50/each),drinks,soft_drink,2024-11-19
George Home Grey Ribbed Hi-Ball Glass - Set of 2,£6.00,(£3.00/each),drinks,soft_drink,2024-11-19
IRN-BRU Sugar Free Soft Drink,£4.00,(15.2p/100ml),drinks,soft_drink,2024-11-19
7UP Zero Sugar 24 Cans,£9.50,(12.0p/100ml),drinks,soft_drink,2024-11-19
George Home Disney Stitch Tumbler - Set of 4,£9.00,(£2.25/each),drinks,soft_drink,2024-11-19
Coca-Cola Lemon 1.75L,£2.49,(14.2p/100ml),drinks,soft_drink,2024-11-19
George Home Amber Bubble Tumbler,£2.50,(£2.50/each),drinks,soft_drink,2024-11-19
Pepsi Max 12 x 330ml,£4.50,(11.4p/100ml),drinks,soft_drink,2024-11-19
Pepsi Max Lime No Sugar Cola Cans,£10.50,(13.3p/100ml),drinks,soft_drink,2024-11-19
Radnor Fizz Tropical No Added Sugar Bottles,£2.00,(15.2p/100ml),drinks,soft_drink,2024-11-19
George Home 40oz Tumbler with Straw and Handle,£8.00,(£8.00/each),drinks,soft_drink,2024-11-19
7UP Zero Sugar,£1.55,(31.0p/100ml),drinks,soft_drink,2024-11-19
George Home Grey Ribbed Tumbler Glass - Set of 2,£6.00,(£3.00/each),drinks,soft_drink,2024-11-19
IRN-BRU Sugar Free Soft Drink,£9.50,(12.0p/100ml),drinks,soft_drink,2024-11-19
George Home Clear Stacking Rib Hiball Glass,£2.50,(£2.50/each),drinks,soft_drink,2024-11-19
George Home Clear Can Glass,£2.00,(£2.00/each),drinks,soft_drink,2024-11-19
George Home Amber Bubble Hi-Ball Glass,£2.50,(£2.50/each),drinks,soft_drink,2024-11-19
George Home Hiball Glasses,£4.50,(£1.12/each),drinks,soft_drink,2024-11-19
George Home Stitch Glass Can - Set of 2,£6.00,(£3.00/each),drinks,soft_drink,2024-11-19
At Home with Stacey Solomon Hammered Hi-ball Glasses - Set of 2,£7.00,(£3.50/each),drinks,soft_drink,2024-11-19
George Home Grey Ribbed Hi-Ball Glass - Set of 2,£6.00,(£3.00/each),drinks,soft_drink,2024-11-19
George Home Blue Stacking Rib Hiball Glass,£2.50,(£2.50/each),drinks,soft_drink,2024-11-19
Tango Mango 24 x 330ml,£9.50,(12.0p/100ml),drinks,soft_drink,2024-11-19
George Home 4 x Large Hiball Glass Bundle,£2.40,null,drinks,soft_drink,2024-11-19
George Home Gonk Hiball Glass,£0.80,(80.0p/each),drinks,soft_drink,2024-11-19
Schweppes Mixers Bundle,£3.00,null,drinks,soft_drink,2024-11-19
Tango Editions Mango Sugar Free 8 x 330ml,£3.35,(12.7p/100ml),drinks,soft_drink,2024-11-19
George Home Large Hiball Glass,£0.60,(60.0p/each),drinks,soft_drink,2024-11-19
George Home Soda Glass,£0.60,(60.0p/each),drinks,soft_drink,2024-11-19
Pepsi Max 12 x 330ml,£4.50,(11.4p/100ml),drinks,soft_drink,2024-11-19
George Home Swirl Hi-Ball Glass - Set of 2,£6.00,(£3.00/each),drinks,soft_drink,2024-11-19
Coca-Cola Zero Sugar 18 x 330ml,£8.80,(14.8p/100ml),drinks,soft_drink,2024-11-19
Doritos Dippers Sharing Tortilla Crisps & Pepsi Max Bundle,£5.50,null,drinks,soft_drink,2024-11-19
George Home Timeless Coupe Glass,£1.70,(£1.70/each),drinks,soft_drink,2024-11-19
George Home Mason Jar,£1.00,(£1.00/each),drinks,soft_drink,2024-11-19
George Home Gingerbread Hiball Glass,£0.80,(80.0p/each),drinks,soft_drink,2024-11-19
Pepsi Max No Sugar Mango 24 x 330ml,£10.50,(13.3p/100ml),drinks,soft_drink,2024-11-19
Coca-Cola Original Taste 150ml,£0.60,(40.0p/100ml),drinks,soft_drink,2024-11-19
Pepsi Diet Cans,£4.25,(16.1p/100ml),drinks,soft_drink,2024-11-19
Pepsi Max No Caffeine,£4.25,(16.1p/100ml),drinks,soft_drink,2024-11-19
George Home Nightmare Before Christmas Grey Tumbler - Set of 4,£8.00,(£2.00/each),drinks,soft_drink,2024-11-19
ASDA Diet Orange Crush 2 Litres,£0.80,(4.0p/100ml),drinks,soft_drink,2024-11-19
ASDA ASDA CHERRYADE,£0.80,(4.0p/100ml),drinks,soft_drink,2024-11-19
ASDA Diet Tropical Crush 2 Litres,£0.80,(4.0p/100ml),drinks,soft_drink,2024-11-19
ASDA Diet Lemon & Lime 2 Litres,£0.60,(3.0p/100ml),drinks,soft_drink,2024-11-19
ASDA Diet Iron Brew 2 Litres,£0.80,(4.0p/100ml),drinks,soft_drink,2024-11-19
ASDA Diet Cloudy Lemonade 2 Litres,£0.80,(4.0p/100ml),drinks,soft_drink,2024-11-19
ASDA Cola Zero,£0.49,(2.5p/100ml),drinks,soft_drink,2024-11-19
ASDA Tropical Crush Zero Cans,£1.79,(9.0p/100ml),drinks,soft_drink,2024-11-19
ASDA Diet Lemonade 6 x 330ml,£1.45,(7.3p/100ml),drinks,soft_drink,2024-11-19
ASDA Cherry Cola Zero,£0.49,(2.5p/100ml),drinks,soft_drink,2024-11-19
ASDA Diet Lemonade 2 Litres,£0.60,(3.0p/100ml),drinks,soft_drink,2024-11-19
ASDA Diet Cola 2 Litres,£0.49,(2.5p/100ml),drinks,soft_drink,2024-11-19
Evian Still Natural Mineral Water Bottles,£5.50,(6.1p/100ml),drinks,water,2024-11-19
Evian Still Natural Mineral Water Bottle,£1.00,(6.7p/100ml),drinks,water,2024-11-19
Evian Still Natural Mineral Water Bottles,£3.00,(10.0p/100ml),drinks,water,2024-11-19
ASDA Still Natural Mineral Water Bottles,£1.79,(3.0p/100ml),drinks,water,2024-11-19
Nestle Pure Life Still Spring Water Bottles,£2.35,(3.9p/100ml),drinks,water,2024-11-19
ASDA Sparkling Blueberry & Raspberry Flavour Water 1 Litre,£0.55,(5.5p/100ml),drinks,water,2024-11-19
ASDA Summer Fruits Flavoured Still Water Bottle,£0.55,(5.5p/100ml),drinks,water,2024-11-19
ASDA Apple & Raspberry Flavour Sparkling Water,£0.55,(5.5p/100ml),drinks,water,2024-11-19
ASDA Strawberry Flavour Still Water,£0.55,(5.5p/100ml),drinks,water,2024-11-19
Highland Spring Still Spring Water Bottles Family Pack,£3.50,(5.8p/100ml),drinks,water,2024-11-19
Nestle Pure Life Still Spring Water Bottles,£3.25,(3.6p/100ml),drinks,water,2024-11-19
ASDA No Added Sugar Sparkling Lemon & Lime Flavour Water 1 Litre,£0.55,(5.5p/100ml),drinks,water,2024-11-19
ASDA Still Natural Mineral Water Bottle,£1.40,(2.8p/100ml),drinks,water,2024-11-19
Buxton Still Natural Mineral Water Sports Cap Bottles,£2.75,(6.1p/100ml),drinks,water,2024-11-19
Volvic Natural Mineral Water Bottles,£3.00,(10.0p/100ml),drinks,water,2024-11-19
ASDA Sparkling Apple & Mango Flavour Water 1 Litre,£0.55,(5.5p/100ml),drinks,water,2024-11-19
ASDA Still Lemon & Lime Flavour Water 1 Litre,£0.65,(6.5p/100ml),drinks,water,2024-11-19
ASDA Strawberry Flavoured Kids Still Water Bottles,£2.00,(12.5p/100ml),drinks,water,2024-11-19
Volvic Touch of Fruit Sugar Free Special Edition Mango Passion Flavoured Water,£1.35,(9.0p/100ml),drinks,water,2024-11-19
Highland Spring Still Spring Water Bottles,£3.50,(3.9p/100ml),drinks,water,2024-11-19
Rubicon Spring Orange Mango Sparkling Spring Water Drink,£1.25,(8.3p/100ml),drinks,water,2024-11-19
ASDA Sparkling Natural Mineral Water Bottle,£0.70,(3.5p/100ml),drinks,water,2024-11-19
Radnor Splash Apple & Raspberry Still Spring Water Cartons,£1.00,(13.3p/100ml),drinks,water,2024-11-19
ASDA Still Natural Mineral Water 2 Litres,£0.75,(3.8p/100ml),drinks,water,2024-11-19
Volvic Touch of Fruit Summer Fruits Flavoured Water,£1.35,(9.0p/100ml),drinks,water,2024-11-19
Volvic Touch of Fruit Strawberry Flavoured Water,£1.35,(9.0p/100ml),drinks,water,2024-11-19
Buxton Sparkling Natural Mineral Water Bottles,£2.75,(6.9p/100ml),drinks,water,2024-11-19
Buxton Still Natural Mineral Water Bottles,£3.95,(4.4p/100ml),drinks,water,2024-11-19
Rubicon Spring Black Cherry Raspberry Sparkling Spring Water Drink,£1.25,(8.3p/100ml),drinks,water,2024-11-19
Kubus Raspberry Flavoured Drink,£1.10,(22.0p/100ml),drinks,water,2024-11-19
Volvic Touch of Fruit Limited Edition Apple & Blackcurrant Natural Flavoured Sugar Free Water,£1.35,(9.0p/100ml),drinks,water,2024-11-19
San Pellegrino Sparkling Natural Mineral Water Bottles,£6.50,(10.8p/100ml),drinks,water,2024-11-19
ASDA Blackcurrant Flavoured Kids Still Water Bottles,£2.00,(12.5p/100ml),drinks,water,2024-11-19
Radnor Splash Orange & Passion Fruit Still Spring Water Cartons,£1.00,(13.3p/100ml),drinks,water,2024-11-19
Evian Still Natural Mineral Water Bottles,£4.50,(11.4p/100ml),drinks,water,2024-11-19
ASDA Sparkling Natural Mineral Water,£1.75,(2.2p/100ml),drinks,water,2024-11-19
Volvic Touch of Fruit Sugar Free Lemon & Lime Flavoured Water,£1.35,(9.0p/100ml),drinks,water,2024-11-19
Volvic Touch of Fruit Sugar Free Summer Fruits Flavoured Water,£1.35,(9.0p/100ml),drinks,water,2024-11-19
Highland Spring Still Spring Water Bottles,£3.25,(8.2p/100ml),drinks,water,2024-11-19
Aqua Libra Sparkling Water Infused with Raspberry & Blackcurrant Cans,£3.50,(26.5p/100ml),drinks,water,2024-11-19
Volvic Touch of Fruit Sugar Free Strawberry Flavoured Water,£1.35,(9.0p/100ml),drinks,water,2024-11-19
Volvic Natural Mineral Water,£1.00,(6.7p/100ml),drinks,water,2024-11-19
San Pellegrino Sparkling Natural Mineral Water Bottle,£1.00,(10.0p/100ml),drinks,water,2024-11-19
Rubicon Spring Strawberry Kiwi Sparkling Spring Water Drink,£1.25,(8.3p/100ml),drinks,water,2024-11-19
Buxton Sparkling Natural Mineral Water,£3.70,(6.2p/100ml),drinks,water,2024-11-19
Aqua Libra Sparkling Water Infused with Cucumber Mint & Lime,£3.50,(26.5p/100ml),drinks,water,2024-11-19
Volvic Touch of Fruit Sugar Free Watermelon Flavoured Water,£1.35,(9.0p/100ml),drinks,water,2024-11-19
Evian Sparkling Natural Mineral Water 1L,£1.50,(15.0p/100ml),drinks,water,2024-11-19
Highland Spring Still Spring Water Bottle,£1.00,(6.7p/100ml),drinks,water,2024-11-19
Vimto Discovery Zero Mango & Dragonfruit 2 litre,£1.00,(5.0p/100ml),drinks,squash,2024-11-19
Vimto Discovery Zero Passionfruit & Lychee 2 litre,£1.00,(5.0p/100ml),drinks,squash,2024-11-19
Ribena Blackcurrant Squash,£2.75,(18.3p/100ml),drinks,squash,2024-11-19
Ribena Blackcurrant Squash,£2.00,(23.5p/100ml),drinks,squash,2024-11-19
Vimto Fizzy Original,£1.00,(5.0p/100ml),drinks,squash,2024-11-19
Vimto No Added Sugar Fizzy,£1.00,(5.0p/100ml),drinks,squash,2024-11-19
Ribena No Added Sugar Strawberry Squash,£2.00,(23.5p/100ml),drinks,squash,2024-11-19
Ribena Juice Drink Blackcurrant Cartons,£2.50,(16.7p/100ml),drinks,squash,2024-11-19
Ribena Light No Added Sugar Blackcurrant Squash,£2.00,(23.5p/100ml),drinks,squash,2024-11-19
Ribena Light No Added Sugar Blackcurrant Squash,£2.75,(18.3p/100ml),drinks,squash,2024-11-19
Cravendale Filtered Fresh Skimmed Milk Fresher for Longer,£2.50,(£1.25/lt),drinks,milk,2024-11-19
Arla LactoFREE Fresh Semi Skimmed Milk,£2.75,(£1.38/lt),drinks,milk,2024-11-19
Arla BOB Semi-Skimmed That Tastes Like Whole Milk,£2.50,(£1.25/lt),drinks,milk,2024-11-19
ASDA British Milk Whole 4 Pints,£1.45,(63.8p/lt),drinks,milk,2024-11-19
ASDA British Milk Semi Skimmed 4 Pints,£1.45,(63.8p/lt),drinks,milk,2024-11-19
ASDA British Milk Whole 6 Pints,£2.15,(63.0p/lt),drinks,milk,2024-11-19
ASDA British Milk Semi Skimmed 6 Pints,£2.15,(63.0p/lt),drinks,milk,2024-11-19
ASDA British Milk Semi Skimmed 2 Pints,£1.20,(£1.06/lt),drinks,milk,2024-11-19
ASDA British Milk Skimmed 4 Pints,£1.45,(63.9p/lt),drinks,milk,2024-11-19
ASDA British Milk Whole 2 Pints,£1.20,(£1.06/lt),drinks,milk,2024-11-19
ASDA British Milk Semi Skimmed 1 Pint,£0.85,(£1.50/lt),drinks,milk,2024-11-19
Cravendale Filtered Fresh Semi Skimmed Milk Fresher for Longer,£1.55,(£1.55/lt),drinks,milk,2024-11-19
Cravendale Filtered Fresh Whole Milk Fresher for Longer,£1.55,(£1.55/lt),drinks,milk,2024-11-19
ASDA British Milk Filtered Semi Skimmed 2 Litres,£1.90,(95.0p/lt),drinks,milk,2024-11-19
ASDA British Milk Filtered Whole 2 Litres,£1.90,(95.0p/lt),drinks,milk,2024-11-19
ASDA Organic Semi Skimmed Milk,£2.00,(88.1p/lt),drinks,milk,2024-11-19
ASDA Organic Whole Milk,£2.00,(88.1p/lt),drinks,milk,2024-11-19
ASDA Organic Semi Skimmed Milk,£1.55,(£1.36/lt),drinks,milk,2024-11-19
ASDA Organic Whole Milk,£1.55,(£1.36/lt),drinks,milk,2024-11-19
Cravendale Filtered Fresh Whole Milk Fresher for Longer,£2.50,(£1.25/lt),drinks,milk,2024-11-19
Arla B.O.B Skimmed 1l,£1.35,(£1.35/lt),drinks,milk,2024-11-19
ASDA British Milk Skimmed 2 Pints,£1.20,(£1.06/lt),drinks,milk,2024-11-19
Arla Big Milk Fresh Whole Milk Vitamin Enriched for Kids 1+,£2.65,(£1.32/lt),drinks,milk,2024-11-19
Arla Bob Skimmed Milk That Tastes like Semi Skimmed,£2.50,(£1.25/lt),drinks,milk,2024-11-19
Graham's Gold Jersey Milk,£1.50,(£1.50/lt),drinks,milk,2024-11-19
ASDA British Milk Whole 1 Pint,£0.85,(£1.50/lt),drinks,milk,2024-11-19
Arla LactoFREE Fresh Semi Skimmed Milk,£1.85,(£1.85/lt),drinks,milk,2024-11-19
Weetabix & Cravendale Semi Skimmed Milk Breakfast Bundle,£7.99,null,drinks,milk,2024-11-19
Asda Arla Farmers Milk Whole 4 Pints,£1.70,(74.9p/lt),drinks,milk,2024-11-19
Arla LactoFREE Fresh Skimmed Milk Drink,£1.85,(£1.85/lt),drinks,milk,2024-11-19
Delamere Semi Skimmed Goats Milk Chilled,£1.80,(£1.80/lt),drinks,milk,2024-11-19
Family Milk Bundle,£4.00,null,drinks,milk,2024-11-19
Arla LactoFREE Fresh Whole Milk,£1.85,(£1.85/lt),drinks,milk,2024-11-19
Yeo Valley Organic Fresh Semi Skimmed Milk,£2.75,(£1.38/lt),drinks,milk,2024-11-19
Arla Barista Milk Drink 1 Litre,£1.25,(£1.25/lt),drinks,milk,2024-11-19
Yeo Valley Organic Free Range Fresh Whole Milk,£1.75,(£1.75/lt),drinks,milk,2024-11-19
Arla LactoFREE Organic Semi Skimmed Milk Drink,£2.00,(£2.00/lt),drinks,milk,2024-11-19
ASDA Lactose Free Semi Skimmed Milk,£0.99,(99.0p/lt),drinks,milk,2024-11-19
Asda Arla Farmers Milk Semi Skimmed 4 Pints,£1.70,(74.9p/lt),drinks,milk,2024-11-19
Yeo Valley Organic Free Range Fresh Whole Milk,£2.75,(£1.38/lt),drinks,milk,2024-11-19
ASDA British Milk Skimmed 1 Pint,£0.85,(£1.50/lt),drinks,milk,2024-11-19
Delamere Whole Goats Milk Chilled,£1.80,(£1.80/lt),drinks,milk,2024-11-19
Cravendale Filtered Fresh Semi Skimmed Milk Fresher for Longer,£2.50,(£1.25/lt),drinks,milk,2024-11-19
Yeo Valley Organic Fresh Semi Skimmed Milk,£1.75,(£1.75/lt),drinks,milk,2024-11-19
Cravendale Filtered Fresh Skimmed Milk Fresher for Longer,£2.50,(£1.25/lt),drinks,milk,2024-11-19
Arla LactoFREE Fresh Semi Skimmed Milk,£2.75,(£1.38/lt),drinks,milk,2024-11-19
Arla BOB Semi-Skimmed That Tastes Like Whole Milk,£2.50,(£1.25/lt),drinks,milk,2024-11-19
Arla LactoFREE Fresh Semi Skimmed Milk,£1.85,(£1.85/lt),drinks,milk,2024-11-19
Arla LactoFREE Fresh Whole Milk,£1.85,(£1.85/lt),drinks,milk,2024-11-19
Arla LactoFREE Fresh Skimmed Milk Drink,£1.85,(£1.85/lt),drinks,milk,2024-11-19
PG Tips 210 Original Tea Bags 609g,£4.99,(81.9p/100g),drinks,tea,2024-11-19
PG Tips 70 Decaf Tea Bags 203g,£2.70,(£1.33/100g),drinks,tea,2024-11-19
Pukka Organic Night Time 20 Herbal Tea Sachets,£3.50,(£17.50/100g),drinks,tea,2024-11-19
Bubbleology Brown Sugar Milk Bubble Tea 20ml,£2.30,(£3.03/100g),drinks,tea,2024-11-19
ASDA English Breakfast Classic Black 50 Tea Bags,£0.90,(72.0p/100g),drinks,tea,2024-11-19
Riya's Adrak (Ginger) Chai,£2.50,(£1.39/100g),drinks,tea,2024-11-19
Bubbleology Taro Milk Bubble Tea With Tapioca Pearls,£2.30,(£3.07/100g),drinks,tea,2024-11-19
Dalgety Strong Pure Peppermint 18 Herbal Tea Teabags 40g,£1.90,(£4.75/100g),drinks,tea,2024-11-19
Dalgety Strong Lemon & Ginger 18 Herbal Teabags 54g,£1.90,(£3.52/100g),drinks,tea,2024-11-19
Dalgety Strong Honey & Ginger 18 Herbal Teabags 72g,£1.90,(£2.64/100g),drinks,tea,2024-11-19
Riya's Karak (Spicy & Strong) Chai,£2.50,(£1.39/100g),drinks,tea,2024-11-19
Clipper Fairtrade 80 Organic English Breakfast Bags 232g,£3.00,(£1.07/100g),drinks,tea,2024-11-19
ASDA Green Tea & Mint 20 Tea Bags,£0.75,(£1.88/100g),drinks,tea,2024-11-19
Tetley Immune Tropical Super Green Tea 20 Tea Bags,£1.50,(£3.75/100g),drinks,tea,2024-11-19
Good Earth Rooibos Chai Tea Bags x 15,£3.00,(£8.70/100g),drinks,tea,2024-11-19
ASDA Mango & Strawberry 20 Tea Bags,£0.75,(£1.88/100g),drinks,tea,2024-11-19
Tetley Super Green Detox 20 Mint Tea Bags,£1.50,(£3.75/100g),drinks,tea,2024-11-19
Twinings Pure Fennel 40g,£2.00,(£5.00/100g),drinks,tea,2024-11-19
Tetley 50 Green Tea Matcha Tea Bags 105g,£2.85,(£2.71/100g),drinks,tea,2024-11-19
Bubbleology Milk Tea Mixology Kit With Tapioca Pearls,£7.00,(£2.41/100g),drinks,tea,2024-11-19
Good Earth Elderflower & Pear 15 Biodegradable Teabags 18g,£3.00,(£16.67/100g),drinks,tea,2024-11-19
Good Earth Moroccan Mint Tea Bags x 15,£3.00,(£11.11/100g),drinks,tea,2024-11-19
Tea India 40 Ginger Chai Tea Bags 100g,£2.00,(£2.00/100g),drinks,tea,2024-11-19
Riya's Masala (Spicy) Chai,£2.50,(£1.39/100g),drinks,tea,2024-11-19
Twinings Decaf Pure Green Tea 20 Tea Bags,£2.50,(£7.14/100g),drinks,tea,2024-11-19
Twinings Pure Green Tea 80 Tea Bags,£5.00,(£2.50/100g),drinks,tea,2024-11-19
Pukka Vanilla Chai 40g,£3.50,(£8.75/100g),drinks,tea,2024-11-19
Tetley 40 Rooibos Orange Tea Bags 80g,£2.25,(£2.81/100g),drinks,tea,2024-11-19
Twinings Pomegranate Green Tea 20 Tea Bags,£2.50,(£6.25/100g),drinks,tea,2024-11-19
Twinings Lemon Green Tea 20 Tea Bags,£2.50,(£6.25/100g),drinks,tea,2024-11-19
Pukka Peace Organic 20 Herbal Tea Sachets 30g,£3.50,(£11.67/100g),drinks,tea,2024-11-19
Twinings Superblends Focus Mango & Pineapple with Ginseng Tea Bags 30g,£3.50,(£11.67/100g),drinks,tea,2024-11-19
Twinings Superblends Cleanse Matcha 20 Plant-Based Tea Bags 40g,£3.50,(£9.46/100g),drinks,tea,2024-11-19
Twinings Mango & Strawberry with Zesty Lime 20 Tea Bags,£2.80,(£5.60/100g),drinks,tea,2024-11-19
"Pukka Chamomile, Vanilla & Manuka Honey 20 Organic Herbal Tea Bags",£3.50,(£10.94/100g),drinks,tea,2024-11-19
Twinings English Breakfast 40 Plant-Based Tea Bags,£2.50,(£2.50/100g),drinks,tea,2024-11-19
Pukka 20 Organic Three Chamomile Herbal Tea Sachets 30g,£3.50,(£11.67/100g),drinks,tea,2024-11-19
"Good Earth Hibiscus, Sweet Berries & Rose Tea Bags x 15",£3.00,(£7.14/100g),drinks,tea,2024-11-19
Tetley Boost Berry Burst Super Green Tea 20 Tea Bags,£1.50,(£3.75/100g),drinks,tea,2024-11-19
Twinings Everyday 120 Plant-Based Tea Bags 348g,£5.50,(£1.58/100g),drinks,tea,2024-11-19
Pukka Organic Herbal Collection 20 Herbal Tea Sachets 34.4g,£3.50,(£10.29/100g),drinks,tea,2024-11-19
Lancashire Tea 80 Tea Bags,£2.00,(80.0p/100g),drinks,tea,2024-11-19
Tetley Herbal Pure Camomile Tea Bags x20,£1.50,(£5.00/100g),drinks,tea,2024-11-19
Twinings The Earl Grey 40 Plant-Based Tea Bags,£2.50,(£2.50/100g),drinks,tea,2024-11-19
Good Earth Turmeric Lemon Tea Bags x 15,£3.00,(£7.14/100g),drinks,tea,2024-11-19
Pukka Organic Turmeric Active 20 Herbal Tea Sachets 36g,£3.50,(£9.72/100g),drinks,tea,2024-11-19
Twinings Raspberry & Lemon 20 Tea Bags,£2.80,(£7.00/100g),drinks,tea,2024-11-19
Tetley Super Herbal Happy Tummy Mint and Fennel 18 Tea Bags 32.4g,£1.50,(£4.63/100g),drinks,tea,2024-11-19
PG Tips 210 Original Tea Bags 609g,£4.99,(81.9p/100g),drinks,tea,2024-11-19
Pukka Organic Night Time 20 Herbal Tea Sachets,£3.50,(£17.50/100g),drinks,tea,2024-11-19
Pukka Organic Three Mint 20 Herbal Tea Sachets 32g,£3.50,(£10.94/100g),drinks,tea,2024-11-19
PG Tips 70 Decaf Tea Bags 203g,£2.70,(£1.33/100g),drinks,tea,2024-11-19
Pukka 20 Organic Supreme Matcha Green Tea Sachets 30g,£3.50,(£11.67/100g),drinks,tea,2024-11-19
"Pukka Organic Lemon, Ginger & Manuka Honey 20 Herbal Tea Sachets 40g",£3.50,(£8.75/100g),drinks,tea,2024-11-19
Pukka Organic Peppermint & Licorice 20 Herbal Tea Sachets 30g,£3.50,(£11.67/100g),drinks,tea,2024-11-19
Pukka 20 Organic Three Chamomile Herbal Tea Sachets 30g,£3.50,(£11.67/100g),drinks,tea,2024-11-19
"Pukka Chamomile, Vanilla & Manuka Honey 20 Organic Herbal Tea Bags",£3.50,(£10.94/100g),drinks,tea,2024-11-19
Pukka Organic Turmeric Active 20 Herbal Tea Sachets 36g,£3.50,(£9.72/100g),drinks,tea,2024-11-19
Pukka Organic Three Ginger 20 Herbal Tea Sachet 36g,£3.50,(£9.72/100g),drinks,tea,2024-11-19
PG Tips 210 Original Tea Bags 609g,£4.99,(81.9p/100g),drinks,tea,2024-11-19
Pukka Organic Night Time 20 Herbal Tea Sachets,£3.50,(£17.50/100g),drinks,tea,2024-11-19
Pukka Organic Three Mint 20 Herbal Tea Sachets 32g,£3.50,(£10.94/100g),drinks,tea,2024-11-19
ASDA Decaf Green Tea 50 Tea Bags,£0.75,(75.0p/100g),drinks,tea,2024-11-19
Drink Me Chai Dirty Chai Latte 200g,£3.65,(£1.82/100g),drinks,tea,2024-11-19
Pukka Pukka Organic Night Time Berry 20 Herbal Tea Sachets 36g,£3.50,(£9.72/100g),drinks,tea,2024-11-19
Tetley Herbal Zingy Lemon & Ginger Tea Bags x20,£1.50,(£3.75/100g),drinks,tea,2024-11-19
Bubbleology Passion Fruit Bubble Tea With Popping Boba,£2.30,(£1.80/100g),drinks,tea,2024-11-19
Twinings Superblends Immune Support Blackcurrant & Raspberry,£3.50,(£8.75/100g),drinks,tea,2024-11-19
"Tetley Super Herbal Sleep Camomile, Vanilla and Lavender 18 Tea Bags 27g",£1.50,(£5.56/100g),drinks,tea,2024-11-19
Tea India Masala Chai 40 Tea Bags 100g,£2.00,(£2.00/100g),drinks,tea,2024-11-19
Twinings Strawberry & Raspberry 20 Tea Bags,£2.00,(£5.00/100g),drinks,tea,2024-11-19
ASDA 80 Loose Leaf Tea 250g,£1.50,(60.0p/100g),drinks,tea,2024-11-19
Bubbleology Fruit Tea Mixology Kit With Popping Boba,£7.00,(£1.73/100g),drinks,tea,2024-11-19
Clipper Organic Everyday Tea 160 Tea bags,£4.50,(84.3p/100g),drinks,tea,2024-11-19
Tetley Herbal Fresh Mint Tea Bags x20,£1.50,(£4.69/100g),drinks,tea,2024-11-19
Tetley Super Fruits Immune Peach & Orange 20 Tea Bags,£1.50,(£3.75/100g),drinks,tea,2024-11-19
"Twinings Superblends Turmeric with Orange and Star Anise, 20 Tea Bags",£3.50,(£8.75/100g),drinks,tea,2024-11-19
ASDA Extra Special 50 Chai Tea Bags,£1.90,(£1.90/100g),drinks,tea,2024-11-19
Twinings Everyday Plant-Based Tea Bags,£4.00,(£1.72/100g),drinks,tea,2024-11-19
Pukka Organic Three Ginger 20 Herbal Tea Sachet 36g,£3.50,(£9.72/100g),drinks,tea,2024-11-19
Twinings English Breakfast Decaffeinated 40 Plant-Based Tea Bags,£2.50,(£2.27/100g),drinks,tea,2024-11-19
Twinings Superblends Super Green Matcha 20 Plant-Based Tea Bags 40g,£3.50,(£9.46/100g),drinks,tea,2024-11-19
Twinings Lemon & Ginger 80 Single Tea Bags 120g,£5.00,(£4.17/100g),drinks,tea,2024-11-19
Tetley Green Tea Mango & Passionfruit x50,£2.85,(£2.85/100g),drinks,tea,2024-11-19
Tetley Super Fruits Boost Blueberry & Raspberry 20 Tea Bags,£1.50,(£3.75/100g),drinks,tea,2024-11-19
ASDA Extra Special 50 English Breakfast Tea Bags,£1.70,(£1.36/100g),drinks,tea,2024-11-19
Twinings Pure Green Tea 20 Tea Bags,£2.50,(£5.00/100g),drinks,tea,2024-11-19
"Twinings Superblends Digest Spearmint, Apple & Rooibios with Baobab 20 Tea Bags 35g",£3.50,(£10.29/100g),drinks,tea,2024-11-19
Twinings Cranberry & Raspberry 20 Tea Bags,£2.00,(£5.00/100g),drinks,tea,2024-11-19
"Pukka Organic Lemon, Ginger & Manuka Honey 20 Herbal Tea Sachets 40g",£3.50,(£8.75/100g),drinks,tea,2024-11-19
Twinings English Breakfast 120 Plant-Based Tea Bags 300g,£5.50,(£1.83/100g),drinks,tea,2024-11-19
Typhoo 80 Premium Everyday Tea Bags 250g,£2.50,(£1.00/100g),drinks,tea,2024-11-19
Twinings Mint Green Tea 20 Tea Bags,£2.50,(£6.25/100g),drinks,tea,2024-11-19
Twinings Pure Camomile 20 Tea Bags,£2.00,(£6.67/100g),drinks,tea,2024-11-19
Tetley Green Tea Decaf 50 Tea Bags,£2.85,(£2.85/100g),drinks,tea,2024-11-19
"Twinings Superblends Detox with Lemon, Ginger and Fennel, 20 Tea Bags",£3.50,(£8.75/100g),drinks,tea,2024-11-19
Twinings Superblends Moment of Calm Spiced Camomile & Vanilla 20 Tea Bags 30g,£3.50,(£11.67/100g),drinks,tea,2024-11-19
Pukka Organic Peppermint & Licorice 20 Herbal Tea Sachets 30g,£3.50,(£11.67/100g),drinks,tea,2024-11-19
Typhoo QT Instant Black Tea with Whitener,£2.00,(88.9p/100g),drinks,tea,2024-11-19
Twinings Superblends Sleep Valerian & Orange Blossom 20 Tea Bags 30g,£3.50,(£11.67/100g),drinks,tea,2024-11-19
Pukka 20 Organic Supreme Matcha Green Tea Sachets 30g,£3.50,(£11.67/100g),drinks,tea,2024-11-19
ASDA Wild Berry 20 Tea Bags,£0.75,(£1.88/100g),drinks,tea,2024-11-19
Twinings Lemon & Ginger 20 Tea Bags,£2.00,(£6.67/100g),drinks,tea,2024-11-19
Taylors of Harrogate Yorkshire Tea Bedtime Brew 40 Tea Bags,£2.25,(£2.25/100g),drinks,tea,2024-11-19
Twinings The Earl Grey 120 Plant-Based Tea Bags 300g,£5.50,(£1.83/100g),drinks,tea,2024-11-19
ASDA Green Tea with Lemon 20 Tea Bags,£0.75,(£1.88/100g),drinks,tea,2024-11-19
Twinings Spiced Ginger 20 Tea Bags,£2.00,(£6.67/100g),drinks,tea,2024-11-19
Tick Tock Rooibos Tea 40 Bags,£2.50,(£2.78/100g),drinks,tea,2024-11-19
Pukka Organic Night Time 20 Herbal Tea Sachets,£3.50,(£17.50/100g),drinks,tea,2024-11-19
Pukka Organic Three Mint 20 Herbal Tea Sachets 32g,£3.50,(£10.94/100g),drinks,tea,2024-11-19
PG Tips 210 Original Tea Bags 609g,£4.99,(81.9p/100g),drinks,tea,2024-11-19
Pukka 20 Organic Supreme Matcha Green Tea Sachets 30g,£3.50,(£11.67/100g),drinks,tea,2024-11-19
Pukka Organic Peppermint & Licorice 20 Herbal Tea Sachets 30g,£3.50,(£11.67/100g),drinks,tea,2024-11-19
"Pukka Organic Lemon, Ginger & Manuka Honey 20 Herbal Tea Sachets 40g",£3.50,(£8.75/100g),drinks,tea,2024-11-19
Pukka 20 Organic Three Chamomile Herbal Tea Sachets 30g,£3.50,(£11.67/100g),drinks,tea,2024-11-19
"Pukka Chamomile, Vanilla & Manuka Honey 20 Organic Herbal Tea Bags",£3.50,(£10.94/100g),drinks,tea,2024-11-19
Pukka Organic Turmeric Active 20 Herbal Tea Sachets 36g,£3.50,(£9.72/100g),drinks,tea,2024-11-19
Pukka Organic Three Ginger 20 Herbal Tea Sachet 36g,£3.50,(£9.72/100g),drinks,tea,2024-11-19
PG Tips 70 Decaf Tea Bags 203g,£2.70,(£1.33/100g),drinks,tea,2024-11-19
PG Tips 210 Original Tea Bags 609g,£4.99,(81.9p/100g),drinks,tea,2024-11-19
Pukka Organic Night Time 20 Herbal Tea Sachets,£3.50,(£17.50/100g),drinks,tea,2024-11-19
Pukka Organic Three Mint 20 Herbal Tea Sachets 32g,£3.50,(£10.94/100g),drinks,tea,2024-11-19
Tetley Earl Grey 50 Tea Bags,£2.60,(£2.08/100g),drinks,tea,2024-11-19
Twinings Superblends Metabolism Peppermint with Spiced Green Tea & Nettle 20 Tea Bags,£3.50,(£8.75/100g),drinks,tea,2024-11-19
"Twinings Superblends Glow with Strawberry, Cucumber and Green Tea, 20 Tea Bags",£3.50,(£8.75/100g),drinks,tea,2024-11-19
Twinings Soothing Camomile & Honey 20 Tea Bags,£2.00,(£6.67/100g),drinks,tea,2024-11-19
Yorkshire Tea Caramelised Biscuit Brew 40 Tea Bags 112g,£2.25,(£2.01/100g),drinks,tea,2024-11-19
Twinings The Earl Grey Decaffeinated 40 Plant-Based Tea Bags,£2.50,(£2.50/100g),drinks,tea,2024-11-19
Twinings Pure Peppermint 20 Tea Bags,£2.00,(£5.00/100g),drinks,tea,2024-11-19
Tetley Pure Red Bush 40 Tea Bags,£2.60,(£2.60/100g),drinks,tea,2024-11-19
Twinings Superblends Wellbeing Collection 20 Tea Bags,£3.50,(£9.46/100g),drinks,tea,2024-11-19
ASDA Redbush Tea 80 Bags,£2.50,(£1.56/100g),drinks,tea,2024-11-19
ASDA Extra Special Earl Grey 50 Tea Bags,£1.50,(£1.50/100g),drinks,tea,2024-11-19
Twinings Assam 80 Tea Bags,£5.30,(£2.65/100g),drinks,tea,2024-11-19
Twinings Plant-Based Lady Grey Bright with Zesty Orange Tea Bags,£4.80,(£2.40/100g),drinks,tea,2024-11-19
Typhoo 400 Premium Everyday Tea Bags 1250g,£7.00,(56.0p/100g),drinks,tea,2024-11-19
ASDA Lemon & Ginger 20 Tea Bags,£0.75,(£1.88/100g),drinks,tea,2024-11-19
Twinings Decaffeinated Everyday 80 Tea Bags 250g,£5.30,(£2.28/100g),drinks,tea,2024-11-19
Clipper Fairtrade Pure Green Tea 80 Tea Bags,£4.00,(£2.50/100g),drinks,tea,2024-11-19
Twinings Superblends 20 Wind Down Collection 33.2g,£3.50,(£10.61/100g),drinks,tea,2024-11-19
Taylors of Harrogate Yorkshire Tea Black Loose Leaf Tea,£2.95,(£1.18/100g),drinks,tea,2024-11-19
Tetley Green Tea with Lemon 50 Tea Bags,£2.85,(£2.85/100g),drinks,tea,2024-11-19
Clipper Organic Everyday Tea 80 Tea bags,£3.50,(£1.23/100g),drinks,tea,2024-11-19
Lift Instant Lemon Flavour Tea,£1.70,(£1.03/100g),drinks,tea,2024-11-19
"Twinings Superblends Sleep with Spiced Apple and Camomile, 20 Tea Bags",£3.50,(£11.67/100g),drinks,tea,2024-11-19
Twinings Pure Peppermint 80 Tea Bags,£5.00,(£3.12/100g),drinks,tea,2024-11-19
Twinings English Breakfast 80 Plant-Based Tea Bags,£4.00,(£2.00/100g),drinks,tea,2024-11-19
Taylors of Harrogate Yorkshire Tea Malty Biscuit Brew 40 Tea Bags 112g,£2.25,(£2.01/100g),drinks,tea,2024-11-19
ASDA Camomile Tea 40 Bags,£1.75,(£2.92/100g),drinks,tea,2024-11-19
JUST ESSENTIALS by ASDA 40 Tea Bags,£0.45,(45.0p/100g),drinks,tea,2024-11-19
Tetley Pure Green Tea 50 Tea Bags,£2.85,(£2.85/100g),drinks,tea,2024-11-19
Drink Me Spiced Chai Latte,£3.65,(£1.46/100g),drinks,tea,2024-11-19
Taylors of Harrogate Yorkshire Tea Gold 80 Tea Bags,£3.50,(£1.40/100g),drinks,tea,2024-11-19
Twinings Strong English Breakfast 80 Tea Bags,£5.29,(£2.12/100g),drinks,tea,2024-11-19
Twinings The Earl Grey 80 Plant-Based Tea Bags,£4.80,(£2.40/100g),drinks,tea,2024-11-19
Taylors of Harrogate Yorkshire Tea 160 Tea Bags,£4.50,(90.0p/100g),drinks,tea,2024-11-19
PG Tips 40 Original Tea Bags 116g,£1.65,(£1.42/100g),drinks,tea,2024-11-19
PG Tips 70 Decaf Tea Bags 203g,£2.70,(£1.33/100g),drinks,tea,2024-11-19
ASDA Peppermint Tea 40 Bags,£1.75,(£2.19/100g),drinks,tea,2024-11-19
Taylors of Harrogate Yorkshire Tea Decaf 80 Tea Bags,£3.85,(£1.54/100g),drinks,tea,2024-11-19
Tetley Original 40 Tea Bags,£1.70,(£1.36/100g),drinks,tea,2024-11-19
ASDA Extra Strong 80 Tea Bags 232g,£2.00,(86.2p/100g),drinks,tea,2024-11-19
Tetley Decaf 80 Tea Bags,£3.70,(£1.48/100g),drinks,tea,2024-11-19
Tetley Decaf 160 Tea Bags,£5.00,(£1.00/100g),drinks,tea,2024-11-19
ASDA Decaf 80 Tea Bags 232g,£1.65,(71.1p/100g),drinks,tea,2024-11-19
PG Tips 80 Original Tea Bags 232g,£2.70,(£1.16/100g),drinks,tea,2024-11-19
Taylors of Harrogate Yorkshire Tea Decaf 160 Tea Bags,£6.30,(£1.26/100g),drinks,tea,2024-11-19
Taylors of Harrogate Yorkshire Tea 40 Tea Bags,£1.75,(£1.40/100g),drinks,tea,2024-11-19
Tetley Original 80 Tea Bags,£3.15,(£1.26/100g),drinks,tea,2024-11-19
Taylors of Harrogate Yorkshire Tea 80 Tea Bags,£3.30,(£1.32/100g),drinks,tea,2024-11-19
Tetley Original Tea Bags 1.25kg,£6.50,(52.0p/100g),drinks,tea,2024-11-19
ASDA Everyday 240 Tea Bags 696g,£3.20,(46.0p/100g),drinks,tea,2024-11-19
Pukka Organic Night Time 20 Herbal Tea Sachets,£3.50,(£17.50/100g),drinks,tea,2024-11-19
Pukka Organic Three Mint 20 Herbal Tea Sachets 32g,£3.50,(£10.94/100g),drinks,tea,2024-11-19
PG Tips 210 Original Tea Bags 609g,£4.99,(81.9p/100g),drinks,tea,2024-11-19
Pukka 20 Organic Supreme Matcha Green Tea Sachets 30g,£3.50,(£11.67/100g),drinks,tea,2024-11-19
Pukka Organic Peppermint & Licorice 20 Herbal Tea Sachets 30g,£3.50,(£11.67/100g),drinks,tea,2024-11-19
"Pukka Organic Lemon, Ginger & Manuka Honey 20 Herbal Tea Sachets 40g",£3.50,(£8.75/100g),drinks,tea,2024-11-19
Pukka 20 Organic Three Chamomile Herbal Tea Sachets 30g,£3.50,(£11.67/100g),drinks,tea,2024-11-19
"Pukka Chamomile, Vanilla & Manuka Honey 20 Organic Herbal Tea Bags",£3.50,(£10.94/100g),drinks,tea,2024-11-19
Pukka Organic Turmeric Active 20 Herbal Tea Sachets 36g,£3.50,(£9.72/100g),drinks,tea,2024-11-19
Pukka Organic Three Ginger 20 Herbal Tea Sachet 36g,£3.50,(£9.72/100g),drinks,tea,2024-11-19
PG Tips 70 Decaf Tea Bags 203g,£2.70,(£1.33/100g),drinks,tea,2024-11-19
PG Tips 210 Original Tea Bags 609g,£4.99,(81.9p/100g),drinks,tea,2024-11-19
Pukka Organic Night Time 20 Herbal Tea Sachets,£3.50,(£17.50/100g),drinks,tea,2024-11-19
Pukka Organic Three Mint 20 Herbal Tea Sachets 32g,£3.50,(£10.94/100g),drinks,tea,2024-11-19
Tetley Original 240 Tea Bags,£5.00,(66.7p/100g),drinks,tea,2024-11-19
Taylors of Harrogate Yorkshire Tea 240 Tea Bags,£6.30,(84.0p/100g),drinks,tea,2024-11-19
Pukka Organic Night Time 20 Herbal Tea Sachets,£3.50,(£17.50/100g),drinks,tea,2024-11-19
Pukka Organic Three Mint 20 Herbal Tea Sachets 32g,£3.50,(£10.94/100g),drinks,tea,2024-11-19
PG Tips 210 Original Tea Bags 609g,£4.99,(81.9p/100g),drinks,tea,2024-11-19
Pukka 20 Organic Supreme Matcha Green Tea Sachets 30g,£3.50,(£11.67/100g),drinks,tea,2024-11-19
Pukka Organic Peppermint & Licorice 20 Herbal Tea Sachets 30g,£3.50,(£11.67/100g),drinks,tea,2024-11-19
"Pukka Organic Lemon, Ginger & Manuka Honey 20 Herbal Tea Sachets 40g",£3.50,(£8.75/100g),drinks,tea,2024-11-19
Pukka 20 Organic Three Chamomile Herbal Tea Sachets 30g,£3.50,(£11.67/100g),drinks,tea,2024-11-19
"Pukka Chamomile, Vanilla & Manuka Honey 20 Organic Herbal Tea Bags",£3.50,(£10.94/100g),drinks,tea,2024-11-19
Pukka Organic Turmeric Active 20 Herbal Tea Sachets 36g,£3.50,(£9.72/100g),drinks,tea,2024-11-19
Pukka Organic Three Ginger 20 Herbal Tea Sachet 36g,£3.50,(£9.72/100g),drinks,tea,2024-11-19
PG Tips 70 Decaf Tea Bags 203g,£2.70,(£1.33/100g),drinks,tea,2024-11-19
Starbucks Frappuccino Coffee Drink Decadent Caramel Flavour 250ml,£2.10,(84.0p/100ml),drinks,coffee,2024-11-19
Starbucks Frappuccino Coffee Drink 250ml,£2.10,(84.0p/100ml),drinks,coffee,2024-11-19
Starbucks Frappuccino Vanilla Flavour 250ml,£2.10,(84.0p/100ml),drinks,coffee,2024-11-19
ASDA Gold Roasted Coffee Instant Granules 200g,£2.25,(£1.12/100g),drinks,coffee,2024-11-19
Nescafe Original Instant Coffee,£7.75,(£2.58/100g),drinks,coffee,2024-11-19
ASDA White Chocolate & Hazelnut Flavour Latte 216g,£3.00,(£1.39/100g),drinks,coffee,2024-11-19
Nescafe Gold Aero Golden Honeycomb Mocha,£1.75,(£1.32/100g),drinks,coffee,2024-11-19
Nescafe Azera Americano 90g,£6.65,(£7.39/100g),drinks,coffee,2024-11-19
Starbucks Caramel Latte 5 x 23g (115g),£3.10,(£2.70/100g),drinks,coffee,2024-11-19
Nescafe Aero Peppermint Mocha 7 x 19g (133g),£1.75,(£1.32/100g),drinks,coffee,2024-11-19
Costa Coffee Mocha Italia Signature Blend Coffee Beans,£3.00,(£1.50/100g),drinks,coffee,2024-11-19
The Skinny Food Co. Salted Caramel Flavour Syrup with Sweetener 425ml,£1.50,(£3.53/kg),drinks,coffee,2024-11-19
Alpro Almond No Sugars Long Life Drink,£1.50,(15.0p/100ml),drinks,coffee,2024-11-19
ASDA Extra Special Colombian Instant Coffee,£2.95,(£2.95/100g),drinks,coffee,2024-11-19
Nescafe Gold Caramel Latte Coffee Sachets,£1.75,(£1.29/100g),drinks,coffee,2024-11-19
Douwe Egberts Pure Indulgence Dark Roast Instant Coffee,£6.50,(£3.42/100g),drinks,coffee,2024-11-19
Kenco Millicano Americano Decaff Instant Coffee,£3.00,(£3.00/100g),drinks,coffee,2024-11-19
Nescafe Gold Blend Alta Rica Instant Coffee,£6.50,(£3.42/100g),drinks,coffee,2024-11-19
Cravendale Filtered Fresh Semi Skimmed Milk Fresher for Longer,£2.50,(£1.25/lt),drinks,coffee,2024-11-19
Starbucks Multiserve Caffe Latte Iced Coffee,£3.75,(£5.00/lt),drinks,coffee,2024-11-19
Nescafe Roastery Light Roast 95g,£6.65,(£7.00/100g),drinks,coffee,2024-11-19
ASDA Skimmed Milk Powder 340g,£3.20,(94.1p/100g),drinks,coffee,2024-11-19
Taylors of Harrogate Flying Start Coffee Bags 10 Enveloped Bags 75g,£2.50,(£3.33/100g),drinks,coffee,2024-11-19
Canderel Sweetener Tablets,£3.30,(1.1p/each),drinks,coffee,2024-11-19
NYCoffee Salted Caramel 3in1 Extra Value Pack,£0.90,(44.1p/100g),drinks,coffee,2024-11-19
ASDA Caramel Latte 330ml,£1.00,(30.3p/100ml),drinks,coffee,2024-11-19
Alpro Soya No Sugars Chilled Drink,£2.00,(£2.00/lt),drinks,coffee,2024-11-19
Starbucks Skinny Latte Chilled Coffee 220ml,£1.00,(45.5p/100ml),drinks,coffee,2024-11-19
Taylors of Harrogate Rich Italian Ground Roast Coffee 200g,£4.35,(£2.17/100g),drinks,coffee,2024-11-19
Starbucks Caramel Macchiato Iced Coffee,£1.00,(45.5p/100ml),drinks,coffee,2024-11-19
ASDA Extra Special Rwandan Roast Coffee Beans 227g,£3.50,(£1.54/100g),drinks,coffee,2024-11-19
Costa Coffee Mocha Italia Signature Blend Ground for Cafetiere & Filter,£3.00,(£1.50/100g),drinks,coffee,2024-11-19
ASDA Extra Special Decaffeinated Colombian Roast & Ground Coffee,£3.50,(£1.54/100g),drinks,coffee,2024-11-19
Starbucks Daily Brew Iced Coffee with Milk,£2.00,(80.0p/100ml),drinks,coffee,2024-11-19
Lavazza Espresso Maestro Decaffeinated Medium Roasting 10 Capsules 58g,£3.99,(£6.88/100g),drinks,coffee,2024-11-19
Kenco Rich Instant Coffee 150g,£4.75,(£3.17/100g),drinks,coffee,2024-11-19
Kenco Decaff Instant Coffee,£5.00,(£2.50/100g),drinks,coffee,2024-11-19
ASDA Extra Special Javan Volcanic Island Ground Coffee,£3.50,(£1.54/100g),drinks,coffee,2024-11-19
ASDA Extra Special Mexican Roast & Ground Coffee 227g,£3.50,(£1.54/100g),drinks,coffee,2024-11-19
Nido Full Cream Milk Powder,£5.99,(£1.50/100g),drinks,coffee,2024-11-19
ASDA Italian Style Roasted Beans 454g,£4.80,(£1.06/100g),drinks,coffee,2024-11-19
Nescafé Latte Instant Coffee 12 x 18g Sachets,£2.50,(£1.16/100g),drinks,coffee,2024-11-19
ASDA French Style Roasted Ground 227g,£2.70,(£1.19/100g),drinks,coffee,2024-11-19
ASDA Extra Special Guatemalan Roast Coffee Beans 227g,£3.50,(£1.54/100g),drinks,coffee,2024-11-19
Douwe Egberts Pure Gold Medium Roast Instant Coffee,£6.50,(£3.42/100g),drinks,coffee,2024-11-19
ASDA Light Brown Sugar 500g,£1.80,(£3.60/kg),drinks,coffee,2024-11-19
Blue Diamond Long Life Almond Breeze Drink Unsweetened,£1.90,(£1.90/lt),drinks,coffee,2024-11-19
Lavazza Qualità Rossa Ground Coffee,£8.60,(£1.72/100g),drinks,coffee,2024-11-19
Kenco Smooth Instant Coffee,£3.50,(£3.50/100g),drinks,coffee,2024-11-19
Nescafé Azera Decaff Americano 90g,£6.65,(£7.39/100g),drinks,coffee,2024-11-19
Starbucks Caffe Latte Iced Coffee,£1.00,(45.5p/100ml),drinks,coffee,2024-11-19
Rombouts Rombouts 40 Coffee Filter Papers Size No. 4,£1.50,(3.8p/each),drinks,coffee,2024-11-19
Mellow Bird's Instant Coffee Powder,£2.40,(£2.40/100g),drinks,coffee,2024-11-19
Starbucks Oat Based Vanilla Macchiato Plant Based Iced Coffee,£2.20,(£10.00/lt),drinks,coffee,2024-11-19
Nescafe Gold Cappuccino Instant Coffee 8 Sachets,£1.75,(£1.18/100g),drinks,coffee,2024-11-19
Dolce Gusto Americano Decaffeinato 16 x 8g (128g),£4.00,(89.5p/100g),drinks,coffee,2024-11-19
ASDA Extra Special Kenyan Ground Coffee,£3.50,(£1.54/100g),drinks,coffee,2024-11-19
ASDA Light Squirty Cream 250ml,£1.60,(64.0p/100g),drinks,coffee,2024-11-19
Taylors of Harrogate Hot Lava Java Ground Roast Coffee 200g,£4.35,(£2.17/100g),drinks,coffee,2024-11-19
Starbucks Frappuccino Coffee Drink Decadent Caramel Flavour 250ml,£2.10,(84.0p/100ml),drinks,coffee,2024-11-19
Starbucks Frappuccino Coffee Drink 250ml,£2.10,(84.0p/100ml),drinks,coffee,2024-11-19
Starbucks Frappuccino Vanilla Flavour 250ml,£2.10,(84.0p/100ml),drinks,coffee,2024-11-19
Starbucks Frappuccino Coffee Drink 250ml,£2.10,(84.0p/100ml),drinks,coffee,2024-11-19
Starbucks Frappuccino Coffee Drink Indulgent Caramel Flavour 250ml,£2.00,(80.0p/100ml),drinks,coffee,2024-11-19
Canderel Sweetener Tablets,£3.30,(1.1p/each),drinks,coffee,2024-11-19
L'OR Classique Instant Coffee,£4.20,(£4.20/100g),drinks,coffee,2024-11-19
Alpro Almond No Sugars Long Life Drink,£1.50,(15.0p/100ml),drinks,coffee,2024-11-19
Alpro Soya No Sugars Chilled Drink,£2.00,(£2.00/lt),drinks,coffee,2024-11-19
Starbucks Frappuccino Coffee Drink Decadent Caramel Flavour 250ml,£2.10,(84.0p/100ml),drinks,coffee,2024-11-19
Starbucks Frappuccino Vanilla Flavour 250ml,£2.10,(84.0p/100ml),drinks,coffee,2024-11-19
Starbucks Frappuccino Coffee Drink 250ml,£2.10,(84.0p/100ml),drinks,coffee,2024-11-19
Mellow Bird's Instant Coffee Powder,£2.40,(£2.40/100g),drinks,coffee,2024-11-19
Dolce Gusto Americano Decaffeinato 16 x 8g (128g),£4.00,(89.5p/100g),drinks,coffee,2024-11-19
ASDA Extra Special Kenyan Ground Coffee,£3.50,(£1.54/100g),drinks,coffee,2024-11-19
ASDA Extra Special Guatemalan Roast Coffee Beans 227g,£3.50,(£1.54/100g),drinks,coffee,2024-11-19
Nido Full Cream Milk Powder,£5.99,(£1.50/100g),drinks,coffee,2024-11-19
Cravendale Filtered Fresh Semi Skimmed Milk Fresher for Longer,£2.50,(£1.25/lt),drinks,coffee,2024-11-19
ASDA Extra Special Colombian Instant Coffee,£2.95,(£2.95/100g),drinks,coffee,2024-11-19
Nescafe Azera Americano Intense 90g,£6.65,(£7.39/100g),drinks,coffee,2024-11-19
ASDA Extra Special 10 Colombian Decaff Coffee Pods,£2.63,(£4.87/100g),drinks,coffee,2024-11-19
Nescafe Gold Cappuccino Unsweetened Taste Coffee Sachets,£1.75,(£1.54/100g),drinks,coffee,2024-11-19
ASDA Italian Style Roasted Ground 227g,£2.70,(£1.19/100g),drinks,coffee,2024-11-19
ASDA Extra Special Ethiopian Fairtrade Ground Coffee,£3.50,(£1.54/100g),drinks,coffee,2024-11-19
L'OR Intense Instant Coffee,£4.20,(£4.20/100g),drinks,coffee,2024-11-19
Nescafe Roastery Dark Roast 95g,£6.65,(£7.00/100g),drinks,coffee,2024-11-19
Camp Chicory & Coffee Essence,£2.00,(83.0p/100ml),drinks,coffee,2024-11-19
Drink Me Chai Vegan Chai Latte 250g,£4.00,(£1.60/100g),drinks,coffee,2024-11-19
Arla Bob Skimmed Milk That Tastes like Semi Skimmed,£2.50,(£1.25/lt),drinks,coffee,2024-11-19
Nescafe Toffee Nut Latte 8 x 18.6g (148.8g),£1.75,(£1.18/100g),drinks,coffee,2024-11-19
Lavazza Caffè Espresso Coffee Beans,£19.49,(£1.95/100g),drinks,coffee,2024-11-19
Costa Coffee Intense Dark Roast 100g,£5.25,(£5.25/100g),drinks,coffee,2024-11-19
L'OR Classique Instant Coffee,£4.20,(£4.20/100g),drinks,coffee,2024-11-19
Nescafe Gold Cappuccino Decaf Unsweetened Taste Coffee Sachets,£1.75,(£1.46/100g),drinks,coffee,2024-11-19
L'OR Decafeine Instant Coffee,£4.20,(£4.20/100g),drinks,coffee,2024-11-19
Nescafe Gold Blend Instant Coffee,£5.75,(£2.88/100g),drinks,coffee,2024-11-19
Plant Based by ASDA Almond Unsweetened Drink 1 Litre,£1.25,(£1.25/lt),drinks,coffee,2024-11-19
Lavazza Espresso Italiano Classico Ground Coffee,£4.50,(£1.80/100g),drinks,coffee,2024-11-19
ASDA Squirty Cream 250ml,£1.60,(64.0p/100g),drinks,coffee,2024-11-19
Nescafe Alta Rica 95g,£5.65,(£5.95/100g),drinks,coffee,2024-11-19
Taylors of Harrogate Lazy Sunday Ground Roast Coffee 200g,£4.35,(£2.17/100g),drinks,coffee,2024-11-19
ASDA Extra Special Italian Style Instant Coffee,£2.95,(£2.95/100g),drinks,coffee,2024-11-19
Azera Americano 140g,£5.75,(£4.11/100g),drinks,coffee,2024-11-19
NYCoffee 3 in 1 Coffee Drink 10 x 14g (140g),£0.90,(£9.00/100g),drinks,coffee,2024-11-19
L'OR Classique Instant Coffee,£7.50,(£5.00/100g),drinks,coffee,2024-11-19
Costa Salted Caramel Latte Sachets Drinks 6 x 17g (102g),£2.25,(£2.21/100g),drinks,coffee,2024-11-19
Lavazza Qualità Oro Ground Coffee,£4.50,(£1.80/100g),drinks,coffee,2024-11-19
Lavazza Espresso Barista Gran Crema Coffee Beans 1000g,£18.00,(£1.80/100g),drinks,coffee,2024-11-19
Nescafe Gold Blend Decaff Instant Coffee,£5.75,(£2.88/100g),drinks,coffee,2024-11-19
Mokate Classic 3in1 XXL 24 Sachets,£1.75,(42.9p/100g),drinks,coffee,2024-11-19
ASDA Extra Special Brazilian Ground Coffee,£3.50,(£1.54/100g),drinks,coffee,2024-11-19
Kenco Iced Hot Vanilla Latte Sachets x8,£1.90,(£1.17/100g),drinks,coffee,2024-11-19
Starbucks Frappuccino Coffee Drink 250ml,£2.10,(84.0p/100ml),drinks,coffee,2024-11-19
Kenco Gold Indulgence Instant Coffee 195g,£5.00,(£2.63/100g),drinks,coffee,2024-11-19
Nescafe Cap Colombia 95g,£5.65,(£5.95/100g),drinks,coffee,2024-11-19
Taylors of Harrogate Rich Italian Beans Roast Coffee 700g,£10.00,(£1.43/100g),drinks,coffee,2024-11-19
ASDA Extra Special Fairtrade Organic Nicaraguan Ground Coffee,£3.50,(£1.54/100g),drinks,coffee,2024-11-19
Leon Fairtrade Organic Coffee Blonde Roast Ground,£3.50,(£1.75/100g),drinks,coffee,2024-11-19
ASDA House Blend Decaf Roasted Ground 227g,£2.70,(£1.19/100g),drinks,coffee,2024-11-19
L'OR Decafeine Instant Coffee,£7.50,(£5.00/100g),drinks,coffee,2024-11-19
Starbucks Almond Based Plant Based Iced Coffee,£1.25,(56.8p/100ml),drinks,coffee,2024-11-19
Lavazza Qualità Rossa Ground Coffee,£4.25,(£1.70/100g),drinks,coffee,2024-11-19
Nescafe Irish Latte 8 x 19.8g (158.4g),£1.75,(£1.10/100g),drinks,coffee,2024-11-19
Nescafe Espresso 95g,£5.65,(£5.95/100g),drinks,coffee,2024-11-19
Kenco Decaff Instant Coffee 150g,£4.75,(£3.17/100g),drinks,coffee,2024-11-19
Illy Espresso Medium Roast Ground Coffee,£6.65,(£2.66/100g),drinks,coffee,2024-11-19
Mokate Classic 3in1 XXL 24 x 17g (408g),£1.75,(£7.29/100g),drinks,coffee,2024-11-19
Starbucks Frappuccino Coffee Drink Decadent Caramel Flavour 250ml,£2.10,(84.0p/100ml),drinks,coffee,2024-11-19
Starbucks Frappuccino Vanilla Flavour 250ml,£2.10,(84.0p/100ml),drinks,coffee,2024-11-19
Starbucks Frappuccino Coffee Drink 250ml,£2.10,(84.0p/100ml),drinks,coffee,2024-11-19
Starbucks Frappuccino Coffee Drink 250ml,£2.10,(84.0p/100ml),drinks,coffee,2024-11-19
Starbucks Frappuccino Coffee Drink Indulgent Caramel Flavour 250ml,£2.00,(80.0p/100ml),drinks,coffee,2024-11-19
Canderel Sweetener Tablets,£3.30,(1.1p/each),drinks,coffee,2024-11-19
L'OR Classique Instant Coffee,£4.20,(£4.20/100g),drinks,coffee,2024-11-19
Alpro Almond No Sugars Long Life Drink,£1.50,(15.0p/100ml),drinks,coffee,2024-11-19
Alpro Soya No Sugars Chilled Drink,£2.00,(£2.00/lt),drinks,coffee,2024-11-19
Starbucks Frappuccino Coffee Drink Decadent Caramel Flavour 250ml,£2.10,(84.0p/100ml),drinks,coffee,2024-11-19
Starbucks Frappuccino Vanilla Flavour 250ml,£2.10,(84.0p/100ml),drinks,coffee,2024-11-19
Starbucks Frappuccino Coffee Drink 250ml,£2.10,(84.0p/100ml),drinks,coffee,2024-11-19
Nescafé 3 in 1 Original 12 x 16g (192g),£2.00,(£1.04/100g),drinks,coffee,2024-11-19
Starbucks Multiserve Caramel Macchiato Iced Coffee,£3.75,(50.0p/100ml),drinks,coffee,2024-11-19
Silver Spoon Sugar White Cubes,£1.45,(£2.90/kg),drinks,coffee,2024-11-19
Nescafe Gold Blend Smooth Instant Coffee,£7.90,(£3.95/100g),drinks,coffee,2024-11-19
Taylors of Harrogate Decaffé Coffee Bags 10 Enveloped Bags,£2.50,(£3.33/100g),drinks,coffee,2024-11-19
ASDA Extra Special Southern Indian Roast & Ground Coffee,£3.50,(£1.54/100g),drinks,coffee,2024-11-19
ASDA Extra Special 10 Colombian Decaff Coffee Pods,£2.63,(£4.87/100g),drinks,coffee,2024-11-19
Nescafe Gold Cappuccino Decaf Unsweetened Taste Coffee Sachets,£1.75,(£1.46/100g),drinks,coffee,2024-11-19
Drink Me Chai Vegan Chai Latte 250g,£4.00,(£1.60/100g),drinks,coffee,2024-11-19
Nescafe Gold Blend Instant Coffee,£5.75,(£2.88/100g),drinks,coffee,2024-11-19
Nescafe Toffee Nut Latte 8 x 18.6g (148.8g),£1.75,(£1.18/100g),drinks,coffee,2024-11-19
L'OR Classique Instant Coffee,£7.50,(£5.00/100g),drinks,coffee,2024-11-19
NYCoffee 3 in 1 Coffee Drink 10 x 14g (140g),£0.90,(£9.00/100g),drinks,coffee,2024-11-19
Costa Coffee Intense Dark Roast 100g,£5.25,(£5.25/100g),drinks,coffee,2024-11-19
Plant Based by ASDA Almond Unsweetened Drink 1 Litre,£1.25,(£1.25/lt),drinks,coffee,2024-11-19
L'OR Classique Instant Coffee,£4.20,(£4.20/100g),drinks,coffee,2024-11-19
Lavazza Caffè Espresso Coffee Beans,£19.49,(£1.95/100g),drinks,coffee,2024-11-19
L'OR Decafeine Instant Coffee,£4.20,(£4.20/100g),drinks,coffee,2024-11-19
Nescafe Alta Rica 95g,£5.65,(£5.95/100g),drinks,coffee,2024-11-19
Azera Americano 140g,£5.75,(£4.11/100g),drinks,coffee,2024-11-19
ASDA Extra Special Italian Style Instant Coffee,£2.95,(£2.95/100g),drinks,coffee,2024-11-19
Lavazza Espresso Italiano Classico Ground Coffee,£4.50,(£1.80/100g),drinks,coffee,2024-11-19
Starbucks Almond Based Plant Based Iced Coffee,£1.25,(56.8p/100ml),drinks,coffee,2024-11-19
ASDA Squirty Cream 250ml,£1.60,(64.0p/100g),drinks,coffee,2024-11-19
ASDA Italian Style Roasted Ground 227g,£2.70,(£1.19/100g),drinks,coffee,2024-11-19
Camp Chicory & Coffee Essence,£2.00,(83.0p/100ml),drinks,coffee,2024-11-19
Kenco Decaff Instant Coffee 150g,£4.75,(£3.17/100g),drinks,coffee,2024-11-19
Nescafé 2 in 1 8 x 9g (72g),£1.35,(£1.88/100g),drinks,coffee,2024-11-19
Nescafe Espresso 95g,£5.65,(£5.95/100g),drinks,coffee,2024-11-19
Mokate Classic 3in1 XXL 24 x 17g (408g),£1.75,(£7.29/100g),drinks,coffee,2024-11-19
Illy Espresso Medium Roast Ground Coffee,£6.65,(£2.66/100g),drinks,coffee,2024-11-19
ASDA Extra Special Ethiopian Fairtrade Ground Coffee,£3.50,(£1.54/100g),drinks,coffee,2024-11-19
ASDA House Blend Decaf Roasted Ground 227g,£2.70,(£1.19/100g),drinks,coffee,2024-11-19
L'OR Decafeine Instant Coffee,£7.50,(£5.00/100g),drinks,coffee,2024-11-19
Lavazza Qualità Oro Ground Coffee,£4.50,(£1.80/100g),drinks,coffee,2024-11-19
ASDA Extra Special Brazilian Ground Coffee,£3.50,(£1.54/100g),drinks,coffee,2024-11-19
Kenco Iced Hot Vanilla Latte Sachets x8,£1.90,(£1.17/100g),drinks,coffee,2024-11-19
Costa Salted Caramel Latte Sachets Drinks 6 x 17g (102g),£2.25,(£2.21/100g),drinks,coffee,2024-11-19
Lavazza Espresso Barista Gran Crema Coffee Beans 1000g,£18.00,(£1.80/100g),drinks,coffee,2024-11-19
Arla Bob Skimmed Milk That Tastes like Semi Skimmed,£2.50,(£1.25/lt),drinks,coffee,2024-11-19
Leon Fairtrade Organic Coffee Blonde Roast Ground,£3.50,(£1.75/100g),drinks,coffee,2024-11-19
Nescafe Cap Colombia 95g,£5.65,(£5.95/100g),drinks,coffee,2024-11-19
Starbucks Frappuccino Coffee Drink 250ml,£2.10,(84.0p/100ml),drinks,coffee,2024-11-19
Kenco Gold Indulgence Instant Coffee 195g,£5.00,(£2.63/100g),drinks,coffee,2024-11-19
Taylors of Harrogate Rich Italian Beans Roast Coffee 700g,£10.00,(£1.43/100g),drinks,coffee,2024-11-19
George Home Black Stainless Steel Coffee Grinder,£14.00,(£14.00/each),drinks,coffee,2024-11-19
ASDA Classic Latte 330ml,£1.00,(30.3p/100ml),drinks,coffee,2024-11-19
NYCoffee 3in1 Salted Caramel Flavour (14 x 10) 140g,£0.90,(£9.00/100g),drinks,coffee,2024-11-19
ASDA Extra Special Winter Blend Roast & Ground Coffee 227g,£3.00,(£1.32/100g),drinks,coffee,2024-11-19
Kenco Rich Instant Coffee,£5.00,(£2.50/100g),drinks,coffee,2024-11-19
ASDA Extra Special Fairtrade Organic Nicaraguan Ground Coffee,£3.50,(£1.54/100g),drinks,coffee,2024-11-19
Taylors of Harrogate Lazy Sunday Ground Roast Coffee 200g,£4.35,(£2.17/100g),drinks,coffee,2024-11-19
Starbucks Premium Instant White Mocha 5 x 24g (120g),£3.10,(£2.58/100g),drinks,coffee,2024-11-19
Nescafe Gold Blend Instant Coffee,£3.65,(£3.65/100g),drinks,coffee,2024-11-19
Alpro Soya Plant-Based Chilled Drink,£2.00,(£2.00/lt),drinks,coffee,2024-11-19
Nescafe Irish Latte 8 x 19.8g (158.4g),£1.75,(£1.10/100g),drinks,coffee,2024-11-19
Lavazza Qualità Rossa Ground Coffee,£4.25,(£1.70/100g),drinks,coffee,2024-11-19
Starbucks Frappuccino Coffee Drink Decadent Caramel Flavour 250ml,£2.10,(84.0p/100ml),drinks,coffee,2024-11-19
Starbucks Frappuccino Vanilla Flavour 250ml,£2.10,(84.0p/100ml),drinks,coffee,2024-11-19
Starbucks Frappuccino Coffee Drink 250ml,£2.10,(84.0p/100ml),drinks,coffee,2024-11-19
Starbucks Frappuccino Coffee Drink 250ml,£2.10,(84.0p/100ml),drinks,coffee,2024-11-19
Starbucks Frappuccino Coffee Drink Indulgent Caramel Flavour 250ml,£2.00,(80.0p/100ml),drinks,coffee,2024-11-19
Canderel Sweetener Tablets,£3.30,(1.1p/each),drinks,coffee,2024-11-19
L'OR Classique Instant Coffee,£4.20,(£4.20/100g),drinks,coffee,2024-11-19
Alpro Almond No Sugars Long Life Drink,£1.50,(15.0p/100ml),drinks,coffee,2024-11-19
Alpro Soya No Sugars Chilled Drink,£2.00,(£2.00/lt),drinks,coffee,2024-11-19
Starbucks Frappuccino Coffee Drink Decadent Caramel Flavour 250ml,£2.10,(84.0p/100ml),drinks,coffee,2024-11-19
Starbucks Frappuccino Vanilla Flavour 250ml,£2.10,(84.0p/100ml),drinks,coffee,2024-11-19
Starbucks Frappuccino Coffee Drink 250ml,£2.10,(84.0p/100ml),drinks,coffee,2024-11-19
Dolce Gusto Mocha 216g,£4.00,(61.7p/100g),drinks,coffee,2024-11-19
Jimmy's Iced Coffee Mocha,£1.00,(£4.00/lt),drinks,coffee,2024-11-19
Lavazza Qualità Oro,£16.50,(£1.65/100g),drinks,coffee,2024-11-19
Kenco Latte Instant Coffee Sachets,£1.90,(£1.46/100g),drinks,coffee,2024-11-19
ASDA Extra Special Javan Volcanic Island Coffee Beans,£3.50,(£1.54/100g),drinks,coffee,2024-11-19
Starbucks Doubleshot Espresso Iced Coffee,£1.00,(50.0p/100ml),drinks,coffee,2024-11-19
Taylors of Harrogate Rich Italian Beans Roast Coffee 200g,£4.35,(£2.17/100g),drinks,coffee,2024-11-19
Illy Espresso Roast Ground Coffee,£6.65,(£2.66/100g),drinks,coffee,2024-11-19
Leon Fairtrade Organic Coffee Dark Roast Ground,£3.50,(£1.75/100g),drinks,coffee,2024-11-19
Lavazza Crema e Gusto Ground Coffee,£4.25,(£1.70/100g),drinks,coffee,2024-11-19
Taylors of Harrogate Decaffé Coffee Bags 10 Enveloped Bags,£2.50,(£3.33/100g),drinks,coffee,2024-11-19
Nescafe Gold Cappuccino Instant Coffee,£2.70,(£1.45/100g),drinks,coffee,2024-11-19
Costa Creamy Cappuccino Sachets Drinks 6 x 17g (102g),£2.25,(£2.21/100g),drinks,coffee,2024-11-19
Starbucks Premium Instant Cinnamon Dolce Latte 5 x 23.5g (117.5g),£3.10,(£2.64/100g),drinks,coffee,2024-11-19
Lavazza Decaffeinated Coffee Beans,£10.99,(£2.20/100g),drinks,coffee,2024-11-19
Nescafe Gold Blend Refill 150g,£6.00,(£4.00/100g),drinks,coffee,2024-11-19
Nescafe Original Decaff Instant Coffee,£4.85,(£2.42/100g),drinks,coffee,2024-11-19
Nescafe Original Instant Coffee,£3.90,(£3.90/100g),drinks,coffee,2024-11-19
Nescafe Double Choc Mocha 8 x 20.9g (167.2g),£1.75,(£1.05/100g),drinks,coffee,2024-11-19
Taylors of Harrogate Decaffé Ground Roast Coffee 200g,£4.35,(£2.17/100g),drinks,coffee,2024-11-19
ASDA Americano Coffee 100g,£3.00,(£3.00/100g),drinks,coffee,2024-11-19
Kenco Smooth Instant Coffee 150g,£4.75,(£3.17/100g),drinks,coffee,2024-11-19
Nido Full Cream Milk Powder,£13.00,(£1.44/100g),drinks,coffee,2024-11-19
Nescafe Gold Blend Intense Instant Coffee,£7.90,(£3.95/100g),drinks,coffee,2024-11-19
Costa Millionaires Mocha Sachets 6 x 23g (138g),£2.40,(£2.35/100g),drinks,coffee,2024-11-19
Starbucks Cappucino Chilled Coffee,£2.00,(90.9p/100ml),drinks,coffee,2024-11-19
Kenco Millicano Americano Original Instant Coffee,£5.95,(£3.50/100g),drinks,coffee,2024-11-19
Monin Caramel Syrup,£3.45,(£1.38/100ml),drinks,coffee,2024-11-19
Costa Coffee Intensely Dark Amazonian Blend 200g,£3.00,(£1.50/100g),drinks,coffee,2024-11-19
ASDA Cafe Cappuccino 8 x 16g (128g),£1.10,(80.9p/100g),drinks,coffee,2024-11-19
Monin Vanilla Syrup,£3.45,(£1.38/100ml),drinks,coffee,2024-11-19
Cravendale Filtered Fresh Whole Milk Fresher for Longer,£2.50,(£1.25/lt),drinks,coffee,2024-11-19
Lavazza Espresso Barista Gran Crema Coffee Beans 500g,£8.00,(£1.60/100g),drinks,coffee,2024-11-19
Costa Instant Coffee Smooth Medium Roast,£5.25,(£5.25/100g),drinks,coffee,2024-11-19
Lavazza Qualità Rossa Coffee Beans,£18.49,(£1.85/100g),drinks,coffee,2024-11-19
ASDA Skinny Latte 330ml,£1.00,(30.3p/100ml),drinks,coffee,2024-11-19
Starbucks Frappuccino Coffee Drink Decadent Caramel Flavour 250ml,£2.10,(84.0p/100ml),drinks,coffee,2024-11-19
Starbucks Frappuccino Vanilla Flavour 250ml,£2.10,(84.0p/100ml),drinks,coffee,2024-11-19
Starbucks Frappuccino Coffee Drink 250ml,£2.10,(84.0p/100ml),drinks,coffee,2024-11-19
Starbucks Frappuccino Coffee Drink 250ml,£2.10,(84.0p/100ml),drinks,coffee,2024-11-19
Starbucks Frappuccino Coffee Drink Indulgent Caramel Flavour 250ml,£2.00,(80.0p/100ml),drinks,coffee,2024-11-19
Canderel Sweetener Tablets,£3.30,(1.1p/each),drinks,coffee,2024-11-19
L'OR Classique Instant Coffee,£4.20,(£4.20/100g),drinks,coffee,2024-11-19
Alpro Almond No Sugars Long Life Drink,£1.50,(15.0p/100ml),drinks,coffee,2024-11-19
Alpro Soya No Sugars Chilled Drink,£2.00,(£2.00/lt),drinks,coffee,2024-11-19
Cobra Premium Beer 12 x 330ml,£13.50,(£3.41/lt),drinks,beer_cider,2024-11-19
Carlsberg Danish Pilsner 4 x 568ml,£4.75,(£2.09/lt),drinks,beer_cider,2024-11-19
Desperados Original Tequila Flavoured Beer Bottle,£3.20,(£4.92/lt),drinks,beer_cider,2024-11-19
Stella Artois Belgium Premium Lager Beer 18 Pack,£14.00,(£1.77/lt),drinks,beer_cider,2024-11-19
BrewDog Punk Post Modern Classic IPA 4 Pack,£6.00,(£4.55/lt),drinks,beer_cider,2024-11-19
Hoegaarden Belgian Wheat Beer Bottle,£3.75,(£5.00/lt),drinks,beer_cider,2024-11-19
Badger The Golden Champion Golden Ale,£2.10,(£4.20/lt),drinks,beer_cider,2024-11-19
Siren Craft Brew Tropical IPA 440ml,£3.00,(£6.82/lt),drinks,beer_cider,2024-11-19
ASDA Hazy Pale 330ml,£1.50,(£4.55/lt),drinks,beer_cider,2024-11-19
Sharp's Doom Bar Amber Ale,£2.40,(£4.80/lt),drinks,beer_cider,2024-11-19
Desperados Original Tequila Flavoured Beer Bottles,£5.50,(£5.56/lt),drinks,beer_cider,2024-11-19
Coors Lager Beer 10 Pack Cans,£10.00,(£2.27/lt),drinks,beer_cider,2024-11-19
Amigos Tequila Flavour Beer,£2.15,(£4.30/lt),drinks,beer_cider,2024-11-19
Korev Lager,£2.35,(£4.70/lt),drinks,beer_cider,2024-11-19
Greene King Abbot Ale,£5.50,(£2.75/lt),drinks,beer_cider,2024-11-19
Erdinger Weissbier Wheat Beer,£2.25,(£4.50/lt),drinks,beer_cider,2024-11-19
Beck's German Pilsner Beer Bottles,£10.00,(£3.03/lt),drinks,beer_cider,2024-11-19
Adnams Ghost Ship Ale,£2.00,(£4.00/lt),drinks,beer_cider,2024-11-19
Tyskie Gronie Lager,£2.50,(£3.85/lt),drinks,beer_cider,2024-11-19
Daura Damm Gluten-Free Lager Beer,£6.00,(£4.55/lt),drinks,beer_cider,2024-11-19
"Vocation Brewery Hop, Skip & Juice Hazy Pale Ale 4 x 330ml",£6.00,(£4.55/lt),drinks,beer_cider,2024-11-19
Robinsons Iron Maiden Trooper Premium British Beer,£2.25,(£4.50/lt),drinks,beer_cider,2024-11-19
ASDA West Coast IPA 330ml,£1.50,(£4.55/lt),drinks,beer_cider,2024-11-19
Fuller's London Pride Outstanding Premium Ale,£2.30,(£4.60/lt),drinks,beer_cider,2024-11-19
Old Golden Hen Refreshing Craft Beer,£2.25,(£4.50/lt),drinks,beer_cider,2024-11-19
Judicious Juicy Pale,£3.00,(£6.82/lt),drinks,beer_cider,2024-11-19
Corona Extra Premium Lager Beer Bottles,£5.50,(£4.17/lt),drinks,beer_cider,2024-11-19
Carlsberg Export Lager Beer 4 Pack,£5.50,(£2.42/lt),drinks,beer_cider,2024-11-19
Greene King Abbot Ale,£2.25,(£4.50/lt),drinks,beer_cider,2024-11-19
Black Sheep Brewery Milk Stout 500ml,£2.25,(£4.50/lt),drinks,beer_cider,2024-11-19
Titanic Brewery Dark Strong Plum Porter,£2.25,(£4.50/lt),drinks,beer_cider,2024-11-19
St Austell Proper ??b Powerfully Hopped Cornish IPA 4 x 440ml,£5.75,(£3.27/lt),drinks,beer_cider,2024-11-19
Heineken 12 x 330ml,£12.00,(£3.03/lt),drinks,beer_cider,2024-11-19
BrewDog Triple Hazy New England IPA,£4.50,(£10.23/lt),drinks,beer_cider,2024-11-19
Estrella Damm Lager Beer 10 Cans,£10.00,(£3.03/lt),drinks,beer_cider,2024-11-19
Hoegaarden Belgian Wheat Beer Bottle,£6.00,(£4.55/lt),drinks,beer_cider,2024-11-19
Tribute Pale Ale Cans,£6.00,(£3.00/lt),drinks,beer_cider,2024-11-19
Stella Artois Unfiltered Lager Beer Bottles,£12.00,(£3.03/lt),drinks,beer_cider,2024-11-19
Sierra Nevada California IPA,£6.00,(£4.23/lt),drinks,beer_cider,2024-11-19
Heineken Premium Lager Beer Bottle,£2.50,(£3.85/lt),drinks,beer_cider,2024-11-19
Virtuous Aromatic Session IPA 440ml,£3.00,(£6.82/lt),drinks,beer_cider,2024-11-19
Stella Artois Belgium Unfiltered Premium Lager Beer,£2.50,(£4.03/lt),drinks,beer_cider,2024-11-19
ASDA Velvet Stout 330ml,£1.50,(£4.55/lt),drinks,beer_cider,2024-11-19
BrewDog Gluten Free Punk IPA 4 x 330ml,£6.00,(£4.55/lt),drinks,beer_cider,2024-11-19
Gwei.lo Rainbow Sherbet Sour 440ml,£3.00,(£6.82/lt),drinks,beer_cider,2024-11-19
Wye Valley Brewery HPA Hereford Pale Ale,£2.25,(£4.50/lt),drinks,beer_cider,2024-11-19
McEwan's Champion Ale Beer,£2.10,(£4.20/lt),drinks,beer_cider,2024-11-19
Corona Extra Premium Lager Beer Cans,£10.00,(£3.03/lt),drinks,beer_cider,2024-11-19
Shepherd Neame Classic Collection IPA,£2.40,(£4.80/lt),drinks,beer_cider,2024-11-19
Vocation Toucan Tropic,£3.00,(£6.82/lt),drinks,beer_cider,2024-11-19
Leffe Brune Abbey Beer Bottle,£3.75,(£5.00/lt),drinks,beer_cider,2024-11-19
BrewDog Hazy Jane New England IPA,£2.25,(£5.11/lt),drinks,beer_cider,2024-11-19
Warsteiner Premium Lager Beer,£2.45,(£3.71/lt),drinks,beer_cider,2024-11-19
Shepherd Neame 1698 Bottle Conditioned Ale,£2.35,(£4.70/lt),drinks,beer_cider,2024-11-19
Birra Moretti Premium Lager Beer Bottle,£2.80,(£4.24/lt),drinks,beer_cider,2024-11-19
Amstel Bier 10 x 440ml,£10.00,(£2.27/lt),drinks,beer_cider,2024-11-19
Badger Fursty Ferret Ale,£2.25,(£4.50/lt),drinks,beer_cider,2024-11-19
Seven Brothers Passion Fruit Juicy Fruity Pale,£3.00,(£6.82/lt),drinks,beer_cider,2024-11-19
Shepherd Neame Whitstable Bay Pale Ale,£2.25,(£4.50/lt),drinks,beer_cider,2024-11-19
Black Sheep Ale,£2.25,(£4.50/lt),drinks,beer_cider,2024-11-19
Cobra Premium Beer 12 x 330ml,£13.50,(£3.41/lt),drinks,beer_cider,2024-11-19
Carlsberg Danish Pilsner 4 x 568ml,£4.75,(£2.09/lt),drinks,beer_cider,2024-11-19
Amstel Bier 10 x 440ml,£10.00,(£2.27/lt),drinks,beer_cider,2024-11-19
Birra Moretti Premium Lager Beer Bottle,£2.80,(£4.24/lt),drinks,beer_cider,2024-11-19
Desperados Original Tequila Flavoured Beer Bottle,£3.20,(£4.92/lt),drinks,beer_cider,2024-11-19
Foster's Lager Beer Cans,£4.50,(£2.56/lt),drinks,beer_cider,2024-11-19
Heineken 0.0 Alcohol Free Beer Cans,£4.75,(£2.40/lt),drinks,beer_cider,2024-11-19
Desperados Original Tequila Flavoured Beer Bottles,£11.00,(£3.67/lt),drinks,beer_cider,2024-11-19
Birra Moretti Premium Lager Beer Bottles,£19.00,(£3.20/lt),drinks,beer_cider,2024-11-19
Heineken 12 x 330ml,£12.00,(£3.03/lt),drinks,beer_cider,2024-11-19
Sol Original Lager Beer 12 x 330ml Bottles,£9.50,(£2.40/lt),drinks,beer_cider,2024-11-19
Heineken 0.0 Alcohol Free Beer Bottles,£8.00,(£2.02/lt),drinks,beer_cider,2024-11-19
Carlsberg Danish Pilsner 4 x 568ml,£4.75,(£2.09/lt),drinks,beer_cider,2024-11-19
Cobra Premium Beer 12 x 330ml,£13.50,(£3.41/lt),drinks,beer_cider,2024-11-19
Amstel Bier 10 x 440ml,£10.00,(£2.27/lt),drinks,beer_cider,2024-11-19
Leffe Brune Abbey Beer Bottle,£3.75,(£5.00/lt),drinks,beer_cider,2024-11-19
Seven Brothers Passion Fruit Juicy Fruity Pale,£3.00,(£6.82/lt),drinks,beer_cider,2024-11-19
Vocation Toucan Tropic,£3.00,(£6.82/lt),drinks,beer_cider,2024-11-19
Charles Wells Banana Bread Beer,£2.25,(£4.50/lt),drinks,beer_cider,2024-11-19
BrewDog Lost Planet First Lager,£9.00,(£2.05/lt),drinks,beer_cider,2024-11-19
BrewDog Hazy Jane New England IPA 4 Pack,£6.00,(£4.55/lt),drinks,beer_cider,2024-11-19
Tyskie Gronie Lager,£5.75,(£2.88/lt),drinks,beer_cider,2024-11-19
Vocation Brewery Life & Death Classic IPA 4 x 330ml,£6.00,(£4.55/lt),drinks,beer_cider,2024-11-19
Corona Extra Premium Lager Beer Bottles,£12.00,(£3.03/lt),drinks,beer_cider,2024-11-19
Staropramen Premium Czech Lager,£2.65,(£4.02/lt),drinks,beer_cider,2024-11-19
Kirkstall Tiramisu Stout 440ml,£3.00,(£6.82/lt),drinks,beer_cider,2024-11-19
Camden Camden Hells Lager 4x,£6.00,(£4.55/lt),drinks,beer_cider,2024-11-19
Budweiser Lager Beer 4 pack Cans,£6.25,(£2.75/lt),drinks,beer_cider,2024-11-19
Guinness Original Extra Stout Beer Bottle,£2.25,(£4.50/lt),drinks,beer_cider,2024-11-19
Singha Thai Beer Premium Import Lager Beer,£2.45,(£3.89/lt),drinks,beer_cider,2024-11-19
Birra Moretti Premium Lager Beer Bottles,£6.50,(£4.92/lt),drinks,beer_cider,2024-11-19
Shepherd Neame Whitstable Bay Pale Ale,£2.25,(£4.50/lt),drinks,beer_cider,2024-11-19
Badger Fursty Ferret Ale,£2.25,(£4.50/lt),drinks,beer_cider,2024-11-19
Timothy Taylor's Landlord Classic Pale Ale,£2.30,(£4.60/lt),drinks,beer_cider,2024-11-19
Shipyard American IPA Ale Beer,£2.25,(£4.50/lt),drinks,beer_cider,2024-11-19
Sol Original Lager Beer 12 x 330ml Bottles,£9.50,(£2.40/lt),drinks,beer_cider,2024-11-19
Blue Moon Belgian White American Craft Wheat Beer,£5.75,(£4.36/lt),drinks,beer_cider,2024-11-19
Corona Extra 18 x 330ml,£14.50,(£2.44/lt),drinks,beer_cider,2024-11-19
Cobra Premium Beer 620ml,£2.65,(£4.27/lt),drinks,beer_cider,2024-11-19
Guinness Draught Stout Beer In Can 4.1% vol 15 x 440ml Cans,£18.00,(£2.73/lt),drinks,beer_cider,2024-11-19
Gold Label Very Strong Special Beer,£6.50,(£4.92/lt),drinks,beer_cider,2024-11-19
Stella Artois Belgium Premium Lager Beer,£2.40,(£3.64/lt),drinks,beer_cider,2024-11-19
Guinness Foreign Extra Stout Beer Bottle,£2.10,(£6.36/lt),drinks,beer_cider,2024-11-19
Estrella Damm Premium Lager Beer,£2.50,(£3.79/lt),drinks,beer_cider,2024-11-19
Guinness West Indies Porter Beer,£2.25,(£4.50/lt),drinks,beer_cider,2024-11-19
Greene King Ice Breaker Pale Ale,£5.50,(£3.12/lt),drinks,beer_cider,2024-11-19
Beck's Bottle,£2.40,(£3.64/lt),drinks,beer_cider,2024-11-19
San Miguel Premium Lager Beer 12 Pack,£12.00,(£3.03/lt),drinks,beer_cider,2024-11-19
Madri Excepcional 10 x 440ml,£12.00,(£2.73/lt),drinks,beer_cider,2024-11-19
Pilsner Urquell The Original Pilsner,£6.50,(£3.28/lt),drinks,beer_cider,2024-11-19
Tiger Asian Lager Beer Bottle,£2.60,(£4.06/lt),drinks,beer_cider,2024-11-19
Salt Brewery Sabro Edition the Hop Single Hop Series 440ml,£3.00,(£6.82/lt),drinks,beer_cider,2024-11-19
Lancaster Blonde Ale,£2.25,(£4.50/lt),drinks,beer_cider,2024-11-19
St Austell Brewery Tribute Ale,£1.95,(£3.90/lt),drinks,beer_cider,2024-11-19
Thornbridge Jaipur Indian Pale Ale 4 x 330ml,£6.00,(£4.55/lt),drinks,beer_cider,2024-11-19
Magic Rock Brewing Cool it Cold IPA 440ml,£3.00,(£6.82/lt),drinks,beer_cider,2024-11-19
Budweiser Budvar Original Czech Lager,£2.30,(£4.60/lt),drinks,beer_cider,2024-11-19
North Brewing Co Songbird IPA 440ml,£3.00,(£6.82/lt),drinks,beer_cider,2024-11-19
Wye Valley Brewery Butty Bach Premium Ale,£2.25,(£4.50/lt),drinks,beer_cider,2024-11-19
Angelo Poretti Premium Beer 660ml,£2.35,(£3.56/lt),drinks,beer_cider,2024-11-19
Morland Old Crafty Hen Oak-Aged Vintage,£2.25,(£4.50/lt),drinks,beer_cider,2024-11-19
Budweiser Lager Beer Bottles 24 x 300ml,£14.00,(£1.94/lt),drinks,beer_cider,2024-11-19
Guinness Draught 0.0% Non-Alcoholic Beer,£5.50,(£3.12/lt),drinks,beer_cider,2024-11-19
Bass Trademark No.1 Ale Beer Bottle,£1.40,(£2.80/lt),drinks,beer_cider,2024-11-19
BrewDog Punk Post Modern Classic IPA 12 Pack,£13.50,(£3.41/lt),drinks,beer_cider,2024-11-19
Doom Bar Brewery Zero Amber Ale,£1.80,(£3.60/lt),drinks,beer_cider,2024-11-19
Carling Original Lager Beer 18 x 440ml,£12.00,(£1.52/lt),drinks,beer_cider,2024-11-19
Old Speckled Hen English Pale Ale,£12.00,(£2.73/lt),drinks,beer_cider,2024-11-19
Dragon Stout,£3.00,(£10.56/lt),drinks,beer_cider,2024-11-19
Heineken Original 4 x 568ml,£6.25,(£2.75/lt),drinks,beer_cider,2024-11-19
Heineken 0.0 Alcohol Free Beer Bottles,£8.00,(£2.02/lt),drinks,beer_cider,2024-11-19
Stella Artois Belgium Premium Lager 4 Pack,£6.25,(£2.75/lt),drinks,beer_cider,2024-11-19
Carlsberg Danish Pilsner 4 x 568ml,£4.75,(£2.09/lt),drinks,beer_cider,2024-11-19
Cobra Premium Beer 12 x 330ml,£13.50,(£3.41/lt),drinks,beer_cider,2024-11-19
Amstel Bier 10 x 440ml,£10.00,(£2.27/lt),drinks,beer_cider,2024-11-19
Foster's Lager Beer Cans,£4.50,(£2.56/lt),drinks,beer_cider,2024-11-19
Birra Moretti Premium Lager Beer Bottle,£2.80,(£4.24/lt),drinks,beer_cider,2024-11-19
Desperados Original Tequila Flavoured Beer Bottle,£3.20,(£4.92/lt),drinks,beer_cider,2024-11-19
Heineken 12 x 330ml,£12.00,(£3.03/lt),drinks,beer_cider,2024-11-19
Desperados Original Tequila Flavoured Beer Bottles,£11.00,(£3.67/lt),drinks,beer_cider,2024-11-19
Heineken 0.0 Alcohol Free Beer Cans,£4.75,(£2.40/lt),drinks,beer_cider,2024-11-19
Sol Original Lager Beer 12 x 330ml Bottles,£9.50,(£2.40/lt),drinks,beer_cider,2024-11-19
Heineken 0.0 Alcohol Free Beer Bottles,£8.00,(£2.02/lt),drinks,beer_cider,2024-11-19
Heineken Original 4 x 568ml,£6.25,(£2.75/lt),drinks,beer_cider,2024-11-19
Carlsberg Danish Pilsner 4 x 568ml,£4.75,(£2.09/lt),drinks,beer_cider,2024-11-19
Cobra Premium Beer 12 x 330ml,£13.50,(£3.41/lt),drinks,beer_cider,2024-11-19
Amstel Bier 10 x 440ml,£10.00,(£2.27/lt),drinks,beer_cider,2024-11-19
Heineken Original 4 x 568ml,£6.25,(£2.75/lt),drinks,beer_cider,2024-11-19
Dragon Stout,£3.00,(£10.56/lt),drinks,beer_cider,2024-11-19
Old Speckled Hen English Pale Ale,£12.00,(£2.73/lt),drinks,beer_cider,2024-11-19
Ruddles Best Country Ale 500ml,£1.50,(£3.00/lt),drinks,beer_cider,2024-11-19
Budweiser Lager Beer Cans,£15.00,(£2.27/lt),drinks,beer_cider,2024-11-19
Budweiser Lager Beer Cans,£10.00,(£2.27/lt),drinks,beer_cider,2024-11-19
Holsten Pils Lager Beer,£4.75,(£2.70/lt),drinks,beer_cider,2024-11-19
Bud Light Beer 4 x 300ml,£3.00,(£2.50/lt),drinks,beer_cider,2024-11-19
Champigneulles Continental Lager,£3.10,(£2.35/lt),drinks,beer_cider,2024-11-19
Stella Artois Gluten Free Premium Lager Beer Bottles,£5.65,(£4.28/lt),drinks,beer_cider,2024-11-19
Boddingtons Draught Bitter Ale Cans 10 x 440ml,£8.00,(£1.82/lt),drinks,beer_cider,2024-11-19
Erdinger Alkoholfrei Low Alcohol Wheat Beer Bottle,£1.65,(£3.30/lt),drinks,beer_cider,2024-11-19
Staropramen Premium Czech Lager 12x,£16.00,(£4.04/lt),drinks,beer_cider,2024-11-19
San Miguel Premium Lager Beer Bottle,£2.05,(£3.11/lt),drinks,beer_cider,2024-11-19
Birra Moretti Premium Lager Beer Bottles,£19.00,(£3.20/lt),drinks,beer_cider,2024-11-19
Beck's Blue Alcohol Free Beer Bottles,£3.50,(£2.12/lt),drinks,beer_cider,2024-11-19
Budweiser Zero Alcohol Free Lager Beer Cans 4 x 330ml,£3.00,(£2.27/lt),drinks,beer_cider,2024-11-19
Beck's Blue Alcohol Free Lager 0.05% ABV,£9.00,(£2.18/lt),drinks,beer_cider,2024-11-19
Doom Bar Amber Ale 10x,£10.50,(£2.39/lt),drinks,beer_cider,2024-11-19
Stella Artois Belgium Premium Lager,£14.00,(£2.74/lt),drinks,beer_cider,2024-11-19
Coors Lager Beer 15 Pack Can,£15.50,(£2.35/lt),drinks,beer_cider,2024-11-19
Greene King Handcrafted IPA,£4.75,(£2.38/lt),drinks,beer_cider,2024-11-19
Birra Moretti Premium Lager 6 x 330ml,£6.00,(£3.03/lt),drinks,beer_cider,2024-11-19
Golden Beers Mixed Pack Bottles,£9.00,(£3.00/lt),drinks,beer_cider,2024-11-19
Coors Lager Beer Bottles,£10.00,(£2.53/lt),drinks,beer_cider,2024-11-19
Boddingtons Draught Bitter Ale Cans 4 x 440ml,£3.75,(£2.13/lt),drinks,beer_cider,2024-11-19
Amstel Lager Beer 4 x 440ml Cans,£4.80,(£2.73/lt),drinks,beer_cider,2024-11-19
BrewDog Mixed Pack,£10.00,(£3.79/lt),drinks,beer_cider,2024-11-19
San Miguel Premium Lager Beer Cans,£10.00,(£2.27/lt),drinks,beer_cider,2024-11-19
Guinness Original Stout Beer,£17.00,(£3.22/lt),drinks,beer_cider,2024-11-19
Bavaria 0.0% Original Alcohol Free Beer,£5.50,(£2.08/lt),drinks,beer_cider,2024-11-19
Newcastle Brown Ale Beer Bottle,£1.75,(£3.18/lt),drinks,beer_cider,2024-11-19
San Miguel Gluten Free Lager Beer,£6.50,(£4.92/lt),drinks,beer_cider,2024-11-19
Carling Original Lager,£4.50,(£2.56/lt),drinks,beer_cider,2024-11-19
Foster's Lager Beer Cans,£4.50,(£2.56/lt),drinks,beer_cider,2024-11-19
Angelo Poretti Lager Beer 12 Pack,£10.00,(£2.53/lt),drinks,beer_cider,2024-11-19
Morland Old Speckled Hen Low Alcohol 500ml,£1.50,(£3.00/lt),drinks,beer_cider,2024-11-19
Banks's Exceptional Amber Bitter 500ml,£1.00,(£2.00/lt),drinks,beer_cider,2024-11-19
Estrella Damm Premium Lager Beer,£16.00,(£4.04/lt),drinks,beer_cider,2024-11-19
Feldschlosschen Lager,£1.10,(£2.20/lt),drinks,beer_cider,2024-11-19
Coors Lager Beer 4 Pack Can,£4.75,(£2.70/lt),drinks,beer_cider,2024-11-19
Leffe Blonde Alcohol Free Beer,£4.00,(£2.67/lt),drinks,beer_cider,2024-11-19
BrewDog Hazy Jane New England IPA 12 Pack,£13.50,(£3.41/lt),drinks,beer_cider,2024-11-19
Guinness Original Extra Stout Beer,£5.25,(£2.98/lt),drinks,beer_cider,2024-11-19
Heineken 0.0 Alcohol Free Beer Cans,£4.75,(£2.40/lt),drinks,beer_cider,2024-11-19
Feldschlosschen Lager,£3.75,(£1.88/lt),drinks,beer_cider,2024-11-19
Carlsberg Danish Pilsner 18 x 440ml,£10.00,(£1.26/lt),drinks,beer_cider,2024-11-19
Adnams Southwold Ghost Ship 0.5% Citrus Pale Ale,£1.50,(£3.00/lt),drinks,beer_cider,2024-11-19
Greene King Rich & Malty Premium Ale,£11.00,(£2.50/lt),drinks,beer_cider,2024-11-19
Carlsberg Danish Pilsner 4 x 568ml,£4.75,(£2.09/lt),drinks,beer_cider,2024-11-19
Cobra Premium Beer 12 x 330ml,£13.50,(£3.41/lt),drinks,beer_cider,2024-11-19
Amstel Bier 10 x 440ml,£10.00,(£2.27/lt),drinks,beer_cider,2024-11-19
Foster's Lager Beer Cans,£4.50,(£2.56/lt),drinks,beer_cider,2024-11-19
Birra Moretti Premium Lager Beer Bottle,£2.80,(£4.24/lt),drinks,beer_cider,2024-11-19
Desperados Original Tequila Flavoured Beer Bottle,£3.20,(£4.92/lt),drinks,beer_cider,2024-11-19
Heineken 12 x 330ml,£12.00,(£3.03/lt),drinks,beer_cider,2024-11-19
Desperados Original Tequila Flavoured Beer Bottles,£11.00,(£3.67/lt),drinks,beer_cider,2024-11-19
Heineken 0.0 Alcohol Free Beer Cans,£4.75,(£2.40/lt),drinks,beer_cider,2024-11-19
Sol Original Lager Beer 12 x 330ml Bottles,£9.50,(£2.40/lt),drinks,beer_cider,2024-11-19
Heineken 0.0 Alcohol Free Beer Bottles,£8.00,(£2.02/lt),drinks,beer_cider,2024-11-19
Heineken Original 4 x 568ml,£6.25,(£2.75/lt),drinks,beer_cider,2024-11-19
Kopparberg Premium Cider with Strawberry & Lime,£10.00,(£3.03/lt),drinks,beer_cider,2024-11-19
Kopparberg Premium Cider with Mixed Fruits,£10.00,(£3.03/lt),drinks,beer_cider,2024-11-19
Strongbow Cider Dark Fruit Cider Cans,£17.00,(£2.58/lt),drinks,beer_cider,2024-11-19
Magners Original Apple Irish Cider Cans,£12.00,(£1.52/lt),drinks,beer_cider,2024-11-19
Thatchers Blood Orange Cider Cans,£5.50,(£3.12/lt),drinks,beer_cider,2024-11-19
Old Mout Cider Pineapple & Raspberry 10 x 330ml Cans,£8.50,(£2.55/lt),drinks,beer_cider,2024-11-19
Thatchers Haze Cloudy Somerset Cider 10 Pack,£9.00,(£2.05/lt),drinks,beer_cider,2024-11-19
Kopparberg Premium Fruit Lager Lemon & Lime,£2.45,(£4.90/lt),drinks,beer_cider,2024-11-19
Angry Orchard Hard Cider Crisp Apple,£2.20,(£4.40/lt),drinks,beer_cider,2024-11-19
Rekorderlig Premium Swedish Mango-Raspberry Cider,£2.50,(£5.00/lt),drinks,beer_cider,2024-11-19
Rekorderlig Rekorderlig Premium Swedish Cider Strawberry-Lime,£2.45,(£4.90/lt),drinks,beer_cider,2024-11-19
Thatchers Cloudy Lemon Cider,£5.50,(£3.20/lt),drinks,beer_cider,2024-11-19
Kopparberg Premium Cider with Strawberry & Lime,£2.45,(£4.90/lt),drinks,beer_cider,2024-11-19
Thatchers Vintage Founder's Cider,£2.50,(£5.00/lt),drinks,beer_cider,2024-11-19
Strongbow Original Cider 10x Cans,£10.00,(£2.27/lt),drinks,beer_cider,2024-11-19
Kopparberg Premium Pear Cider,£2.45,(£4.90/lt),drinks,beer_cider,2024-11-19
Strongbow Original Cider Cans,£4.25,(£2.41/lt),drinks,beer_cider,2024-11-19
Aspall Premier Cru Cyder 500ml,£2.75,(£5.50/lt),drinks,beer_cider,2024-11-19
Healeys Cider,£2.50,(£5.00/lt),drinks,beer_cider,2024-11-19
Kopparberg Premium Cider with Strawberry & Lime,£5.50,(£4.17/lt),drinks,beer_cider,2024-11-19
Henry Westons Organic Cider 500ml,£2.35,(£4.70/lt),drinks,beer_cider,2024-11-19
Kopparberg Premium Cider with Mixed Fruit,£5.50,(£4.17/lt),drinks,beer_cider,2024-11-19
Old Mout Cider Premium Kiwi & Lime Cider Bottle,£2.30,(£4.60/lt),drinks,beer_cider,2024-11-19
Kopparberg Premium Cider with Pear,£10.00,(£3.03/lt),drinks,beer_cider,2024-11-19
Thatchers Rosé Somerset Cider,£2.50,(£5.00/lt),drinks,beer_cider,2024-11-19
Old Mout Cider Strawberry & Apple Cider Bottle,£2.30,(£4.60/lt),drinks,beer_cider,2024-11-19
Stowford Press Apple Cider,£10.00,(£2.27/lt),drinks,beer_cider,2024-11-19
Henry Westons Cloudy Vintage Cider,£2.20,(£4.40/lt),drinks,beer_cider,2024-11-19
Magners Original Apple Irish Cider,£2.50,(£4.40/lt),drinks,beer_cider,2024-11-19
Aspall Draught Cyder,£2.60,(£5.20/lt),drinks,beer_cider,2024-11-19
Thatchers Blood Orange Cider,£2.30,(£4.60/lt),drinks,beer_cider,2024-11-19
Thatchers Rosé Cider 4 x 440ml,£5.50,(£3.12/lt),drinks,beer_cider,2024-11-19
Old Mout Cider Premium Berries & Cherries Cider Bottle,£2.30,(£4.60/lt),drinks,beer_cider,2024-11-19
Old Mout Cider Pineapple & Raspberry 500ml,£2.30,(£4.60/lt),drinks,beer_cider,2024-11-19
Thatchers Somerset Haze Cloudy & Premium Crafted Cider,£2.30,(£4.60/lt),drinks,beer_cider,2024-11-19
Thatchers Katy Medium Dry Somerset Cider,£2.30,(£4.60/lt),drinks,beer_cider,2024-11-19
Merrydown Original Vintage Apple Cider 750ml,£2.95,(£3.93/lt),drinks,beer_cider,2024-11-19
Aspall Imperial Cyder Harvest No. 290 500ml,£3.00,(£6.00/lt),drinks,beer_cider,2024-11-19
Thatchers Old Rascal Oak Aged Cider,£2.50,(£5.00/lt),drinks,beer_cider,2024-11-19
Inch's Apple Cider Bottle,£2.50,(£5.00/lt),drinks,beer_cider,2024-11-19
Strongbow Dark Fruit Cider Cans,£5.25,(£2.98/lt),drinks,beer_cider,2024-11-19
Henry Westons Vintage Cider,£2.20,(£4.40/lt),drinks,beer_cider,2024-11-19
Kopparberg Premium Cider with Mixed Fruits,£2.45,(£4.90/lt),drinks,beer_cider,2024-11-19
Inch's Apple Cider Cans,£9.00,(£2.05/lt),drinks,beer_cider,2024-11-19
Old Mout Cider Berries & Cherries,£8.50,(£2.58/lt),drinks,beer_cider,2024-11-19
Crumpton Oaks Farmhouse Dry Apple Cider,£3.00,(£1.50/lt),drinks,beer_cider,2024-11-19
Strongbow Original Cider Cans,£12.00,(£1.52/lt),drinks,beer_cider,2024-11-19
Stowford Press Apple Cider,£4.00,(£2.27/lt),drinks,beer_cider,2024-11-19
Kopparberg Alcohol-Free Premium Cider with Strawberry & Lime,£3.75,(£2.84/lt),drinks,beer_cider,2024-11-19
Inch's Apple Cider Cans,£4.75,(£2.70/lt),drinks,beer_cider,2024-11-19
Henry Westons Vintage Cider,£9.00,(£3.00/lt),drinks,beer_cider,2024-11-19
Strongbow Cloudy Apple Cider Cans,£8.00,(£1.82/lt),drinks,beer_cider,2024-11-19
Thatchers Gold Cider 4x,£5.00,(£2.84/lt),drinks,beer_cider,2024-11-19
Old Mout Cider Strawberry & Apple Cider Cans,£8.50,(£2.58/lt),drinks,beer_cider,2024-11-19
Stowford Press Press Apple Cider 500ml,£1.00,(£2.00/lt),drinks,beer_cider,2024-11-19
Crumpton Oaks Farmhouse Dry Cider,£1.10,(£2.20/lt),drinks,beer_cider,2024-11-19
Scrumpy Jack Premium British Cider Cans,£5.00,(£2.84/lt),drinks,beer_cider,2024-11-19
Old Mout Cider Berries & Cherries Alcohol Free 500ml,£1.25,(£2.50/lt),drinks,beer_cider,2024-11-19
Old Mout Cider Alcohol Free Pineapple & Raspberry Bottle,£1.25,(£2.50/lt),drinks,beer_cider,2024-11-19
Thatchers Gold Somerset Cider,£9.00,(£2.05/lt),drinks,beer_cider,2024-11-19
Kopparberg Premium Cider with Strawberry & Lime,£10.00,(£3.03/lt),drinks,beer_cider,2024-11-19
Kopparberg Premium Cider with Mixed Fruits,£10.00,(£3.03/lt),drinks,beer_cider,2024-11-19
Strongbow Original Cider Cans,£4.25,(£2.41/lt),drinks,beer_cider,2024-11-19
Strongbow Cider Dark Fruit Cider Cans,£17.00,(£2.58/lt),drinks,beer_cider,2024-11-19
Strongbow Cloudy Apple Cider Cans,£8.00,(£1.82/lt),drinks,beer_cider,2024-11-19
Strongbow Dark Fruit Cider Cans,£5.25,(£2.98/lt),drinks,beer_cider,2024-11-19
Inch's Apple Cider Bottle,£2.50,(£5.00/lt),drinks,beer_cider,2024-11-19
Strongbow Original Cider Cans,£12.00,(£1.52/lt),drinks,beer_cider,2024-11-19
Strongbow Original Cider 10x Cans,£10.00,(£2.27/lt),drinks,beer_cider,2024-11-19
Old Mout Cider Berries & Cherries,£8.50,(£2.58/lt),drinks,beer_cider,2024-11-19
Inch's Apple Cider Cans,£9.00,(£2.05/lt),drinks,beer_cider,2024-11-19
Inch's Apple Cider Cans,£4.75,(£2.70/lt),drinks,beer_cider,2024-11-19
Kopparberg Premium Cider with Strawberry & Lime,£10.00,(£3.03/lt),drinks,beer_cider,2024-11-19
Kopparberg Premium Cider with Mixed Fruits,£10.00,(£3.03/lt),drinks,beer_cider,2024-11-19
Strongbow Cider Dark Fruit Cider Cans,£17.00,(£2.58/lt),drinks,beer_cider,2024-11-19
Thatchers Somerset Haze,£4.50,(£2.56/lt),drinks,beer_cider,2024-11-19
Kopparberg Premium Cider with Strawberry & Lime,£10.00,(£3.03/lt),drinks,beer_cider,2024-11-19
Kopparberg Premium Cider with Mixed Fruits,£10.00,(£3.03/lt),drinks,beer_cider,2024-11-19
Strongbow Original Cider Cans,£4.25,(£2.41/lt),drinks,beer_cider,2024-11-19
Strongbow Cider Dark Fruit Cider Cans,£17.00,(£2.58/lt),drinks,beer_cider,2024-11-19
Strongbow Cloudy Apple Cider Cans,£8.00,(£1.82/lt),drinks,beer_cider,2024-11-19
Strongbow Dark Fruit Cider Cans,£5.25,(£2.98/lt),drinks,beer_cider,2024-11-19
Inch's Apple Cider Bottle,£2.50,(£5.00/lt),drinks,beer_cider,2024-11-19
Strongbow Original Cider Cans,£12.00,(£1.52/lt),drinks,beer_cider,2024-11-19
Strongbow Original Cider 10x Cans,£10.00,(£2.27/lt),drinks,beer_cider,2024-11-19
Old Mout Cider Berries & Cherries,£8.50,(£2.58/lt),drinks,beer_cider,2024-11-19
Inch's Apple Cider Cans,£9.00,(£2.05/lt),drinks,beer_cider,2024-11-19
Inch's Apple Cider Cans,£4.75,(£2.70/lt),drinks,beer_cider,2024-11-19
Kopparberg Premium Cider Alcohol Free with Strawberry & Lime 10 Pack,£8.00,(£2.42/lt),drinks,alc_free,2024-11-19
Heineken 0.0% Alcohol Free Pure Malt Lager Bottle 500ml,£1.74,(£3.48/lt),drinks,alc_free,2024-11-19
Heineken 0.0 Alcohol Free Beer Cans,£4.75,(£2.40/lt),drinks,alc_free,2024-11-19
Corona Cero 4 x 330ml,£3.50,(£2.65/lt),drinks,alc_free,2024-11-19
Beck's Blue Alcohol Free Beer Bottles,£3.50,(£2.12/lt),drinks,alc_free,2024-11-19
Guinness Draught 0.0% Non-Alcoholic Beer,£5.50,(£3.12/lt),drinks,alc_free,2024-11-19
Heineken 0.0 Alcohol Free Beer Bottles,£8.00,(£2.02/lt),drinks,alc_free,2024-11-19
Corona Cero Alcohol Free Beer,£12.00,(£3.03/lt),drinks,alc_free,2024-11-19
Peroni Nastro Azzurro 0.0% 4 x 330ml,£5.00,(£3.79/lt),drinks,alc_free,2024-11-19
Beck's Blue Alcohol Free Lager 0.05% ABV,£9.00,(£2.18/lt),drinks,alc_free,2024-11-19
San Miguel Alcohol Free Lager Beer Bottles,£10.00,(£2.53/lt),drinks,alc_free,2024-11-19
Peroni Nastro Azzurro 0.0% Alcohol Free Beer Bottles 12 pack,£11.00,(£2.78/lt),drinks,alc_free,2024-11-19
Bavaria 0.0% Original Alcohol Free Beer,£5.50,(£2.08/lt),drinks,alc_free,2024-11-19
Erdinger Alkoholfrei Low Alcohol Wheat Beer Bottle,£1.65,(£3.30/lt),drinks,alc_free,2024-11-19
BrewDog Alcohol Free Mix Pack 8 x 330ml,£10.00,(£3.79/lt),drinks,alc_free,2024-11-19
Brooklyn Special Effects Low Alcohol Lager Beer 4x330ml,£4.50,(£3.41/lt),drinks,alc_free,2024-11-19
Free Damm Non-Alcoholic Lager Beer,£4.00,(£3.03/lt),drinks,alc_free,2024-11-19
Doom Bar Brewery Zero Amber Ale,£1.80,(£3.60/lt),drinks,alc_free,2024-11-19
Kopparberg Alcohol-Free Premium Cider Pear,£1.50,(£3.00/lt),drinks,alc_free,2024-11-19
Asahi Super Dry Alcohol Free Beer Lager Cans 4 pack,£5.00,(£3.79/lt),drinks,alc_free,2024-11-19
Guinness Draught 0.0% Non-Alcoholic Beer 10 Pack,£12.00,(£2.73/lt),drinks,alc_free,2024-11-19
Budweiser Zero Alcohol Free Lager Beer Cans 4 x 330ml,£3.00,(£2.27/lt),drinks,alc_free,2024-11-19
Kirkstall Virtuous Low Alcohol IPA 440ml,£2.50,(£5.68/lt),drinks,alc_free,2024-11-19
Chouffe Alcohol Free Belgian Beer,£1.80,(£5.45/lt),drinks,alc_free,2024-11-19
Staropramen 0.0% Premium Lager,£5.00,(£3.79/lt),drinks,alc_free,2024-11-19
Morland Old Speckled Hen Low Alcohol 500ml,£1.50,(£3.00/lt),drinks,alc_free,2024-11-19
Carlsberg Pilsner Alcohol Free 4 x 330ml Bottle,£3.00,(£2.27/lt),drinks,alc_free,2024-11-19
Kopparberg Premium Cider Alcohol Free with Strawberry & Lime 10 Pack,£8.00,(£2.42/lt),drinks,alc_free,2024-11-19
Thatchers Zero 0.0% Alcohol Free Cider,£1.75,(£3.50/lt),drinks,alc_free,2024-11-19
Stowford Press Press Apple Cider 500ml,£1.00,(£2.00/lt),drinks,alc_free,2024-11-19
Kopparberg Alcohol-free Variety Pack 10 x 330ml,£7.00,(£2.12/lt),drinks,alc_free,2024-11-19
Thatchers Zero% 4 x 440ml,£4.00,(£2.27/lt),drinks,alc_free,2024-11-19
Old Mout Cider Alcohol Free Pineapple & Raspberry Bottle,£1.25,(£2.50/lt),drinks,alc_free,2024-11-19
Kopparberg Alcohol-Free Premium Cider with Mixed Fruit,£3.00,(£2.27/lt),drinks,alc_free,2024-11-19
Roku Japanese Craft Gin,£25.00,(£35.71/lt),drinks,spirit,2024-11-19
Bombay Sapphire Gin,£20.00,(£28.57/lt),drinks,spirit,2024-11-19
Gordon's Special London Dry Gin,£19.00,(£19.00/lt),drinks,spirit,2024-11-19
Bombay Sapphire Gin,£23.00,(£23.00/lt),drinks,spirit,2024-11-19
ASDA London Dry Gin,£17.00,(£17.00/lt),drinks,spirit,2024-11-19
JJ Whitley London Dry Gin,£18.50,(£18.50/lt),drinks,spirit,2024-11-19
Whitley Neill Rhubarb & Ginger Gin,£20.00,(£28.57/lt),drinks,spirit,2024-11-19
Whitley Neill Raspberry Gin,£20.00,(£28.57/lt),drinks,spirit,2024-11-19
Gordon's Morello Cherry Distilled Gin,£15.00,(£21.43/lt),drinks,spirit,2024-11-19
Gordon's Sicilian Lemon Flavoured Gin,£15.00,(£21.43/lt),drinks,spirit,2024-11-19
ASDA The Distiller Cherry & Vanilla Flavoured Gin Liqueur,£8.50,(£17.00/lt),drinks,spirit,2024-11-19
Whitley Neill Black Cherry Handcrafted Gin,£20.00,(£28.57/lt),drinks,spirit,2024-11-19
Whitley Neill Special Edition Blackcurrant Gin 70cl,£20.00,(£28.57/lt),drinks,spirit,2024-11-19
ASDA Extra Special Botanical Dry Gin,£17.00,(£24.29/lt),drinks,spirit,2024-11-19
Gordon's Special London Dry Gin,£15.00,(£21.43/lt),drinks,spirit,2024-11-19
Tanqueray London Dry Gin,£20.00,(£28.57/lt),drinks,spirit,2024-11-19
Hendrick's Gin,£26.00,(£37.14/lt),drinks,spirit,2024-11-19
Tanqueray London Dry Gin,£21.00,(£21.00/lt),drinks,spirit,2024-11-19
Bombay Sapphire Pressé Citrus Collins,£2.50,(£10.00/lt),drinks,spirit,2024-11-19
Schweppes Slimline Tonic Water 1L,£1.75,(17.5p/100ml),drinks,spirit,2024-11-19
Gordon's London Dry Gin and Diet Tonic,£2.00,(£8.00/lt),drinks,spirit,2024-11-19
Gordon's Premium Pink Gin & Tonic,£2.00,(£8.00/lt),drinks,spirit,2024-11-19
Chase Pink Grapefruit & Pomelo Gin,£18.00,(£25.71/lt),drinks,spirit,2024-11-19
Hendrick's Flora Adora Gin,£26.00,(£37.14/lt),drinks,spirit,2024-11-19
Bombay Citron Pressé Lemon Gin,£20.00,(£28.57/lt),drinks,spirit,2024-11-19
Gordon's Alcohol Free 0.0%,£12.00,(£17.14/lt),drinks,spirit,2024-11-19
Gordon's Premium Pink Gin & Lemonade Can,£2.00,(£8.00/lt),drinks,spirit,2024-11-19
Gordon's London Dry Gin and Tonic,£2.00,(£8.00/lt),drinks,spirit,2024-11-19
Bombay Sapphire Gin & Tonic,£2.50,(£10.00/lt),drinks,spirit,2024-11-19
Chase Rhubarb & Bramley Apple Gin,£18.00,(£25.71/lt),drinks,spirit,2024-11-19
Schweppes Slimline Grapefuit Tonic Water 1L,£1.75,(17.5p/100ml),drinks,spirit,2024-11-19
Opihr Oriental Spiced London Dry Gin,£21.00,(£30.00/lt),drinks,spirit,2024-11-19
Gordon's Premium Pink Gin Based Flavoured Spirit Drink 35% vol 1L,£20.00,(£20.00/lt),drinks,spirit,2024-11-19
Gordon's Premium Pink Gin Based Flavoured Spirit Drink 35% vol 70cl,£15.00,(£21.43/lt),drinks,spirit,2024-11-19
Gordons Gin & Schweppes Tonic Bundle,£16.75,null,drinks,spirit,2024-11-19
Gordon's Mediterranean Orange Flavoured Gin,£15.00,(£21.43/lt),drinks,spirit,2024-11-19
Sipsmith London Lemon Drizzle Gin 700ml,£30.00,(£42.86/lt),drinks,spirit,2024-11-19
Sipsmith London Dry Gin 700ml,£30.00,(£42.86/lt),drinks,spirit,2024-11-19
,,,drinks,spirit,2024-11-19
,,,drinks,spirit,2024-11-19
,,,drinks,spirit,2024-11-19
,,,drinks,spirit,2024-11-19
,,,drinks,spirit,2024-11-19
,,,drinks,spirit,2024-11-19
Bombay Sapphire Gin,£20.00,(£28.57/lt),drinks,spirit,2024-11-19
Roku Japanese Craft Gin,£25.00,(£35.71/lt),drinks,spirit,2024-11-19
Greenall's Wild Berry Pink Gin 70cl,£14.50,(£20.71/lt),drinks,spirit,2024-11-19
Whitley Neill Distiller's Cut London Dry Gin,£19.00,(£27.14/lt),drinks,spirit,2024-11-19
ASDA The Gin Distiller Pink Grapefruit Flavoured Gin 70cl,£15.00,(£21.43/lt),drinks,spirit,2024-11-19
ASDA London Dry Gin,£6.80,(£19.43/lt),drinks,spirit,2024-11-19
Gordon's Special London Dry Gin,£9.50,(£27.14/lt),drinks,spirit,2024-11-19
ASDA Botanical Spirit Drink 70cl,£11.75,(£16.79/lt),drinks,spirit,2024-11-19
ASDA Delightfully Fragrant Rosemary,£0.60,(30.0p/10g),drinks,spirit,2024-11-19
Plymouth The Original Strength English Gin,£27.00,(£38.57/lt),drinks,spirit,2024-11-19
Gordons Gin & Schweppes Tonic Cans Bundle,£20.90,null,drinks,spirit,2024-11-19
Tanqueray No. Ten Gin,£35.00,(£50.00/lt),drinks,spirit,2024-11-19
JJ Whitley Pink Gin,£18.50,(£18.50/lt),drinks,spirit,2024-11-19
ASDA The Distiller Rhubarb & Ginger Flavoured Gin Liqueur,£8.50,(£17.00/lt),drinks,spirit,2024-11-19
Sipsmith London Sloe Gin 700ml,£30.00,(£42.86/lt),drinks,spirit,2024-11-19
ASDA The Gin Distiller Black Cherry Flavoured Gin 70cl,£15.00,(£21.43/lt),drinks,spirit,2024-11-19
Gordon's Premium Pink Gin & Tonic Ready To Drink 5% vol 6x250ml Cans,£8.50,(£5.67/lt),drinks,spirit,2024-11-19
Tanqueray Rangpur Lime Flavoured Gin,£22.00,(£31.43/lt),drinks,spirit,2024-11-19
Tanqueray Flor De Sevilla Orange Flavoured Gin,£22.00,(£31.43/lt),drinks,spirit,2024-11-19
Gordon's Tropical Passionfruit Flavoured Gin,£15.00,(£21.43/lt),drinks,spirit,2024-11-19
Roku Japanese Craft Gin,£25.00,(£35.71/lt),drinks,spirit,2024-11-19
Bombay Sapphire Gin,£20.00,(£28.57/lt),drinks,spirit,2024-11-19
Sipsmith London Dry Gin 700ml,£30.00,(£42.86/lt),drinks,spirit,2024-11-19
Gordon's Special London Dry Gin,£19.00,(£19.00/lt),drinks,spirit,2024-11-19
Plymouth The Original Strength English Gin,£27.00,(£38.57/lt),drinks,spirit,2024-11-19
Gordon's Alcohol Free 0.0%,£12.00,(£17.14/lt),drinks,spirit,2024-11-19
Absolut Vanilia - Vanilla Flavoured Vodka 70cl,£18.00,(£25.71/lt),drinks,spirit,2024-11-19
Smirnoff Premium Vodka,£19.00,(£19.00/lt),drinks,spirit,2024-11-19
Chase Rhubarb Flavoured Vodka 40% vol 70cl Bottle,£18.00,(£25.71/lt),drinks,spirit,2024-11-19
Nemiroff Flavoured Vodka Wild Cranberry 700ml,£17.00,(£24.29/lt),drinks,spirit,2024-11-19
Au Vodka Vodka Blue Raspberry Flavoured Vodka Spirit Drink,£28.00,(£40.00/lt),drinks,spirit,2024-11-19
JJ Whitley Vodka Marshmallow Mix Spirit Drink 70cl,£10.00,(£14.29/lt),drinks,spirit,2024-11-19
Smirnoff Ice Tropical Ready To Drink Premix,£3.50,(£5.00/lt),drinks,spirit,2024-11-19
Nemiroff Bold Orange Flavoured Vodka 700ml,£17.00,(£24.29/lt),drinks,spirit,2024-11-19
Nemiroff De Luxe Premium Vodka 700ml,£17.00,(£24.29/lt),drinks,spirit,2024-11-19
Schweppes Slimline Elderflower Tonic Water 1L,£1.75,(17.5p/100ml),drinks,spirit,2024-11-19
Smirnoff Passion Fruit Martini Ready to Drink Premix Can,£2.00,(£8.00/lt),drinks,spirit,2024-11-19
JJ Whitley Blue Raspberry Vodka Mix Spirit Drink,£15.00,(£21.43/lt),drinks,spirit,2024-11-19
Absolut Cocktails Espresso Martini,£2.15,(£10.75/lt),drinks,spirit,2024-11-19
Au Vodka Blue Raspberry Soda,£3.00,(£9.09/lt),drinks,spirit,2024-11-19
Smirnoff & Diet Cola Vodka Ready to Drink Premix Can 250,£2.00,(£8.00/lt),drinks,spirit,2024-11-19
Au Vodka Pink Lemonade Flavoured Spirit Drink,£28.00,(£40.00/lt),drinks,spirit,2024-11-19
Grey Goose Premium Vodka,£32.00,(£45.71/lt),drinks,spirit,2024-11-19
Au Vodka Black Grape Soda,£3.00,(£9.09/lt),drinks,spirit,2024-11-19
Absolut Blue Original Swedish Vodka,£11.50,(£32.86/lt),drinks,spirit,2024-11-19
Absolut Blue Original Swedish Vodka,£22.00,(£22.00/lt),drinks,spirit,2024-11-19
ASDA Triple Distilled Vodka,£17.00,(£17.00/lt),drinks,spirit,2024-11-19
Zubrowka Biala The Original Vodka,£18.50,(£18.50/lt),drinks,spirit,2024-11-19
Smirnoff Mango & Passionfruit Twist Vodka Based Flavoured Spirit Drink 35% vol 70cl,£15.00,(£21.43/lt),drinks,spirit,2024-11-19
ASDA Triple Distilled Vodka,£25.30,(£16.87/lt),drinks,spirit,2024-11-19
Smirnoff Raspberry Crush Vodka Based Flavoured Spirit Drink 35% vol 70cl,£15.00,(£21.43/lt),drinks,spirit,2024-11-19
Smirnoff Cherry Drop Vodka Based Flavoured Spirit Drink 35% vol 70cl,£15.00,(£21.43/lt),drinks,spirit,2024-11-19
Smirnoff Premium Vodka,£15.00,(£21.43/lt),drinks,spirit,2024-11-19
ASDA Triple Distilled Vodka,£6.80,(£19.43/lt),drinks,spirit,2024-11-19
Glens Vodka,£18.50,(£18.50/lt),drinks,spirit,2024-11-19
ASDA London Dry Gin,£25.30,(£16.87/lt),drinks,spirit,2024-11-19
Absolut Hunni Honey Flavoured Vodka 700ml,£22.00,(£31.43/lt),drinks,spirit,2024-11-19
Absolut Blue Original Swedish Vodka,£22.00,(£31.43/lt),drinks,spirit,2024-11-19
Ciroc Passion Vodka,£41.00,(£58.57/lt),drinks,spirit,2024-11-19
Krupnik Vodka 50cl,£13.00,(£26.00/lt),drinks,spirit,2024-11-19
Smirnoff Raspberry Crush Vodka Based Flavoured Spirit Drink 35% vol 1L,£26.50,(£26.50/lt),drinks,spirit,2024-11-19
Smirnoff Tamarind Flavoured Vodka 30% vol 70cl,£15.00,(£21.43/lt),drinks,spirit,2024-11-19
Smirnoff Cans Bundle,£8.00,null,drinks,spirit,2024-11-19
Nemiroff De Luxe Premium Vodka 1000ml,£26.50,(£26.50/lt),drinks,spirit,2024-11-19
Ciroc Premium Vodka,£41.00,(£58.57/lt),drinks,spirit,2024-11-19
ASDA Neutral Spirit Drink 70cl,£11.00,(£15.71/lt),drinks,spirit,2024-11-19
Krupnik Cherry Original 50cl,£13.00,(£26.00/lt),drinks,spirit,2024-11-19
Smirnoff Premium Vodka,£9.50,(£27.14/lt),drinks,spirit,2024-11-19
Absolut Raspberri - Raspberry Flavoured Vodka 70cl,£22.00,(£31.43/lt),drinks,spirit,2024-11-19
Smirnoff Ice Original Cans 10 Pack,£12.00,(£4.80/lt),drinks,spirit,2024-11-19
Absolut Vanilia - Vanilla Flavoured Vodka 70cl,£18.00,(£25.71/lt),drinks,spirit,2024-11-19
Absolut Raspberri - Raspberry Flavoured Vodka 70cl,£22.00,(£31.43/lt),drinks,spirit,2024-11-19
Absolut Hunni Honey Flavoured Vodka 700ml,£22.00,(£31.43/lt),drinks,spirit,2024-11-19
Smirnoff Premium Vodka,£19.00,(£19.00/lt),drinks,spirit,2024-11-19
Absolut Blue Original Swedish Vodka,£22.00,(£22.00/lt),drinks,spirit,2024-11-19
Absolut Blue Original Swedish Vodka,£22.00,(£31.43/lt),drinks,spirit,2024-11-19
The Glenlivet 12 Year Old Single Malt Scotch Whisky,£30.00,(£42.86/lt),drinks,spirit,2024-11-19
Wild Turkey Wild Turkey 101 Kentucky Bourbon Whiskey,£24.00,(£34.29/lt),drinks,spirit,2024-11-19
Glenfiddich Single Malt Scotch Whisky 12 Years Old,£30.00,(£42.86/lt),drinks,spirit,2024-11-19
Jim Beam Kentucky Straight Bourbon Whiskey 1L,£27.00,(£27.00/lt),drinks,spirit,2024-11-19
Jack Daniel's Tennessee Whiskey,£25.00,(£25.00/lt),drinks,spirit,2024-11-19
Jack Daniel's Old No. 7 Tennessee Whiskey,£13.00,(£37.14/lt),drinks,spirit,2024-11-19
Maker's Mark Kentucky Straight Bourbon Whisky 70cl,£25.00,(£35.71/lt),drinks,spirit,2024-11-19
Jim Beam Red Stag Black Cherry Liqueur,£14.00,(£20.00/lt),drinks,spirit,2024-11-19
Bell's Original Blended Scotch Whisky,£19.00,(£19.00/lt),drinks,spirit,2024-11-19
Glen Moray Single Malt Scotch Whisky,£20.00,(£28.57/lt),drinks,spirit,2024-11-19
Jim Beam Kentucky Straight Bourbon Whiskey 70cl,£16.00,(£22.86/lt),drinks,spirit,2024-11-19
Jack Daniel's Tennessee Honey Whiskey,£24.00,(£24.00/lt),drinks,spirit,2024-11-19
Buffalo Trace Kentucky Straight Bourbon,£26.00,(£37.14/lt),drinks,spirit,2024-11-19
Jack Daniel's Gentleman Jack Whiskey,£20.00,(£28.57/lt),drinks,spirit,2024-11-19
Jack Daniel's Tennessee Apple Whiskey,£24.00,(£24.00/lt),drinks,spirit,2024-11-19
Jack Daniel's Tennessee Honey 35 cL,£13.00,(£37.14/lt),drinks,spirit,2024-11-19
Whyte & Mackay Blended Scotch Whisky,£18.00,(£18.00/lt),drinks,spirit,2024-11-19
Haig Club Clubman Single Grain Scotch Whisky,£22.00,(£22.00/lt),drinks,spirit,2024-11-19
Southern Comfort Original Liqueur with Whiskey,£18.00,(£18.00/lt),drinks,spirit,2024-11-19
The Famous Grouse Finest Blended Scotch Whisky,£18.50,(£18.50/lt),drinks,spirit,2024-11-19
Jameson Triple Distilled Blended Irish Whiskey,£33.00,(£33.00/lt),drinks,spirit,2024-11-19
Jack Daniel's Tennessee Whiskey,£19.00,(£27.14/lt),drinks,spirit,2024-11-19
ASDA McKendrick's Blended Scotch Whisky 3 Years Old,£17.90,(£17.90/lt),drinks,spirit,2024-11-19
Chivas Regal 12 Year Old Blended Scotch Whisky,£32.00,(£45.71/lt),drinks,spirit,2024-11-19
Glenfiddich 12 Year Old Single Malt Scotch Whisky,£20.00,(£57.14/lt),drinks,spirit,2024-11-19
The Singleton of Dufftown 12 Year Old Single Malt Scotch Whisky,£28.00,(£40.00/lt),drinks,spirit,2024-11-19
Auchentoshan American Oak Cask Single Malt Whisky,£22.00,(£31.43/lt),drinks,spirit,2024-11-19
Woodford Reserve Kentucky Straight Bourbon Whiskey Holiday Edition,£27.00,(£38.57/lt),drinks,spirit,2024-11-19
The Deacon Blended Scotch Whisky 700ml,£38.00,(£54.29/lt),drinks,spirit,2024-11-19
Ballantine's Finest Blended Scotch Whisky,£22.00,(£31.43/lt),drinks,spirit,2024-11-19
Jura Rum Cask Edition Single Malt Scotch Whisky,£40.00,(£57.14/lt),drinks,spirit,2024-11-19
Laphroaig Islay Single Malt Scotch Whisky Aged 10 Years 700ml,£41.00,(£58.57/lt),drinks,spirit,2024-11-19
The Famous Grouse Finest Blended Scotch Whisky,£15.00,(£21.43/lt),drinks,spirit,2024-11-19
Jack Daniel's Single Barrel Select Tennessee Whiskey,£35.00,(£50.00/lt),drinks,spirit,2024-11-19
The Famous Grouse Finest Blended Scotch Whisky,£10.00,(£28.57/lt),drinks,spirit,2024-11-19
Jim Beam Orange Kentucky Bourbon Whiskey,£14.00,(£20.00/lt),drinks,spirit,2024-11-19
Label 5 Single Grain Scotch Whisky 70cl,£16.00,(£22.86/lt),drinks,spirit,2024-11-19
Bell's Original Blended Scotch Whisky,£9.50,(£27.14/lt),drinks,spirit,2024-11-19
Jura Red Wine Cask Edition Single Malt Scotch Whisky,£40.00,(£57.14/lt),drinks,spirit,2024-11-19
Grangestone Highland Single Malt Scotch Whisky 70cl,£25.00,(£35.71/lt),drinks,spirit,2024-11-19
Aberlour 12 Years Old Speyside Single Malt Scotch Whisky,£40.00,(£57.14/lt),drinks,spirit,2024-11-19
Jura 14 Year Old Aged Single Malt Scotch Whisky,£30.00,(£42.86/lt),drinks,spirit,2024-11-19
Shackleton Blended Malt Scotch Whisky,£26.00,(£37.14/lt),drinks,spirit,2024-11-19
Tamnavulin Single Malt Scotch Whisky Red Wine Cask Edition French Cabernet Sauvignon,£35.00,(£50.00/lt),drinks,spirit,2024-11-19
Bell's Original Blended Scotch Whisky,£15.00,(£21.43/lt),drinks,spirit,2024-11-19
Jameson Black Barrel Irish Whiskey,£26.00,(£37.14/lt),drinks,spirit,2024-11-19
Wild Turkey Wild Turkey 101 Kentucky Bourbon Whiskey,£24.00,(£34.29/lt),drinks,spirit,2024-11-19
The Glenlivet 12 Year Old Single Malt Scotch Whisky,£30.00,(£42.86/lt),drinks,spirit,2024-11-19
Glenfiddich Single Malt Scotch Whisky 12 Years Old,£30.00,(£42.86/lt),drinks,spirit,2024-11-19
Bell's Original Blended Scotch Whisky,£19.00,(£19.00/lt),drinks,spirit,2024-11-19
Grangestone Highland Single Malt Scotch Whisky 70cl,£25.00,(£35.71/lt),drinks,spirit,2024-11-19
Maker's Mark Kentucky Straight Bourbon Whisky 70cl,£25.00,(£35.71/lt),drinks,spirit,2024-11-19
Laphroaig Islay Single Malt Scotch Whisky 700ml,£25.00,(£35.71/lt),drinks,spirit,2024-11-19
The Deacon Blended Scotch Whisky 700ml,£38.00,(£54.29/lt),drinks,spirit,2024-11-19
Glenfiddich 12 Year Old Single Malt Scotch Whisky,£20.00,(£57.14/lt),drinks,spirit,2024-11-19
Chivas Regal Extra Aged 13 Years Blended Scotch Whisky,£36.00,(£51.43/lt),drinks,spirit,2024-11-19
The Glenlivet 12 Year Old Single Malt Scotch Whisky,£30.00,(£42.86/lt),drinks,spirit,2024-11-19
Glenfiddich Single Malt Scotch Whisky 12 Years Old,£30.00,(£42.86/lt),drinks,spirit,2024-11-19
Glenfiddich 12 Year Old Single Malt Scotch Whisky,£20.00,(£57.14/lt),drinks,spirit,2024-11-19
Jack Daniel's Mini & Hip Flask Set,£8.00,(£8.00/each),drinks,spirit,2024-11-19
Jameson Triple Distilled Irish Whiskey 700ml,£20.00,(£28.57/lt),drinks,spirit,2024-11-19
Jim Beam Orange Kentucky Bourbon Whiskey,£14.00,(£20.00/lt),drinks,spirit,2024-11-19
The Singleton of Dufftown Malt Master Selection Single Malt Scotch Whisky,£25.00,(£35.71/lt),drinks,spirit,2024-11-19
Jura Red Wine Cask Edition Single Malt Scotch Whisky,£40.00,(£57.14/lt),drinks,spirit,2024-11-19
Tamnavulin Single Malt Scotch Whisky Red Wine Cask Edition French Cabernet Sauvignon,£35.00,(£50.00/lt),drinks,spirit,2024-11-19
Bell's Original Blended Scotch Whisky,£15.00,(£21.43/lt),drinks,spirit,2024-11-19
Jura Single Malt Scotch Whisky Bourbon Cask,£24.00,(£34.29/lt),drinks,spirit,2024-11-19
Whyte & Mackay Blended Scotch Whisky,£14.00,(£20.00/lt),drinks,spirit,2024-11-19
Dewar's Caribbean Smooth Blended Scotch Whisky,£21.00,(£30.00/lt),drinks,spirit,2024-11-19
ASDA McKendrick's Blended Scotch Whisky 3 Years Old,£7.25,(£20.71/lt),drinks,spirit,2024-11-19
Jameson Black Barrel Irish Whiskey,£26.00,(£37.14/lt),drinks,spirit,2024-11-19
Bushmills Irish Whiskey,£17.00,(£24.29/lt),drinks,spirit,2024-11-19
Bunnahabhain Stiuireadair Islay Single Malt Scotch Whisky,£27.00,(£38.57/lt),drinks,spirit,2024-11-19
Wild Turkey Wild Turkey 101 Kentucky Bourbon Whiskey,£24.00,(£34.29/lt),drinks,spirit,2024-11-19
Whyte & Mackay Blended Scotch Whisky,£10.25,(£29.29/lt),drinks,spirit,2024-11-19
Johnnie Walker Black Label Blended Scotch Whisky,£32.00,(£45.71/lt),drinks,spirit,2024-11-19
The Famous Grouse Smoky Black Blended Scotch Whisky,£21.00,(£30.00/lt),drinks,spirit,2024-11-19
Laphroaig Islay Single Malt Scotch Whisky 700ml,£25.00,(£35.71/lt),drinks,spirit,2024-11-19
Grant's Triple Wood Blended Scotch Whisky,£15.00,(£21.43/lt),drinks,spirit,2024-11-19
Talisker Skye Single Malt Scotch Whisky,£28.00,(£40.00/lt),drinks,spirit,2024-11-19
Cardhu Gold Reserve Single Malt Scotch Whisky,£30.00,(£42.86/lt),drinks,spirit,2024-11-19
Old Pulteney Single Malt Scotch Whisky 12 Years Old,£28.00,(£40.00/lt),drinks,spirit,2024-11-19
Jack Daniel's Bonded Tennessee Whiskey,£30.00,(£42.86/lt),drinks,spirit,2024-11-19
The Ardmore Single Malt Scotch Whisky,£20.00,(£28.57/lt),drinks,spirit,2024-11-19
Jura 10 Year Old Aged Single Malt Scotch Whisky,£40.00,(£57.14/lt),drinks,spirit,2024-11-19
Tamnavulin Speyside Single Malt Scotch Whisky Port Cask Edition 70cl,£35.00,(£50.00/lt),drinks,spirit,2024-11-19
Monkey Shoulder Blended Malt Scotch Whisky,£28.50,(£40.71/lt),drinks,spirit,2024-11-19
Glenmorangie Triple Cask Reserve 70cl,£25.00,(£35.71/lt),drinks,spirit,2024-11-19
Aerstone Single Malt Scotch Whisky Aged 10 Years Sea Cask,£23.00,(£32.86/lt),drinks,spirit,2024-11-19
Glenmorangie Single Malt Scotch Whisky,£29.00,(£41.43/lt),drinks,spirit,2024-11-19
Bushmills Irish Whiskey,£30.00,(£30.00/lt),drinks,spirit,2024-11-19
ASDA McKendrick's Blended Scotch Whisky 3 Years Old,£13.90,(£19.86/lt),drinks,spirit,2024-11-19
Glenfiddich Single Malt Scotch Whisky 15 Years Old,£50.00,(£71.43/lt),drinks,spirit,2024-11-19
Chivas Regal Extra Aged 13 Years Blended Scotch Whisky,£36.00,(£51.43/lt),drinks,spirit,2024-11-19
Johnnie Walker Red Label Blended Scotch Whisky,£18.00,(£25.71/lt),drinks,spirit,2024-11-19
The Woodsman Blended Scotch Whisky 70cl,£19.00,(£27.14/lt),drinks,spirit,2024-11-19
Tamnavulin Speyside Single Malt Scotch Whisky Double Cask,£22.00,(£31.43/lt),drinks,spirit,2024-11-19
The Glenlivet Caribbean Reserve Single Malt Scotch Whisky,£38.00,(£54.29/lt),drinks,spirit,2024-11-19
Bushmills Single Malt Irish Whiskey Aged 10 Years,£26.00,(£37.14/lt),drinks,spirit,2024-11-19
Penderyn Single Malt Welsh Whisky Legend 70cl,£23.00,(£32.86/lt),drinks,spirit,2024-11-19
Southern Comfort Original Liqueur with Whiskey,£16.00,(£22.86/lt),drinks,spirit,2024-11-19
Jack Daniel's Tennessee Fire Whiskey,£18.00,(£25.71/lt),drinks,spirit,2024-11-19
Jack Daniel's Tennessee Apple Whiskey,£18.00,(£25.71/lt),drinks,spirit,2024-11-19
Jack Daniel's Tennessee Honey,£18.00,(£25.71/lt),drinks,spirit,2024-11-19
Jameson Black Barrel Irish Whiskey,£26.00,(£37.14/lt),drinks,spirit,2024-11-19
Wild Turkey Wild Turkey 101 Kentucky Bourbon Whiskey,£24.00,(£34.29/lt),drinks,spirit,2024-11-19
The Glenlivet 12 Year Old Single Malt Scotch Whisky,£30.00,(£42.86/lt),drinks,spirit,2024-11-19
Maker's Mark Kentucky Straight Bourbon Whisky 70cl,£25.00,(£35.71/lt),drinks,spirit,2024-11-19
Glenfiddich Single Malt Scotch Whisky 12 Years Old,£30.00,(£42.86/lt),drinks,spirit,2024-11-19
Laphroaig Islay Single Malt Scotch Whisky 700ml,£25.00,(£35.71/lt),drinks,spirit,2024-11-19
The Deacon Blended Scotch Whisky 700ml,£38.00,(£54.29/lt),drinks,spirit,2024-11-19
Bell's Original Blended Scotch Whisky,£19.00,(£19.00/lt),drinks,spirit,2024-11-19
Aberlour 12 Years Old Speyside Single Malt Scotch Whisky,£40.00,(£57.14/lt),drinks,spirit,2024-11-19
Glenfiddich 12 Year Old Single Malt Scotch Whisky,£20.00,(£57.14/lt),drinks,spirit,2024-11-19
Grangestone Highland Single Malt Scotch Whisky 70cl,£25.00,(£35.71/lt),drinks,spirit,2024-11-19
Bumbu The Original Rum,£36.00,(£51.43/lt),drinks,spirit,2024-11-19
Mount Gay Eclipse Heritage Blend Barbados Rum,£20.00,(£28.57/lt),drinks,spirit,2024-11-19
Lamb's Spiced Rum Spirit Drink 1L,£18.00,(£18.00/lt),drinks,spirit,2024-11-19
Captain Morgan Tiki Mango & Pineapple Rum Based Spirit Drink,£16.00,(£22.86/lt),drinks,spirit,2024-11-19
The Kraken Black Spiced Rum Black Cherry & Madagascan Vanilla,£25.50,(£36.43/lt),drinks,spirit,2024-11-19
Dead Man's Fingers Cherry 70cl,£16.00,(£22.86/lt),drinks,spirit,2024-11-19
Dead Man's Fingers Vanilla Spirit Rum Drink,£16.00,(£22.86/lt),drinks,spirit,2024-11-19
ASDA Coconut Bay 70cl,£6.99,(£9.99/lt),drinks,spirit,2024-11-19
ASDA Refined Dark Navy Rum,£17.00,(£17.00/lt),drinks,spirit,2024-11-19
Captain Morgan Original Spiced Gold Rum Based Spirit Drink,£19.00,(£19.00/lt),drinks,spirit,2024-11-19
Captain Morgan Original Spiced Gold Rum Based Spirit Drink,£15.00,(£21.43/lt),drinks,spirit,2024-11-19
Bacardí Spiced Premium Rum Spirit Drink,£18.00,(£18.00/lt),drinks,spirit,2024-11-19
ASDA Caribbean Spiced Spirit Drink,£11.85,(£16.93/lt),drinks,spirit,2024-11-19
Bacardí Carta Blanca White Rum,£18.00,(£18.00/lt),drinks,spirit,2024-11-19
The Kraken Black Spiced Rum,£25.50,(£36.43/lt),drinks,spirit,2024-11-19
Bacardí Carta Blanca White Rum,£9.50,(£27.14/lt),drinks,spirit,2024-11-19
ASDA Caribbean Dark Spirit Drink 70cl,£11.75,(£16.79/lt),drinks,spirit,2024-11-19
Malibu Piña Colada Pre-Mixed Can,£2.15,(£8.60/lt),drinks,spirit,2024-11-19
Malibu Coconut Rum & Pineapple Pre-Mixed Can,£2.15,(£8.60/lt),drinks,spirit,2024-11-19
Bacardí Carta Blanca White Rum,£15.00,(£21.43/lt),drinks,spirit,2024-11-19
Legendary El Galipote Spiced Rum Based Spirit Drink 700ml,£16.00,(£22.86/lt),drinks,spirit,2024-11-19
Lamb's Pineapple Rum 100cl,£18.00,(£18.00/lt),drinks,spirit,2024-11-19
Captain Morgan Original Spiced Gold Rum Based Spirit Drink,£9.50,(£27.14/lt),drinks,spirit,2024-11-19
ASDA Fine Dark Navy Rum,£13.00,(£18.57/lt),drinks,spirit,2024-11-19
Schweppes Slimline Canada Dry Ginger Ale 1L,£1.75,(17.5p/100ml),drinks,spirit,2024-11-19
Dead Man's Fingers Spiced Rum,£18.00,(£25.71/lt),drinks,spirit,2024-11-19
Duppy Share Pineapple Spiced & Kola Nut Caribbean Spirit 70cl,£18.00,(£25.71/lt),drinks,spirit,2024-11-19
ASDA Carta Blanca Superior White Rum,£13.00,(£18.57/lt),drinks,spirit,2024-11-19
Malibu Cocktail Strawberry Daiquiri Sparkling,£2.15,(£8.60/lt),drinks,spirit,2024-11-19
Fever-Tree Refreshingly Light Spiced Orange Ginger Ale,£1.60,(32.0p/100ml),drinks,spirit,2024-11-19
Captain Morgan Dark Rum,£16.00,(£22.86/lt),drinks,spirit,2024-11-19
Captain Morgan Strawberry Daiquiri Ready To Drink Can,£2.20,(£11.00/lt),drinks,spirit,2024-11-19
Sailor Jerry Original Spiced Caribbean Rum,£15.00,(£21.43/lt),drinks,spirit,2024-11-19
ASDA White Rum,£6.80,(£19.43/lt),drinks,spirit,2024-11-19
Malibu Strawberry Liqueur 700ml,£16.00,(£22.86/lt),drinks,spirit,2024-11-19
Captain Morgan Black Spiced Rum Spirit 40% vol 70cl Bottle,£23.00,(£32.86/lt),drinks,spirit,2024-11-19
ASDA Carta Blanc Superior White Rum,£17.00,(£17.00/lt),drinks,spirit,2024-11-19
ASDA Caribbean White Spirit Drink 70cl,£11.75,(£16.79/lt),drinks,spirit,2024-11-19
Dead Man's Fingers Raspberry Rum Cream Liqueur 500ml,£10.00,(£20.00/lt),drinks,spirit,2024-11-19
ASDA Refined Dark Navy Rum,£6.80,(£19.43/lt),drinks,spirit,2024-11-19
Lamb's Navy Dark Rum,£16.50,(£23.57/lt),drinks,spirit,2024-11-19
Malibu Coconut Rum & Cola Pre-Mixed Can,£2.15,(£8.60/lt),drinks,spirit,2024-11-19
Dead Man's Fingers Blue Raspberry Tequila Cream Liqueur 500ml,£10.00,(£20.00/lt),drinks,spirit,2024-11-19
Pina Colada Cocktail Bundle,£15.25,null,drinks,spirit,2024-11-19
Cut Rum Cut to the Spice Real Rum 700ml,£20.00,(£28.57/lt),drinks,spirit,2024-11-19
Soberano 5 Brandy Reserva,£16.50,(£23.57/lt),drinks,spirit,2024-11-19
Courvoisier VS Cognac 70cl,£29.00,(£41.43/lt),drinks,spirit,2024-11-19
Three Barrels Rare Old French Brandy VSOP,£15.00,(£21.43/lt),drinks,spirit,2024-11-19
Martell VS Fine Cognac,£17.00,(£48.57/lt),drinks,spirit,2024-11-19
Metaxa 5 Stars,£19.00,(£27.14/lt),drinks,spirit,2024-11-19
St-Rémy XO French Brandy,£19.50,(£27.86/lt),drinks,spirit,2024-11-19
Bardinet Inspirations Finest Brandy 70cl,£16.00,(£22.86/lt),drinks,spirit,2024-11-19
Remy Martin VSOP Cognac Fine Champagne,£36.00,(£51.43/lt),drinks,spirit,2024-11-19
Three Barrels Rare Old French Brandy VSOP,£20.00,(£20.00/lt),drinks,spirit,2024-11-19
ASDA 3 Year Old V.S.O.P. French Brandy,£6.75,(£19.29/lt),drinks,spirit,2024-11-19
ASDA Napoleon French V.S.O.P. Brandy,£18.00,(£18.00/lt),drinks,spirit,2024-11-19
ASDA Napoleon French V.S.O.P. Brandy,£13.00,(£18.57/lt),drinks,spirit,2024-11-19
Comte De Laze French Brandy V.S.O.P.,£12.50,(£17.86/lt),drinks,spirit,2024-11-19
Bardinet VSOP Finest Brandy,£19.00,(£19.00/lt),drinks,spirit,2024-11-19
Courvoisier VSOP Cognac 70cl,£40.00,(£57.14/lt),drinks,spirit,2024-11-19
Courvoisier VS Cognac 35cl,£17.50,(£50.00/lt),drinks,spirit,2024-11-19
Martell VS Fine Cognac,£33.00,(£47.14/lt),drinks,spirit,2024-11-19
Fundador Spanish Brandy,£21.75,(£21.75/lt),drinks,spirit,2024-11-19
Olmeca Altos 100% Agave Reposado Tequila 70cl,£24.00,(£34.29/lt),drinks,spirit,2024-11-19
Olmeca Altos 100% Agave Plata Tequila 70cl,£26.00,(£37.14/lt),drinks,spirit,2024-11-19
Tequila Rose Strawberry Cream Liqueur with Tequila,£13.00,(£26.00/lt),drinks,spirit,2024-11-19
Sierra Tequila Blanco,£14.00,(£28.00/lt),drinks,spirit,2024-11-19
Sierra Tequila Reposado 50cl,£14.00,(£28.00/lt),drinks,spirit,2024-11-19
ASDA Extra Special Margarita,£8.00,(£11.43/lt),drinks,spirit,2024-11-19
El Jimador 100% Agave Tequila Blanco,£21.00,(£30.00/lt),drinks,spirit,2024-11-19
Jose Cuervo Especial Reposado Tequila 70cl,£21.50,(£30.71/lt),drinks,spirit,2024-11-19
Jose Cuervo Especial Silver Tequila 70cl,£21.50,(£30.71/lt),drinks,spirit,2024-11-19
Barossa Ink Shiraz,£11.00,(£11.00/75c3),drinks,wine,2024-11-19
Hardys Crest Cabernet Shiraz Merlot,£8.00,(£8.00/75c3),drinks,wine,2024-11-19
Casillero del Diablo Reserva Chardonnay,£8.00,(£8.00/75c3),drinks,wine,2024-11-19
Faustino VII Rioja,£7.25,(£7.25/75c3),drinks,wine,2024-11-19
ASDA Extra Special Pinot Grigio Rosé,£7.75,(£7.75/75c3),drinks,wine,2024-11-19
ASDA Extra Special Rioja Crianza,£6.75,(£6.75/75c3),drinks,wine,2024-11-19
Villa Maria Sauvignon Blanc Marlborough,£7.50,(£7.50/75c3),drinks,wine,2024-11-19
Trivento Reserve Malbec,£8.00,(£8.00/75c3),drinks,wine,2024-11-19
Brancott Estate Marlborough Sauvignon Blanc White Wine,£10.00,(£10.00/75c3),drinks,wine,2024-11-19
ASDA Extra Special Malbec,£6.50,(£6.50/75c3),drinks,wine,2024-11-19
Oyster Bay Sauvignon Blanc,£10.50,(£10.50/75c3),drinks,wine,2024-11-19
19 Crimes Red Wine,£9.50,(£9.50/75c3),drinks,wine,2024-11-19
ASDA Extra Special Pinot Grigio,£7.75,(£7.75/75c3),drinks,wine,2024-11-19
ASDA Extra Special Sauvignon Blanc,£6.50,(£6.50/75c3),drinks,wine,2024-11-19
McGuigan Black Label Pinot Grigio,£7.00,(£7.00/75c3),drinks,wine,2024-11-19
Canti Prosecco,£7.50,(£7.50/75c3),drinks,wine,2024-11-19
McGuigan Classic Pinot Grigio,£5.25,(£5.25/75c3),drinks,wine,2024-11-19
Wolf Blass Red Label Shiraz Cabernet,£5.95,(£5.95/75c3),drinks,wine,2024-11-19
Barefoot Merlot,£8.00,(£8.00/75c3),drinks,wine,2024-11-19
Barefoot White Zinfandel,£6.25,(£6.25/75c3),drinks,wine,2024-11-19
Yellow Tail Shiraz Red Wine,£7.75,(£7.75/75c3),drinks,wine,2024-11-19
McGuigan Black Label Merlot,£6.00,(£6.00/75c3),drinks,wine,2024-11-19
Yellow Tail Chardonnay,£7.75,(£7.75/75c3),drinks,wine,2024-11-19
Barefoot Pinot Grigio,£8.00,(£8.00/75c3),drinks,wine,2024-11-19
Wolf Blass Red Label Chardonnay Semillon,£5.95,(£5.95/75c3),drinks,wine,2024-11-19
Yellow Tail Yellow Tail 750ml,£7.50,(£7.50/75c3),drinks,wine,2024-11-19
Jam Shed Shiraz,£8.00,(£8.00/75c3),drinks,wine,2024-11-19
Yealands Sauvignon Blanc Marlborough,£9.00,(£9.00/75c3),drinks,wine,2024-11-19
ASDA Extra Special Chardonnay,£7.00,(£7.00/75c3),drinks,wine,2024-11-19
Hardys Stamp Chardonnay,£5.25,(£5.25/75c3),drinks,wine,2024-11-19
Squealing Pig Sauvignon Blanc 750ml,£9.00,(£9.00/75c3),drinks,wine,2024-11-19
Campo Viejo Rioja Garnacha Red Wine,£7.50,(£7.50/75c3),drinks,wine,2024-11-19
La Vieille Ferme 750ml,£8.50,(£8.50/75c3),drinks,wine,2024-11-19
Echo Falls White Zinfandel,£5.45,(£5.45/75c3),drinks,wine,2024-11-19
McGuigan Black Label Red 2022 75cl,£6.00,(£6.00/75c3),drinks,wine,2024-11-19
Diablo Dark Red Wine 75cl,£8.00,(£8.00/75c3),drinks,wine,2024-11-19
Campo Viejo Rioja Tempranillo Red Wine,£8.75,(£8.75/75c3),drinks,wine,2024-11-19
Casillero del Diablo Cabernet Sauvignon,£8.00,(£8.00/75c3),drinks,wine,2024-11-19
Barefoot Pink Moscato,£7.00,(£7.00/75c3),drinks,wine,2024-11-19
McGuigan Black Label Chardonnay 75cl,£6.00,(£6.00/75c3),drinks,wine,2024-11-19
19 Crimes The Banished Dark Red,£10.50,(£10.50/75c3),drinks,wine,2024-11-19
Casillero del Diablo Sauvignon Blanc,£8.00,(£8.00/75c3),drinks,wine,2024-11-19
Diablo Black Cabernet Sauvignon,£8.00,(£8.00/75c3),drinks,wine,2024-11-19
Wolf Blass Yellow Label Cabernet Sauvignon,£9.00,(£9.00/75c3),drinks,wine,2024-11-19
Fillipo Sansovino Pinot Grigio 75cl,£5.45,(£5.45/75c3),drinks,wine,2024-11-19
Oxford Landing Estates Sauvignon Blanc,£6.50,(£6.50/75c3),drinks,wine,2024-11-19
Hardys Stamp Shiraz,£5.25,(£5.25/75c3),drinks,wine,2024-11-19
Yellow Tail Merlot Red Wine,£7.75,(£7.75/75c3),drinks,wine,2024-11-19
Fillipo Sansovino Pinot Grigio Rosé 75cl,£5.50,(£5.50/75c3),drinks,wine,2024-11-19
19 Crimes Chardonnay,£9.50,(£9.50/75c3),drinks,wine,2024-11-19
ASDA Extra Special Crémant d'Alsace Brut 75cl,£11.00,(£11.00/75c3),drinks,wine,2024-11-19
Espartero Rioja,£5.50,(£5.50/75c3),drinks,wine,2024-11-19
Casillero del Diablo Merlot,£8.00,(£8.00/75c3),drinks,wine,2024-11-19
The Ned Sauvignon Blanc,£10.00,(£10.00/75c3),drinks,wine,2024-11-19
Hardys Stamp Chardonnay Semillon,£5.25,(£5.25/75c3),drinks,wine,2024-11-19
McGuigan Classic Cabernet Sauvignon,£5.25,(£5.25/75c3),drinks,wine,2024-11-19
I Heart Pinot Grigio,£5.45,(£5.45/75c3),drinks,wine,2024-11-19
Jam Shed Malbec,£8.00,(£8.00/75c3),drinks,wine,2024-11-19
Jam Shed Chardonnay,£8.00,(£8.00/75c3),drinks,wine,2024-11-19
The Wave Rider Sauvignon Blanc 75cl,£5.45,(£5.45/75c3),drinks,wine,2024-11-19
,,,drinks,wine,2024-11-19
,,,drinks,wine,2024-11-19
,,,drinks,wine,2024-11-19
,,,drinks,wine,2024-11-19
,,,drinks,wine,2024-11-19
,,,drinks,wine,2024-11-19
,,,drinks,wine,2024-11-19
,,,drinks,wine,2024-11-19
,,,drinks,wine,2024-11-19
,,,drinks,wine,2024-11-19
,,,drinks,wine,2024-11-19
Barossa Ink Shiraz,£11.00,(£11.00/75c3),drinks,wine,2024-11-19
Jam Shed Shiraz,£8.00,(£8.00/75c3),drinks,wine,2024-11-19
Mud House Marlborough Sauvignon Blanc,£10.00,(£10.00/75c3),drinks,wine,2024-11-19
Kiwi Cove Sauvignon Blanc,£7.50,(£7.50/75c3),drinks,wine,2024-11-19
Canti Pinot Grigio Rosé,£7.25,(£7.25/75c3),drinks,wine,2024-11-19
Casillero del Diablo Reserva Especial Cabernet Sauvignon 75cl,£8.00,(£8.00/75c3),drinks,wine,2024-11-19
Wolf Blass Yellow Label Chardonnay,£9.00,(£9.00/75c3),drinks,wine,2024-11-19
Hardys Stamp Shiraz Cabernet,£5.25,(£5.25/75c3),drinks,wine,2024-11-19
ASDA Extra Special Gavi 75cl,£8.00,(£8.00/75c3),drinks,wine,2024-11-19
The Wine Atlas Feteasca Regala,£6.00,(£6.00/75c3),drinks,wine,2024-11-19
Apothic Red,£10.00,(£10.00/75c3),drinks,wine,2024-11-19
Bodega Norton Barrel Select Malbec 750ml,£8.50,(£8.50/75c3),drinks,wine,2024-11-19
Lindeman's Bin 65 Chardonnay,£7.50,(£7.50/75c3),drinks,wine,2024-11-19
Yellow Tail Sauvignon Blanc White Wine,£7.50,(£7.50/75c3),drinks,wine,2024-11-19
19 Crimes The Uprising Red Wine,£10.50,(£10.50/75c3),drinks,wine,2024-11-19
ASDA Extra Special Primitivo Puglia Indicazione Geografica Tipica 75cl,£6.75,(£6.75/75c3),drinks,wine,2024-11-19
Tukituki Sauvignon Blanc Marlborough 75cl,£8.00,(£8.00/75c3),drinks,wine,2024-11-19
Aupouri Sauvignon Blanc 75cl,£6.00,(£6.00/75c3),drinks,wine,2024-11-19
Kylie Minogue Rosé,£9.25,(£9.25/75c3),drinks,wine,2024-11-19
Barefoot Malbec,£8.00,(£8.00/75c3),drinks,wine,2024-11-19
Casillero del Diablo Pinot Grigio,£8.00,(£8.00/75c3),drinks,wine,2024-11-19
Blossom Hill Crisp & Fruity White Wine 750ml,£5.25,(£5.25/75c3),drinks,wine,2024-11-19
ASDA Extra Special Pinot Noir,£8.00,(£8.00/75c3),drinks,wine,2024-11-19
Casillero del Diablo Malbec,£8.00,(£8.00/75c3),drinks,wine,2024-11-19
Black Tower Fruity White Wine,£5.25,(£5.25/75c3),drinks,wine,2024-11-19
Hardys Crest Cabernet Shiraz Merlot,£8.00,(£8.00/75c3),drinks,wine,2024-11-19
Crémant de Bourgogne Brut,£12.00,(£12.00/75c3),drinks,wine,2024-11-19
Montagne Saint-Emilion 75cl,£8.25,(£8.25/75c3),drinks,wine,2024-11-19
Blossom Hill Crisp & Fruity Rosé Wine 750ml,£5.25,(£5.25/75c3),drinks,wine,2024-11-19
Mateus The Original Rosé 750ml,£5.75,(£5.75/75c3),drinks,wine,2024-11-19
ASDA Extra Special Rueda,£6.75,(£6.75/75c3),drinks,wine,2024-11-19
Campo Viejo Rioja Blanco White Wine,£8.75,(£8.75/75c3),drinks,wine,2024-11-19
19 Crimes Sauvignon Blanc,£9.50,(£9.50/75c3),drinks,wine,2024-11-19
Picpoul de Pinet Blanc Sec 75cl,£8.00,(£8.00/75c3),drinks,wine,2024-11-19
ASDA Extra Special Vouvray Chenin Blanc 75cl,£8.00,(£8.00/75c3),drinks,wine,2024-11-19
Burdizzo Chianti Riserva,£7.25,(£7.25/75c3),drinks,wine,2024-11-19
Canti Pinot Grigio,£7.25,(£7.25/75c3),drinks,wine,2024-11-19
Grignan-les-Adhémar Cuvée Traditionnelle,£7.00,(£7.00/75c3),drinks,wine,2024-11-19
ASDA Extra Special Pinotage 75cl,£6.00,(£6.00/75c3),drinks,wine,2024-11-19
Trapiche Oak Cask Malbec,£8.25,(£8.25/75c3),drinks,wine,2024-11-19
Gallo Family Vineyards Merlot,£7.00,(£7.00/75c3),drinks,wine,2024-11-19
Jam Shed Red Blend,£7.00,(£7.00/75c3),drinks,wine,2024-11-19
Barefoot Cabernet Sauvignon,£8.00,(£8.00/75c3),drinks,wine,2024-11-19
Campo Viejo Rioja Reserva Red Wine,£11.00,(£11.00/75c3),drinks,wine,2024-11-19
Espartero Rioja Reserva,£6.50,(£6.50/75c3),drinks,wine,2024-11-19
ASDA Extra Special Sauvignon Blanc Blush 75cl,£9.75,(£9.75/75c3),drinks,wine,2024-11-19
Cellier des Dauphins Vinsobres,£8.75,(£8.75/75c3),drinks,wine,2024-11-19
Masso Antico Primitivo 0.75L,£9.50,(£9.50/75c3),drinks,wine,2024-11-19
ASDA Extra Special Sicilian Reserve Red 75cl,£7.75,(£7.75/75c3),drinks,wine,2024-11-19
Cono Sur Viognier,£7.00,(£7.00/75c3),drinks,wine,2024-11-19
Faustino I Gran Reserva Rioja,£17.00,(£17.00/75c3),drinks,wine,2024-11-19
Costieres de Nimes Cuvée Réserve,£6.00,(£6.00/75c3),drinks,wine,2024-11-19
McGuigan Classic Chardonnay,£5.25,(£5.25/75c3),drinks,wine,2024-11-19
Trivento Golden Reserve Malbec 75cl,£12.50,(£12.50/75c3),drinks,wine,2024-11-19
ASDA Extra Special Marques del Norte Rioja Reserva,£9.00,(£9.00/75c3),drinks,wine,2024-11-19
Cono Sur Pinot Noir,£7.00,(£7.00/75c3),drinks,wine,2024-11-19
Faustino V Reserva Rioja 75cl,£12.50,(£12.50/75c3),drinks,wine,2024-11-19
Verdicchio dei Castelli di Jesi Classico,£8.00,(£8.00/75c3),drinks,wine,2024-11-19
Petit Chablis Bernard Lagarrigue,£12.00,(£12.00/75c3),drinks,wine,2024-11-19
ASDA Extra Special Soave Classico,£7.25,(£7.25/75c3),drinks,wine,2024-11-19
,,,drinks,wine,2024-11-19
,,,drinks,wine,2024-11-19
,,,drinks,wine,2024-11-19
,,,drinks,wine,2024-11-19
,,,drinks,wine,2024-11-19
,,,drinks,wine,2024-11-19
,,,drinks,wine,2024-11-19
,,,drinks,wine,2024-11-19
,,,drinks,wine,2024-11-19
,,,drinks,wine,2024-11-19
,,,drinks,wine,2024-11-19
Barossa Ink Shiraz,£11.00,(£11.00/75c3),drinks,wine,2024-11-19
Jam Shed Shiraz,£8.00,(£8.00/75c3),drinks,wine,2024-11-19
Mud House Marlborough Sauvignon Blanc,£10.00,(£10.00/75c3),drinks,wine,2024-11-19
Oyster Bay Pinot Noir,£11.00,(£11.00/75c3),drinks,wine,2024-11-19
Barefoot Sauvignon Blanc,£8.00,(£8.00/75c3),drinks,wine,2024-11-19
Casillero del Diablo Cabernet Sauvignon Miniature,£2.75,(£11.03/75c3),drinks,wine,2024-11-19
Jam Shed Rosé,£8.00,(£8.00/75c3),drinks,wine,2024-11-19
ASDA Extra Special Douro,£7.00,(£7.00/75c3),drinks,wine,2024-11-19
Louis Jadot Les Petites Pierres Mâcon-Villages 75cl,£12.50,(£12.50/75c3),drinks,wine,2024-11-19
ASDA Extra Special Albariño Rias Baixas,£9.75,(£9.75/75c3),drinks,wine,2024-11-19
Calafia Deliciously Sweet Moscatel,£6.00,(£6.00/75c3),drinks,wine,2024-11-19
Studio by Miraval Mediterranean Rose Wine,£12.75,(£12.75/75c3),drinks,wine,2024-11-19
Dark Horse Chardonnay,£9.50,(£9.50/75c3),drinks,wine,2024-11-19
Lugana Italian Wine,£11.00,(£11.00/75c3),drinks,wine,2024-11-19
Casillero del Diablo Sauvignon Blanc Miniature,£2.75,(£11.03/75c3),drinks,wine,2024-11-19
Le Cellier de Saint Louis Coteaux Varois en Provence Rosé,£8.00,(£8.00/75c3),drinks,wine,2024-11-19
Roversi Pecorino Terre di Chieti,£8.00,(£8.00/75c3),drinks,wine,2024-11-19
Luis Felipe Edwards Reserva Chardonnay,£7.25,(£7.25/75c3),drinks,wine,2024-11-19
Dark Horse Cabernet Sauvignon,£9.50,(£9.50/75c3),drinks,wine,2024-11-19
Trivento Private Reserve Malbec,£11.00,(£11.00/75c3),drinks,wine,2024-11-19
ASDA Extra Special Chardonnay,£8.75,(£8.75/75c3),drinks,wine,2024-11-19
Torre de Lapela Vinho Verde 750ml,£5.50,(£5.50/75c3),drinks,wine,2024-11-19
Dr L Riesling,£6.50,(£6.50/75c3),drinks,wine,2024-11-19
Bodacious 75cl,£7.50,(£7.50/75c3),drinks,wine,2024-11-19
Oyster Bay Hawkes Bay Merlot,£10.50,(£10.50/75c3),drinks,wine,2024-11-19
Echo Falls White Grenache,£5.45,(£5.45/75c3),drinks,wine,2024-11-19
Rigal Original Malbec,£8.50,(£8.50/75c3),drinks,wine,2024-11-19
ASDA Extra Special Gewürztraminer Vin D'Alsace 75cl,£9.00,(£9.00/75c3),drinks,wine,2024-11-19
ASDA Extra Special Château Leboscq Médoc 75cl,£14.00,(£14.00/75c3),drinks,wine,2024-11-19
Calvet la Fleur Bordeaux Baron Merlot-Cabernet Sauvignon,£6.50,(£6.50/75c3),drinks,wine,2024-11-19
Apothic Cabernet Sauvignon,£10.00,(£10.00/75c3),drinks,wine,2024-11-19
ASDA Extra Special Valdobbiadene Prosecco Brut 75cl,£10.00,(£10.00/75c3),drinks,wine,2024-11-19
Oyster Bay Chardonnay,£11.00,(£11.00/75c3),drinks,wine,2024-11-19
Bruce Jack Pinotage Malbec,£8.25,(£8.25/75c3),drinks,wine,2024-11-19
Rose Marie Méditerranée,£6.50,(£6.50/75c3),drinks,wine,2024-11-19
ASDA Extra Special Cóte De Beaune Villages,£14.50,(£14.50/75c3),drinks,wine,2024-11-19
Echo Falls White Zinfandel Miniature,£2.25,(£9.02/75c3),drinks,wine,2024-11-19
ASDA Extra Special Carménère,£8.00,(£8.00/75c3),drinks,wine,2024-11-19
Trivento Reserve Malbec,£2.75,(£11.03/75c3),drinks,wine,2024-11-19
Villa Maria Reserve Sauvignon Blanc,£14.50,(£14.50/75c3),drinks,wine,2024-11-19
LaCheteau Sauvignon Blanc,£7.25,(£7.25/75c3),drinks,wine,2024-11-19
Freixenet Italian Rosé,£10.00,(£10.00/75c3),drinks,wine,2024-11-19
Val De Loire Muscadet,£7.25,(£7.25/75c3),drinks,wine,2024-11-19
ASDA Extra Special Chablis 75cl,£14.00,(£14.00/75c3),drinks,wine,2024-11-19
Champagne Jacquart Mosaïque Brut,£33.00,(£33.00/75c3),drinks,wine,2024-11-19
Beaujoulais Villages La Camensarde,£10.00,(£10.00/75c3),drinks,wine,2024-11-19
ASDA Extra Special Malbec Rosé,£7.75,(£7.75/75c3),drinks,wine,2024-11-19
ASDA Extra Special Uco Valley Malbec,£12.00,(£12.00/75c3),drinks,wine,2024-11-19
Taylor's 10 Year Old Tawny Port,£22.00,(£22.00/75c3),drinks,wine,2024-11-19
ASDA Extra Special Châteauneuf-Du-Pape 75cl,£22.75,(£22.75/75c3),drinks,wine,2024-11-19
Trapiche Medalla Malbec,£13.00,(£13.00/75c3),drinks,wine,2024-11-19
Brancott Estate Flight Sauvignon Blanc White Wine,£8.50,(£8.50/75c3),drinks,wine,2024-11-19
Most Wanted Pinot Grigio Pink Fizz,£2.50,(£9.38/75c3),drinks,wine,2024-11-19
ASDA Extra Special Sauvignon Blanc,£2.50,(£10.03/75c3),drinks,wine,2024-11-19
La Moneda Premium Collection Malbec,£6.00,(£6.00/75c3),drinks,wine,2024-11-19
ASDA Extra Special Zinfandel,£2.50,(£10.03/75c3),drinks,wine,2024-11-19
ASDA Extra Special Sauvignon Blanc Marlborough Awatere Valley 75cl,£9.00,(£9.00/75c3),drinks,wine,2024-11-19
Bruce Jack Chenin Blanc 750ml,£7.50,(£7.50/75c3),drinks,wine,2024-11-19
Louvel Fontaine Vintage Champagne,£29.00,(£29.00/75c3),drinks,wine,2024-11-19
Muscadet Appellation D'Origine Protégée,£7.25,(£7.25/75c3),drinks,wine,2024-11-19
,,,drinks,wine,2024-11-19
,,,drinks,wine,2024-11-19
,,,drinks,wine,2024-11-19
,,,drinks,wine,2024-11-19
,,,drinks,wine,2024-11-19
,,,drinks,wine,2024-11-19
,,,drinks,wine,2024-11-19
,,,drinks,wine,2024-11-19
,,,drinks,wine,2024-11-19
,,,drinks,wine,2024-11-19
,,,drinks,wine,2024-11-19
Barossa Ink Shiraz,£11.00,(£11.00/75c3),drinks,wine,2024-11-19
Jam Shed Shiraz,£8.00,(£8.00/75c3),drinks,wine,2024-11-19
Mud House Marlborough Sauvignon Blanc,£10.00,(£10.00/75c3),drinks,wine,2024-11-19
ASDA Extra Special Dão Denominação De Origem Controlada 75cl,£7.50,(£7.50/75c3),drinks,wine,2024-11-19
Vignerons De L'Enclave Côtes du Rhône,£5.50,(£5.50/75c3),drinks,wine,2024-11-19
Refined & Elegant Wine Sauvignon Blanc 2.25 litres,£14.50,(£4.83/75c3),drinks,wine,2024-11-19
Nice Drop Merlot 750ml,£4.09,(£4.09/75c3),drinks,wine,2024-11-19
Hardys Stamp Chardonnay Semillon,£20.25,(£5.06/75c3),drinks,wine,2024-11-19
ASDA Chardonnay 2.25 litres,£14.50,(£4.83/75c3),drinks,wine,2024-11-19
Refined & Elegant Shiraz Boxed Wine,£14.50,(£4.83/75c3),drinks,wine,2024-11-19
Gallo Family Vineyards White Zinfandel,£6.00,(£6.00/75c3),drinks,wine,2024-11-19
White Zinfandel Rosé Refined & Elegant Wine 2.25 Litres,£14.50,(£4.83/75c3),drinks,wine,2024-11-19
ASDA Extra Special Pinot Grigio Boxed Wine,£17.95,(£5.98/75c3),drinks,wine,2024-11-19
Refined & Elegant Wine Malbec 2.25 litres,£14.50,(£4.83/75c3),drinks,wine,2024-11-19
Le Soleil Medium Dry Finest Perry 3 Litre,£7.00,(£1.75/75c3),drinks,wine,2024-11-19
Hardys Stamp Shiraz Cabernet Sauvignon,£20.25,(£5.06/75c3),drinks,wine,2024-11-19
Jam Shed Shiraz,£13.50,(£6.75/75c3),drinks,wine,2024-11-19
Nice Drop Cabernet Sauvignon 75cl,£4.25,(£4.25/75c3),drinks,wine,2024-11-19
19 Crimes Boxed Red Wine,£15.50,(£7.75/75c3),drinks,wine,2024-11-19
Gallo Family Vineyards White Grenache,£6.00,(£6.00/75c3),drinks,wine,2024-11-19
ASDA Extra Special Malbec San Juan Boxed Wine,£17.95,(£5.98/75c3),drinks,wine,2024-11-19
Kumala Chenin Blanc Chardonnay,£4.95,(£4.95/75c3),drinks,wine,2024-11-19
Le Soleil Medium Sweet Finest Perry 3 Litre,£7.00,(£1.75/75c3),drinks,wine,2024-11-19
Kumala Pinotage Cinsault Merlot,£4.95,(£4.95/75c3),drinks,wine,2024-11-19
B by Black Tower Rosé,£3.25,(£3.25/75c3),drinks,wine,2024-11-19
B by Black Tower White Wine,£3.25,(£3.25/75c3),drinks,wine,2024-11-19
ASDA Mulled Wine,£3.00,(£3.00/75c3),drinks,wine,2024-11-19
Three Mills Reserve Rosé Wine,£3.50,(£3.50/75c3),drinks,wine,2024-11-19
Busby Estate Chardonnay 75cl,£4.75,(£4.75/75c3),drinks,wine,2024-11-19
ASDA Fortified British Wine Rich Cream 1 Litre,£6.75,(£5.06/75c3),drinks,wine,2024-11-19
Calafia Rosé 75cl,£4.75,(£4.75/75c3),drinks,wine,2024-11-19
Gallo Family Vineyards Summer Rosé,£4.25,(£4.25/75c3),drinks,wine,2024-11-19
ASDA Extra Special Mulled Wine,£5.00,(£5.00/75c3),drinks,wine,2024-11-19
Fre Merlot Alcohol-Removed Wine,£3.20,(£3.20/75c3),drinks,wine,2024-11-19
McGuigan Zero Shiraz,£4.25,(£4.25/75c3),drinks,wine,2024-11-19
Fre White Zinfandel Alcohol-Removed Wine,£3.20,(£3.20/75c3),drinks,wine,2024-11-19
McGuigan Zero Chardonnay,£4.25,(£4.25/75c3),drinks,wine,2024-11-19
Not Guilty Alcohol Free Pinot Grigio,£5.00,(£5.00/75c3),drinks,wine,2024-11-19
Courvoisier VS Cognac 35cl,£17.50,(£50.00/lt),drinks,wine,2024-11-19
Moët & Chandon Champagne Rosé Impérial Brut 750ml,£50.00,(£50.00/75c3),drinks,wine,2024-11-19
,,,drinks,wine,2024-11-19
,,,drinks,wine,2024-11-19
,,,drinks,wine,2024-11-19
,,,drinks,wine,2024-11-19
,,,drinks,wine,2024-11-19
,,,drinks,wine,2024-11-19
,,,drinks,wine,2024-11-19
,,,drinks,wine,2024-11-19
,,,drinks,wine,2024-11-19
,,,drinks,wine,2024-11-19
,,,drinks,wine,2024-11-19
