Name,Price,Price per Unit,Clubcard Discount,Category,Date
Tesco Finest Clementine Or Sweet Easy Peeler 600G,null,null,null,fruits,2024-11-05
Jaffa Clementine Or Sweet Easy Peeler 600G,£2.00,£3.33/kg,Any 2 for £3 Clubcard Price - Selected Fruits,fruits,2024-11-05
Large Conference Pears Loose Class 1,£0.49,£2.60/kg,null,fruits,2024-11-05
Tesco Pink Lady Apple Minimum 5 Pack,£2.80,£0.56/each,null,fruits,2024-11-05
Rosedene Farms Gala Apples 6 Pack,£1.49,£0.25/each,null,fruits,2024-11-05
Tesco Granny Smith Apple Minimum 5 Pack,£1.70,£0.34/each,null,fruits,2024-11-05
Tesco Organic Fair Trade Bananas 5 Pack,£1.50,£0.30/each,£1.35 Clubcard Price,fruits,2024-11-05
Tesco Braeburn Apple 5 Pack,£1.70,£0.34/each,£1.40 Clubcard Price,fruits,2024-11-05
Tesco Gala Apple Minimum 5 Pack,£1.70,£0.34/each,null,fruits,2024-11-05
Tesco Conference Pears Pack 610G,£1.70,£2.79/kg,Any 2 for £3 Clubcard Price - Selected Fruits,fruits,2024-11-05
Tesco Orange Minimum 5 Pack,null,null,null,fruits,2024-11-05
Tesco Blueberries 150G,£1.80,£12.00/kg,null,fruits,2024-11-05
Tesco Lemons 4 Pack,£1.20,£0.30/each,null,fruits,2024-11-05
Tesco Strawberries 227G,£2.30,£10.13/kg,null,fruits,2024-11-05
Tesco Blueberries 250G,£2.65,£10.60/kg,null,fruits,2024-11-05
Rosedene Farms Small Apple 6 Pack,£1.09,£0.18/each,null,fruits,2024-11-05
Suntrail Farms Price Lemons Minimum 4 Pack,£0.69,£0.17/each,null,fruits,2024-11-05
Jaffa Orange Pack,£2.00,£0.50/each,£1.60 Clubcard Price,fruits,2024-11-05
Tesco Red Grapefruit Each,£0.55,£0.55/each,null,fruits,2024-11-05
Tesco Raspberries 150G,£1.90,£12.67/kg,null,fruits,2024-11-05
Tesco Honeydew Melon,£1.89,£1.89/each,null,fruits,2024-11-05
Tesco Clementine Or Sweet Easy Peeler Pack 600G,£1.19,£1.98/kg,null,fruits,2024-11-05
Tesco Green Seedless Grapes Pack 500G,null,null,null,fruits,2024-11-05
Suntrail Farms Grapes 500G,£1.59,£3.18/kg,null,fruits,2024-11-05
Tesco Satsumas 600G,£1.35,£2.25/kg,null,fruits,2024-11-05
Tesco Lemons Each,£0.30,£0.30/each,null,fruits,2024-11-05
Tesco Small Bananas 6 Pack,£0.75,£0.12/each,null,fruits,2024-11-05
Tesco Bananas Loose,£0.16,£0.90/kg,null,fruits,2024-11-05
Tesco Oranges Each,£0.30,£0.30/each,null,fruits,2024-11-05
Tesco Limes Each,£0.24,£0.24/each,null,fruits,2024-11-05
Tesco Ripe Bananas 5 Pack,£0.78,£0.16/each,null,fruits,2024-11-05
Tesco Perfectly Ripe Mango,£0.95,£0.95/each,null,fruits,2024-11-05
Tesco Walnut Pieces 250G,£3.60,£14.40/kg,null,fruits,2024-11-05
Tesco Walnuts 200G,£2.65,£13.25/kg,null,fruits,2024-11-05
Tesco Mixed Nuts 200G,£2.65,£13.25/kg,null,fruits,2024-11-05
Large Pink Lady Apples Loose Class 1,null,null,null,fruits,2024-11-05
Tesco Jazz Apple 6 Pack,£2.35,£0.39/each,null,fruits,2024-11-05
Tesco Apple Snack Pack 80G,£0.60,£7.50/kg,Any 3 for 2 Clubcard Price - Cheapest Product Free - Selected Better Snacking,fruits,2024-11-05
Tesco Mini Watermelon,£2.30,£2.30/each,null,fruits,2024-11-05
Tesco Organic Unwaxed Lemons Minimum 3 Pack,£1.90,£0.63/each,null,fruits,2024-11-05
Tesco Bramley Cooking Apples Loose,£0.55,£2.20/kg,null,fruits,2024-11-05
Jaffa Jumbo Orange Minimum 4 Pack,£2.10,£0.52/each,null,fruits,2024-11-05
Tesco Pomegranate Seeds 80G,£1.35,£16.88/kg,null,fruits,2024-11-05
Tesco Golden Delicious Apple Minimum 5 Pack,£1.70,£0.34/each,null,fruits,2024-11-05
Finest Strawberries 227G,£3.00,£13.22/kg,null,fruits,2024-11-05
Tesco Perfectly Ripe Conference Minimum 4 Pack Pear,£2.30,£0.58/each,null,fruits,2024-11-05
Tesco Cantaloupe Melon Each,null,null,Any 2 for £3 Clubcard Price - Selected Fruits,fruits,2024-11-05
Tesco Galia Melon Each,£2.00,£2.00/each,null,fruits,2024-11-05
Tesco Watermelon,£3.50,£3.50/each,£3.00 Clubcard Price,fruits,2024-11-05
Jaffa Candy Floss Grapes 500G,null,null,null,fruits,2024-11-05
Tesco Blackberries 150G,£2.00,£13.33/kg,null,fruits,2024-11-05
Suntrail Farms Price Orange Minimum 5 Pack,null,null,null,fruits,2024-11-05
Tesco Limes Minimum 5 Pack,£1.19,£0.24/each,null,fruits,2024-11-05
Tesco Ready To Eat Seasonal Pears 4Pack 550G,£1.99,£3.62/kg,null,fruits,2024-11-05
Suntrail Farms Ripen At Home Plum 400G,£1.19,£2.98/kg,99p Clubcard Price,fruits,2024-11-05
Tesco Blueberries 500G,£4.50,£9.00/kg,null,fruits,2024-11-05
Rosedene Farms Small Pear Pack 550G,£0.99,£1.80/kg,null,fruits,2024-11-05
Suntrail Farms Soft Citrus Pack 600G,£0.99,£1.65/kg,null,fruits,2024-11-05
Tesco British Apples Minimum 5 Pack,£1.70,£0.34/each,null,fruits,2024-11-05
Tesco Persimmons Minimum 2 Pack,£1.50,£0.75/each,Save 1/3 £1.00 Clubcard Price,fruits,2024-11-05
Tesco Passion Fruit 3 Pack,£1.30,£0.43/each,null,fruits,2024-11-05
Tesco Pineapple,£0.99,£0.99/each,null,fruits,2024-11-05
Tesco Perfectly Ripe Kiwi,£1.40,£0.35/each,null,fruits,2024-11-05
Tesco Nectarines Minimum 4 Pack,null,null,null,fruits,2024-11-05
Tesco Cherries Punnet 200G,£3.40,£17.00/kg,null,fruits,2024-11-05
Tesco Pomegranates Each,£1.50,£1.50/each,Save 1/3 £1.00 Clubcard Price,fruits,2024-11-05
Rosedene Farms Blackberries 150G,£1.59,£10.60/kg,null,fruits,2024-11-05
Tesco Flaked Almonds 250G,£3.90,£15.60/kg,null,fruits,2024-11-05
Tesco Walnuts 225G,£3.00,£13.33/kg,£2.50 Clubcard Price,fruits,2024-11-05
Tesco Wholefoods Pine Nuts 100G,£3.75,£37.50/kg,null,fruits,2024-11-05
Tesco Walnuts In Shell 350G,£3.00,£8.57/kg,£2.50 Clubcard Price,fruits,2024-11-05
Tesco Almonds 200G,£2.65,£13.25/kg,null,fruits,2024-11-05
Tesco Brazil Nuts 200G,£2.65,£13.25/kg,null,fruits,2024-11-05
Tesco Watermelon Wedges 550G,£3.00,£5.46/kg,null,fruits,2024-11-05
Tesco Cashew Nuts 200G,£2.65,£13.25/kg,null,fruits,2024-11-05
Tesco Melon Medley 300G,£2.40,£8.00/kg,null,fruits,2024-11-05
Large Braeburn Apples Loose Class 1,£0.52,£2.60/kg,null,fruits,2024-11-05
Tesco Dried Mango 100G,£2.15,£21.50/kg,null,fruits,2024-11-05
Tesco Soft Pitted Dates 250G,£2.00,£8.00/kg,null,fruits,2024-11-05
Tesco Watermelon Chunks 300G,£2.40,£8.00/kg,null,fruits,2024-11-05
Tesco Pineapple Chunks 300G,£2.40,£8.00/kg,null,fruits,2024-11-05
Tesco Cashews 300G,null,null,null,fruits,2024-11-05
Large Gala Apples Loose Class 1,£0.42,£2.60/kg,null,fruits,2024-11-05
Tesco Organic Blueberries 150G,£2.60,£17.33/kg,null,fruits,2024-11-05
Tesco Sunflower Seeds 150G,£1.20,£8.00/kg,null,fruits,2024-11-05
Tesco Mixed Nuts In Shell 350G,£3.00,£8.57/kg,£2.50 Clubcard Price,fruits,2024-11-05
Tesco Pineapple Chunks 145G,£1.35,£9.31/kg,null,fruits,2024-11-05
Tesco Pomegranate 250G,£2.60,£10.40/kg,null,fruits,2024-11-05
Jaffa Seedless Lemons Minimum 4Pack,null,null,null,fruits,2024-11-05
Tesco Prunes 250G,£2.00,£8.00/kg,null,fruits,2024-11-05
Tesco Roasted Monkey Nuts 250G,£1.25,£5.00/kg,null,fruits,2024-11-05
Tesco Pineapple Chunks 145G,null,null,"£5 Meal Deal Clubcard Price £5.50 Meal Deal Regular Price - Selected Drink + Snack + Tesco Finest* Or Branded Sandwich, Wrap, Roll, Salad Or Sushi",fruits,2024-11-05
Tesco Organic Gala Apples 630G,£2.30,£3.65/kg,null,fruits,2024-11-05
Tesco Chia Seeds 150G,£1.20,£8.00/kg,null,fruits,2024-11-05
Tesco Mango 250G,£2.40,£9.60/kg,null,fruits,2024-11-05
Tesco Pumpkin Seeds 150G,£1.20,£8.00/kg,null,fruits,2024-11-05
Tesco Finest Blueberries 150G,£2.50,£16.67/kg,£2.00 Clubcard Price,fruits,2024-11-05
Tesco Organic Seasonal Apples,£2.40,£0.60/each,null,fruits,2024-11-05
Tesco Soft Apricots 250G,£2.00,£8.00/kg,null,fruits,2024-11-05
Tesco Finest Salted Caramelised Nut Selection 225G,£4.00,£17.78/kg,£3.50 Clubcard Price,fruits,2024-11-05
Tesco Cashew Nuts 25G,£0.70,£28.00/kg,Any 3 for 2 Clubcard Price - Cheapest Product Free - Selected Tesco Dried Fruit Or Nuts,fruits,2024-11-05
Tesco Finest Snowball Melon,£2.50,£2.50/each,null,fruits,2024-11-05
Tesco Cashew Nuts Snack Pack 60G,£1.00,£1.67/100g,Any 3 for 2 Clubcard Price - Cheapest Product Free - Selected Tesco Dried Fruit Or Nuts,fruits,2024-11-05
Tesco Ripe And Ready 2 Pack Mango,£1.90,£0.95/each,null,fruits,2024-11-05
Tesco Raspberries 250G,£2.90,£11.60/kg,£2.45 Clubcard Price,fruits,2024-11-05
Tesco Plums 400G,£1.40,£3.50/kg,null,fruits,2024-11-05
Tesco Figs Minimum 3 Pack,£2.00,£0.67/each,null,fruits,2024-11-05
Tesco Chestnuts 400G,£3.00,£7.50/kg,£2.50 Clubcard Price,fruits,2024-11-05
Tesco Deglet Nourishing Dates 500G,£3.40,£6.80/kg,null,fruits,2024-11-05
Tesco Fruit And Nut Mix 200G,£2.65,£13.25/kg,null,fruits,2024-11-05
Tesco Cranberries 100G,£2.00,£20.00/kg,null,fruits,2024-11-05
Tesco Finest Roasted Nut Selection 190G,£3.70,£19.47/kg,null,fruits,2024-11-05
Tesco Melon & Grapes 300G,£2.40,£8.00/kg,null,fruits,2024-11-05
Tesco Pistachio Nuts 200G,£2.65,£13.25/kg,null,fruits,2024-11-05
Tesco Melon & Pineapple Finger 300G,£2.40,£8.00/kg,null,fruits,2024-11-05
Tesco Pineapple 500G,£3.20,£6.40/kg,null,fruits,2024-11-05
Tesco Large Fruit Platter 350G,£3.00,£8.57/kg,null,fruits,2024-11-05
Tesco Hazelnuts 200G,£2.65,£13.25/kg,null,fruits,2024-11-05
Tesco Watermelon & Mango 230G,£2.40,£10.44/kg,null,fruits,2024-11-05
Tesco Organic Medjool Dates 200G,£2.50,£12.50/kg,null,fruits,2024-11-05
Jordan River Dates 800G,£3.65,£4.56/kg,null,fruits,2024-11-05
Tesco Mango 450G,£4.00,£8.89/kg,null,fruits,2024-11-05
Tesco Finest Hickory Smoked Nut Selection 225G,£4.00,£17.78/kg,£3.50 Clubcard Price,fruits,2024-11-05
Tesco Rhubarb 400G,£2.50,£6.25/kg,null,fruits,2024-11-05
Tesco Flax Seeds 150G,£1.20,£8.00/kg,null,fruits,2024-11-05
Tesco Pink Lady Apple & Grape Pot 100G,£1.35,£13.50/kg,"£5 Meal Deal Clubcard Price £5.50 Meal Deal Regular Price - Selected Drink + Snack + Tesco Finest* Or Branded Sandwich, Wrap, Roll, Salad Or Sushi",fruits,2024-11-05
Tesco Melon Slices 450G,£2.40,£5.33/kg,null,fruits,2024-11-05
Tesco Finest Maple Nut Selection 225G,£4.00,£17.78/kg,£3.50 Clubcard Price,fruits,2024-11-05
Tesco Finest Belgian Dark Chocolate Brazil Nuts 225G,£4.00,£17.78/kg,£3.50 Clubcard Price,fruits,2024-11-05
Tesco Finest Belgian Chocolate Nut Tray 285G,£6.25,£21.93/kg,£5.30 Clubcard Price,fruits,2024-11-05
Tesco Tropical Tray 250G,£2.40,£9.60/kg,null,fruits,2024-11-05
Tesco Seasonal Apples Minimum 5 Pack,£2.00,£0.40/each,Any 2 for £3 Clubcard Price - Selected Fruits,fruits,2024-11-05
Tesco Milled Flax Seed Mix 175G,£1.75,£10.00/kg,£1.40 Clubcard Price,fruits,2024-11-05
Tesco Soft Figs 250G,£2.00,£8.00/kg,null,fruits,2024-11-05
Tesco Kiwi Strawberry & Melon 125G,null,null,null,fruits,2024-11-05
Tesco Organic Ripe & Ready Pears 550G,£2.50,£4.54/kg,null,fruits,2024-11-05
Tesco Mango Chunks 120G,£1.35,£11.25/kg,null,fruits,2024-11-05
Tesco Almonds 25G,£0.70,£28.00/kg,Any 3 for 2 Clubcard Price - Cheapest Product Free - Selected Tesco Dried Fruit Or Nuts,fruits,2024-11-05
Tesco Mixed Nuts & Pecans 25G,£0.70,£28.00/kg,Any 3 for 2 Clubcard Price - Cheapest Product Free - Selected Tesco Dried Fruit Or Nuts,fruits,2024-11-05
Tesco Fruit & Nut Snack Pot 55G,£1.00,£18.18/kg,Any 3 for 2 Clubcard Price - Cheapest Product Free - Selected Tesco Dried Fruit Or Nuts,fruits,2024-11-05
Tesco Ripe Papaya Each,£1.90,£1.90/each,null,fruits,2024-11-05
Rosedene Farms Strawberries 227G,£1.69,£7.44/kg,null,fruits,2024-11-05
Tesco Finest Roasted Nut Selection With Sea Salt225g,£4.00,£17.78/kg,£3.50 Clubcard Price,fruits,2024-11-05
Tesco Snack Pack Mango 35G,£1.00,£28.57/kg,Any 3 for 2 Clubcard Price - Cheapest Product Free - Selected Tesco Dried Fruit Or Nuts,fruits,2024-11-05
Tesco Chocolate Fruit & Nut Mix Snack Pack 60G,£1.00,£16.67/kg,Any 3 for 2 Clubcard Price - Cheapest Product Free - Selected Tesco Dried Fruit Or Nuts,fruits,2024-11-05
Tesco Brazil Nut Snack Pack 60G,£1.00,£16.67/kg,Any 3 for 2 Clubcard Price - Cheapest Product Free - Selected Tesco Dried Fruit Or Nuts,fruits,2024-11-05
Tesco Hazelnuts In Shell 350G,£3.00,£8.57/kg,£2.50 Clubcard Price,fruits,2024-11-05
Tesco Raisins And Cranberries 500G,£4.25,£8.50/kg,null,fruits,2024-11-05
Tesco Finest Fruit & Nut 190G,£3.70,£19.47/kg,null,fruits,2024-11-05
Tesco Finest Lime Infused Mango 100G,£3.60,£36.00/kg,null,fruits,2024-11-05
Tesco Organic Walnuts 100G,£3.00,£30.00/kg,null,fruits,2024-11-05
Tesco Cashew & Raisins 200G,null,null,null,fruits,2024-11-05
Tesco Mixed Nuts 225G,£3.00,£13.33/kg,£2.50 Clubcard Price,fruits,2024-11-05
Tesco Organic Mixed Nuts 200G,£3.30,£16.50/kg,null,fruits,2024-11-05
Tesco Organic Fair Trade Brazil Nuts 150G,£3.15,£21.00/kg,null,fruits,2024-11-05
Tesco Organic Fair Trade Cashew Nuts 150G,£3.20,£21.33/kg,null,fruits,2024-11-05
Tesco Finest Apples Minimum 4 Pack,£2.10,£0.52/each,null,fruits,2024-11-05
Tesco Pineapple Chunks 300G,£2.40,£8.00/kg,"£3.60 Meal Deal Clubcard Price £4 Meal Deal Regular Price - Selected Drink + Snack + Tesco Or Branded Sandwich, Wrap, Roll, Salad Or Sushi",fruits,2024-11-05
Deliciously Ella Chocolate Orange Almonds 27G,£1.40,£5.18/100g,95p Clubcard Price,fruits,2024-11-05
Tesco Goji Berries 100G,£2.00,£20.00/kg,null,fruits,2024-11-05
Tesco Organic Almonds 200 G,£3.30,£16.50/kg,null,fruits,2024-11-05
Tesco Raisin Mix 200G,£2.00,£10.00/kg,null,fruits,2024-11-05
"Tesco Banana, Strawberries , Appl & Grapes 220G",null,null,null,fruits,2024-11-05
"Tesco Kiwi, Melon & Strawberries 250G",£2.40,£9.60/kg,null,fruits,2024-11-05
Tesco Mixed Berries 25G,£0.70,£28.00/kg,Any 3 for 2 Clubcard Price - Cheapest Product Free - Selected Tesco Dried Fruit Or Nuts,fruits,2024-11-05
Tesco Finest White Chocolate & Coconut Hazelnuts 200G,£4.00,£20.00/kg,£3.50 Clubcard Price,fruits,2024-11-05
Tesco Pink Lady Apple And Grape Snack Pot 100G,£1.35,£13.50/kg,null,fruits,2024-11-05
Tesco Pecans 170G,£3.00,£17.65/kg,£2.50 Clubcard Price,fruits,2024-11-05
Tesco Pecan Nuts 100G,£2.40,£24.00/kg,null,fruits,2024-11-05
Tesco Coconut 80G,£1.35,£16.88/kg,null,fruits,2024-11-05
Tesco Grapes 110G,£1.35,£12.27/kg,"£5 Meal Deal Clubcard Price £5.50 Meal Deal Regular Price - Selected Drink + Snack + Tesco Finest* Or Branded Sandwich, Wrap, Roll, Salad Or Sushi",fruits,2024-11-05
"Tesco Kiwi, Melon & Strawberries 250G (C)",null,null,"£3.60 Meal Deal Clubcard Price £4 Meal Deal Regular Price - Selected Drink + Snack + Tesco Or Branded Sandwich, Wrap, Roll, Salad Or Sushi",fruits,2024-11-05
Tesco Finest Sweet Cherry Fruit & Nut Selection 225G,£4.00,£17.78/kg,£3.50 Clubcard Price,fruits,2024-11-05
Tesco Pink Lady Apple Pot 80G,£1.35,£16.88/kg,"£5 Meal Deal Clubcard Price £5.50 Meal Deal Regular Price - Selected Drink + Snack + Tesco Finest* Or Branded Sandwich, Wrap, Roll, Salad Or Sushi",fruits,2024-11-05
Tesco Apple & Strawberry 90G,£1.35,£15.00/kg,"£5 Meal Deal Clubcard Price £5.50 Meal Deal Regular Price - Selected Drink + Snack + Tesco Finest* Or Branded Sandwich, Wrap, Roll, Salad Or Sushi",fruits,2024-11-05
Tesco Roasted Pistachio Nuts In Shell 200G,£3.00,£15.00/kg,£2.50 Clubcard Price,fruits,2024-11-05
Tesco Pomegranate 80G,null,null,"£5 Meal Deal Clubcard Price £5.50 Meal Deal Regular Price - Selected Drink + Snack + Tesco Finest* Or Branded Sandwich, Wrap, Roll, Salad Or Sushi",fruits,2024-11-05
Tesco Finest Zamli Dates 200G,£2.50,£12.50/kg,£2.25 Clubcard Price,fruits,2024-11-05
Tesco Mango 250G,£2.40,£9.60/kg,"£3.60 Meal Deal Clubcard Price £4 Meal Deal Regular Price - Selected Drink + Snack + Tesco Or Branded Sandwich, Wrap, Roll, Salad Or Sushi",fruits,2024-11-05
Tesco Mixed Raisins 60G,£1.00,£16.67/kg,Any 3 for 2 Clubcard Price - Cheapest Product Free - Selected Tesco Dried Fruit Or Nuts,fruits,2024-11-05
Tesco Smoky Bbq Favour Nut Mix 25G,£0.75,£30.00/kg,Any 3 for 2 Clubcard Price - Cheapest Product Free - Selected Tesco Dried Fruit Or Nuts,fruits,2024-11-05
Tesco Fruity Granola Shot 25G,£0.70,£2.80/100g,Any 3 for 2 Clubcard Price - Cheapest Product Free - Selected Tesco Dried Fruit Or Nuts,fruits,2024-11-05
Tesco Roasted Almonds 225G,£3.00,£13.33/kg,£2.50 Clubcard Price,fruits,2024-11-05
Tesco Nut Bites Mix Baklava Flavour 25G,£0.75,£30.00/kg,Any 3 for 2 Clubcard Price - Cheapest Product Free - Selected Tesco Dried Fruit Or Nuts,fruits,2024-11-05
Coconut Each,£1.00,£1.00/each,null,fruits,2024-11-05
Tesco Peaches Minimum 4 Pack,£2.00,£0.50/each,null,fruits,2024-11-05
Tesco Roasted Cashew & Raisin Mix 225G,£3.00,£13.33/kg,£2.50 Clubcard Price,fruits,2024-11-05
Tesco Finest Tropical Fruit Mix 125G,£3.60,£28.80/kg,null,fruits,2024-11-05
Tesco Winter Fruit Salad 400G,£3.50,£8.75/kg,null,fruits,2024-11-05
Tesco Finest Belgian Dark Chocolate Brazil Nuts 225G,null,null,null,fruits,2024-11-05
Tesco Pink Lady Apple 350G,£2.50,£7.14/kg,null,fruits,2024-11-05
"Tesco Apple, Mango Strawberry And Raspberry 210G",£2.40,£11.43/kg,null,fruits,2024-11-05
Tesco Mixed Nuts In Shell 350G,£3.00,£8.57/kg,£2.50 Clubcard Price,fruits,2024-11-05
Tesco Lemon and Limes 6 Pack,£1.50,£0.25/each,null,fruits,2024-11-05
Tesco Finest Hickory Smoked Nut Selection 225G,£4.00,£17.78/kg,null,fruits,2024-11-05
Tesco Grape & Berry Medley 230G,£2.40,£10.44/kg,null,fruits,2024-11-05
Tesco Coconut 80G,null,null,"£5 Meal Deal Clubcard Price £5.50 Meal Deal Regular Price - Selected Drink + Snack + Tesco Finest* Or Branded Sandwich, Wrap, Roll, Salad Or Sushi",fruits,2024-11-05
Parrs Toffee Apples Each,£1.00,£1.00/each,90p Clubcard Price,fruits,2024-11-05
"Tesco Peanuts, Almond & Cashews Mix 600G",£3.00,£5.00/kg,£2.50 Clubcard Price,fruits,2024-11-05
Parrs Milk Chocolate Decorated Apples Each,£1.00,£1.00/each,90p Clubcard Price,fruits,2024-11-05
Tesco Snack Pack Almonds 60G,£1.00,£16.67/kg,Any 3 for 2 Clubcard Price - Cheapest Product Free - Selected Tesco Dried Fruit Or Nuts,fruits,2024-11-05
Tesco Mango Chunks 120G,£1.35,£11.25/kg,"£5 Meal Deal Clubcard Price £5.50 Meal Deal Regular Price - Selected Drink + Snack + Tesco Finest* Or Branded Sandwich, Wrap, Roll, Salad Or Sushi",fruits,2024-11-05
Tesco Mixed Fruit & Nut 25G,£0.70,£28.00/kg,Any 3 for 2 Clubcard Price - Cheapest Product Free - Selected Tesco Dried Fruit Or Nuts,fruits,2024-11-05
Tesco Sweet Easy Peeler Each,£0.30,£0.30/each,null,fruits,2024-11-05
Tesco Snack Pack Soft Apricots 50G,£1.00,£20.00/kg,Any 3 for 2 Clubcard Price - Cheapest Product Free - Selected Tesco Dried Fruit Or Nuts,fruits,2024-11-05
Tesco Snacking Roasted Pistachio 50G(C),£1.00,£20.00/kg,Any 3 for 2 Clubcard Price - Cheapest Product Free - Selected Tesco Dried Fruit Or Nuts,fruits,2024-11-05
Tesco Fin Mango Each,£2.00,£2.00/each,null,fruits,2024-11-05
Tesco Roasted Nut Snack Pack 55G,£1.00,£18.18/kg,Any 3 for 2 Clubcard Price - Cheapest Product Free - Selected Tesco Dried Fruit Or Nuts,fruits,2024-11-05
Tesco Finest Medjool Dates 500g,£5.00,£10.00/kg,£4.50 Clubcard Price,fruits,2024-11-05
Tesco Finest Pink Lady Apple 4 Pack,£3.00,£0.75/each,null,fruits,2024-11-05
Tesco Apple Family Bag 1.5Kg,£3.00,£2.00/kg,null,fruits,2024-11-05
Zespri SunGold Jumbo Kiwi,£0.95,£0.95/each,null,fruits,2024-11-05
Date Me Deglet Nour Dates 200g,£1.25,£6.25/kg,null,fruits,2024-11-05
Tesco Apple With Peanut Butter Dip 110G,£1.75,£15.91/kg,Any 3 for 2 Clubcard Price - Cheapest Product Free - Selected Better Snacking,fruits,2024-11-05
Tesco Apples Grapes & Mild Cheddar Cheese 130G,£1.75,£13.46/kg,Any 3 for 2 Clubcard Price - Cheapest Product Free - Selected Better Snacking,fruits,2024-11-05
Tesco Plantain EACH,£0.75,£0.75/each,null,fruits,2024-11-05
Zespri SunGold Kiwi 4pk,£2.50,£0.62/each,null,fruits,2024-11-05
Tesco Kiwi Fruits 6 Pack,£1.19,£0.20/each,null,fruits,2024-11-05
Tesco Pine Nuts 100G 100G,£3.90,£39.00/kg,null,fruits,2024-11-05
Whitworths Wondermix Think Sharp Trail Mix 200g,£3.50,£17.50/kg,null,fruits,2024-11-05
Whitworths Wondermix Feel Strong Nut Mix 190g,£3.50,£18.42/kg,null,fruits,2024-11-05
Whitworths Wondermix Fight Fatigue Fruit & Nut Mix 200g,£3.50,£17.50/kg,null,fruits,2024-11-05
Tesco Finest Citrusy Chocolate Nut Selection 225G,£4.00,£17.78/kg,£3.50 Clubcard Price,fruits,2024-11-05
Tesco Finest Blonde Chocolate Hazelnuts 125g,£4.50,£36.00/kg,£4.00 Clubcard Price,fruits,2024-11-05
Tesco Finest Blonde Chocolate Nut Selection 260g,£6.25,£24.04/kg,£5.30 Clubcard Price,fruits,2024-11-05
Tesco Finest Blonde Chocolate Nut Tray 260g,£6.25,£24.04/kg,£5.30 Clubcard Price,fruits,2024-11-05
Tesco Finest Cinnamon Roasted Nut Selection 225G,£4.00,£17.78/kg,£3.50 Clubcard Price,fruits,2024-11-05
Tesco Finest Belgian Blonde Chocolate Nut Selection 225g,£4.00,£17.78/kg,£3.50 Clubcard Price,fruits,2024-11-05
Tesco Finest Belgian Chocolate Almond Selection 225g,£4.00,£17.78/kg,£3.50 Clubcard Price,fruits,2024-11-05
Tesco Finest Sweet Maple Chilli & Smoked Nut Selection 225g,£4.00,£17.78/kg,£3.50 Clubcard Price,fruits,2024-11-05
Jaffa Tropical Grapes 500g,£2.50,£5.00/kg,null,fruits,2024-11-05
Tesco Finest Pitted Medjool Dates 200g,£3.00,£15.00/kg,£2.50 Clubcard Price,fruits,2024-11-05
Jaffa Candy Grapes 500g,£2.50,£5.00/kg,null,fruits,2024-11-05
Jaffa Crunchy Grapes 500g,£2.50,£5.00/kg,null,fruits,2024-11-05
Tesco Grapes & Strawberries 115G,£1.35,£11.74/kg,null,fruits,2024-11-05
Tesco Mango & Passionfruit Pot 250g,£2.50,£10.00/kg,null,fruits,2024-11-05
Tesco Screamy Toffee Apple 110g,null,null,£1.50 Clubcard Price,fruits,2024-11-05
Jaffa Supersweet Pineapple,£2.25,£2.25/each,Any 2 for £3 Clubcard Price - Selected Fruits,fruits,2024-11-05
Rosedene Farms Blueberries 150G,£1.69,£11.27/kg,null,fruits,2024-11-05
Parrs Dark Chocolate Coated Apple with Honeycomb Pieces,£1.00,£1.00/each,90p Clubcard Price,fruits,2024-11-05
Tesco Sweet Peppers 500G,£1.79,£3.58/kg,null,vegetables,2024-11-05
Nightingale Farms Peppers 375G,£1.59,£4.24/kg,null,vegetables,2024-11-05
Tesco Red Onions 3Pack Minimum,£1.00,£0.33/each,null,vegetables,2024-11-05
Tesco Courgettes Loose,£0.52,£2.58/kg,null,vegetables,2024-11-05
Tesco Baby Button Mushrooms 200G,£1.15,£5.75/kg,null,vegetables,2024-11-05
Tesco Brown Onions Minimum 3 Pack 385G,£1.00,£2.60/kg,null,vegetables,2024-11-05
Tesco Chestnut Vitamin D Mushrooms 250G,£1.10,£4.40/kg,null,vegetables,2024-11-05
Tesco Leeks 500G,£1.39,£2.78/kg,null,vegetables,2024-11-05
Tesco Baby Spinach 250G,£1.15,£4.60/kg,null,vegetables,2024-11-05
Tesco Brown Onions 1Kg,£0.99,£0.99/kg,null,vegetables,2024-11-05
Tesco Finest Baby Potatoes 750G,£1.40,£1.87/kg,99p Clubcard Price,vegetables,2024-11-05
Tesco Tenderstem Broccoli 200G,£1.60,£8.00/kg,null,vegetables,2024-11-05
Tesco Broccoli Loose,£0.82,£2.19/kg,null,vegetables,2024-11-05
Tesco Swede,£0.63,£0.63/each,null,vegetables,2024-11-05
Tesco Brown Onions Loose,£0.11,£0.95/kg,null,vegetables,2024-11-05
Tesco Fine Beans 200G,£1.30,£6.50/kg,99p Clubcard Price,vegetables,2024-11-05
Tesco Carrots 1Kg,£0.69,£0.69/kg,null,vegetables,2024-11-05
Tesco Parsnips 500G,£0.75,£1.50/kg,null,vegetables,2024-11-05
Tesco Red Peppers Each,£0.59,£0.59/each,null,vegetables,2024-11-05
Tesco Broccoli 375G,£0.82,£2.19/kg,null,vegetables,2024-11-05
Tesco Parsnips Loose,£0.23,£1.50/kg,null,vegetables,2024-11-05
Tesco Red Onions Loose,£0.20,£0.95/kg,null,vegetables,2024-11-05
Tesco Carrots Loose,£0.11,£0.69/kg,null,vegetables,2024-11-05
Tesco Closed Cup Mushrooms 400G,£1.19,£2.98/kg,null,vegetables,2024-11-05
Tesco 4 Baking Potatoes,£0.79,£0.20/each,null,vegetables,2024-11-05
Tesco Cauliflower Each,£1.19,£1.19/each,null,vegetables,2024-11-05
Tesco Large Baking Potatoes Loose,null,null,null,vegetables,2024-11-05
Tesco All Rounder Potatoes 2Kg,£1.35,£0.68/kg,null,vegetables,2024-11-05
Tesco Finest Jacket Potatoes 4 Pack,£1.50,£0.38/each,null,vegetables,2024-11-05
Tesco Finest Red Potatoes 2Kg,£2.20,£1.10/kg,null,vegetables,2024-11-05
Nightingale Peppers 600G,null,null,null,vegetables,2024-11-05
Tesco Peeled Brussels Sprouts 200G,£1.50,£7.50/kg,Save 1/3 £1.00 Clubcard Price,vegetables,2024-11-05
Tesco Miniature Potatoes 750G,£1.30,£1.73/kg,null,vegetables,2024-11-05
Tesco Egg Noodles 300G,£1.30,£4.33/kg,null,vegetables,2024-11-05
Tesco Large Flat Mushrooms 250G,£1.25,£5.00/kg,null,vegetables,2024-11-05
Tesco Baby Corn 130G,£1.20,£9.23/kg,£1.00 Clubcard Price,vegetables,2024-11-05
Tesco Green Beans 80G,£1.25,£15.62/kg,Any 3 for 2 Clubcard Price - Cheapest Product Free - Selected Vegetables 80g - 800g,vegetables,2024-11-05
Tesco Root Ginger Loose,null,null,null,vegetables,2024-11-05
Tesco Maris Piper Potatoes 1.25Kg,£1.45,£1.16/kg,null,vegetables,2024-11-05
Tesco Butternut Squash Each,null,null,null,vegetables,2024-11-05
Tesco Family Pack Mushrooms 625G,£1.80,£2.88/kg,null,vegetables,2024-11-05
Tesco Curly Kale 180G,£0.90,£5.00/kg,70p Clubcard Price,vegetables,2024-11-05
Tesco Garlic Large,£0.55,£0.55/each,null,vegetables,2024-11-05
Tesco Organic Carrots 700G,£1.15,£1.64/kg,null,vegetables,2024-11-05
Tesco Courgettes,£1.29,£0.43/each,null,vegetables,2024-11-05
Tesco Baby Potatoes 1Kg,£1.20,£1.20/kg,null,vegetables,2024-11-05
Tesco Fresh Cut Coriander 30G,£0.52,£0.17/10g,"OLD EL PASO Meal Deal for £3 Clubcard Price - Buy 1 Old El Paso, 1 Coriander & 1 Yellow Pepper",vegetables,2024-11-05
Tesco Red Chillies 60G,£0.60,£10.00/kg,null,vegetables,2024-11-05
Tesco Green Peppers Each,£0.59,£0.59/each,null,vegetables,2024-11-05
Tesco Mashed Potato 425G,£0.84,£1.98/kg,null,vegetables,2024-11-05
Tesco Sweet Potatoes 1Kg,null,null,null,vegetables,2024-11-05
Tesco Savoy Cabbage Each,£0.75,£0.75/each,null,vegetables,2024-11-05
Tesco Aubergine Each,£0.95,£0.95/each,null,vegetables,2024-11-05
Perfectly Imperfect Parsnips 500G,£0.55,£1.10/kg,null,vegetables,2024-11-05
Tesco Large Sweet Potatoes Loose Class 1,£0.42,£1.19/kg,null,vegetables,2024-11-05
Tesco Cut Basil 30G,£0.52,£0.17/10g,null,vegetables,2024-11-05
Tesco Perfectly Imperfect Carrots 1.5Kg,£0.79,£0.53/kg,null,vegetables,2024-11-05
Tesco Sweetcorn Cobettes 4 Pack,£1.29,£0.32/each,null,vegetables,2024-11-05
Tesco White Cabbage Each,£0.80,£0.80/each,null,vegetables,2024-11-05
Tesco Sweetheart Cabbage Each,£0.69,£0.69/each,null,vegetables,2024-11-05
Tesco Red Cabbage Each,£0.80,£0.80/each,null,vegetables,2024-11-05
Tesco Stringless Beans 180G,£1.40,£7.78/kg,null,vegetables,2024-11-05
Tesco Finest Echalion Shallots 400G,£1.50,£3.75/kg,null,vegetables,2024-11-05
Tesco Family Pack Chestnut Vitamin D Mushrooms 485G,£2.10,£4.33/kg,£1.75 Clubcard Price,vegetables,2024-11-05
Tesco Shallots Onions 400G,£1.40,£3.50/kg,null,vegetables,2024-11-05
Tesco Leeks Loose,£0.70,£2.78/kg,null,vegetables,2024-11-05
Tesco Sliced Mushrooms 250G,£1.25,£5.00/kg,null,vegetables,2024-11-05
Tesco Suffolk New Potatoes 750G,£1.35,£1.80/kg,null,vegetables,2024-11-05
Tesco Flat Leaf Parsley 100G,£1.25,£0.12/10g,null,vegetables,2024-11-05
Tesco Pak Choi 250G,£1.40,£5.60/kg,null,vegetables,2024-11-05
Tesco Organic Garlic 3 Pack,£1.00,£0.33/each,null,vegetables,2024-11-05
Tesco Coriander 100G,£1.25,£0.12/10g,null,vegetables,2024-11-05
Tesco Tenderstem Broccoli Spears 330G,£2.40,£7.27/kg,£2.00 Clubcard Price,vegetables,2024-11-05
Tesco Tenderstem Broccoli Tips 120G,£1.30,£10.83/kg,null,vegetables,2024-11-05
Tesco Carrot Batons 400G,£1.25,£3.12/kg,Any 3 for 2 Clubcard Price - Cheapest Product Free - Selected Vegetables 80g - 800g,vegetables,2024-11-05
Tesco Traditional Sliced Runner Beans 160G,null,null,Any 3 for 2 Clubcard Price - Cheapest Product Free - Selected Vegetables 80g - 800g,vegetables,2024-11-05
Tesco Potato Slices 350G,£2.00,£5.71/kg,Any 3 for 2 Clubcard Price - Cheapest Product Free - Selected Vegetables 80g - 800g,vegetables,2024-11-05
Tesco Chestnut Baby Button Vitamin D Mushrooms 150G,null,null,null,vegetables,2024-11-05
Tesco Trimmed Tenderstem Broccoli 80G,£1.25,£15.62/kg,Any 3 for 2 Clubcard Price - Cheapest Product Free - Selected Vegetables 80g - 800g,vegetables,2024-11-05
Tesco Asparagus Tips 125G,£2.00,£16.00/kg,null,vegetables,2024-11-05
Tesco Finest Extra Fine Beans 200G,£1.55,£7.75/kg,null,vegetables,2024-11-05
Tesco Beansprouts 300G,£0.56,£1.87/kg,null,vegetables,2024-11-05
Tesco Peeled Baby Sprouts 180G,£1.60,£8.89/kg,Any 3 for 2 Clubcard Price - Cheapest Product Free - Selected Vegetables 80g - 800g,vegetables,2024-11-05
Tesco Spinach 500G,£1.66,£3.32/kg,null,vegetables,2024-11-05
Tesco Tenderstem & Mixed Vegetables 160G,null,null,Any 3 for 2 Clubcard Price - Cheapest Product Free - Selected Vegetables 80g - 800g,vegetables,2024-11-05
Tesco Diced Onion 400G,£1.00,£2.50/kg,Any 3 for 2 Clubcard Price - Cheapest Product Free - Selected Vegetables 80g - 800g,vegetables,2024-11-05
Tesco Fresh Cut Flat Leaf Parsley 30G,£0.52,£0.17/10g,null,vegetables,2024-11-05
Tesco Red Onions Pack 1Kg,£0.95,£0.95/kg,null,vegetables,2024-11-05
Tesco Mini Carrots 320G,null,null,Any 3 for 2 Clubcard Price - Cheapest Product Free - Selected Vegetables 80g - 800g,vegetables,2024-11-05
Tesco Mixed Chillies 65G,£0.60,£9.23/kg,null,vegetables,2024-11-05
Tesco Baby Spinach 220G,null,null,null,vegetables,2024-11-05
Tesco Mint 30G,£0.52,£0.17/10g,null,vegetables,2024-11-05
Tesco Cauliflower Extra Large Each,£1.80,£1.80/each,null,vegetables,2024-11-05
Tesco Large Broccoli Pack 500G,£1.00,£2.00/kg,null,vegetables,2024-11-05
Tesco Baby Potatoes With Herb Butter 360G,£0.93,£2.58/kg,Any 3 for 2 Clubcard Price - Cheapest Product Free - Selected Vegetables 80g - 800g,vegetables,2024-11-05
Tesco Cauliflower & Broccoli Florets 400G (M),£1.29,£3.22/kg,Any 3 for 2 Clubcard Price - Cheapest Product Free - Selected Vegetables 80g - 800g,vegetables,2024-11-05
Tesco Asparagus & Tenderstem Broccoli 190G,£2.25,£11.84/kg,Any 3 for 2 Clubcard Price - Cheapest Product Free - Selected Vegetables 80g - 800g,vegetables,2024-11-05
Tesco Organic Chestnut Mushrooms 250 G,£2.25,£9.00/kg,null,vegetables,2024-11-05
Tesco Broccoli Florets 240G,£2.00,£8.33/kg,Any 3 for 2 Clubcard Price - Cheapest Product Free - Selected Vegetables 80g - 800g,vegetables,2024-11-05
Golden King Buttery Golden Potatoes 2Kg,£2.00,£1.00/kg,null,vegetables,2024-11-05
Tesco Ginger 100g,£1.20,£1.20/100g,null,vegetables,2024-11-05
Tesco Finest All Rounder Potatoes 2Kg,£2.20,£1.10/kg,null,vegetables,2024-11-05
Tesco Basil Medium Pot,£1.50,£1.50/each,null,vegetables,2024-11-05
Tesco Winter Vegetables 480G,£2.15,£4.48/kg,Any 3 for 2 Clubcard Price - Cheapest Product Free - Selected Vegetables 80g - 800g,vegetables,2024-11-05
Tesco Maris Piper Roast Potatoes With Goose Fat 800G,£3.00,£3.75/kg,Any 3 for 2 Clubcard Price - Cheapest Product Free - Selected Vegetables 80g - 800g,vegetables,2024-11-05
Tesco Organic Brown Onions 750G,£1.50,£2.00/kg,null,vegetables,2024-11-05
Tesco Root Vegetable Mash 425G,£1.22,£2.87/kg,null,vegetables,2024-11-05
Tesco Finest Cavolo Nero Kale 200G,£1.50,£7.50/kg,null,vegetables,2024-11-05
Tesco Bird Eye Chillies 25G,£0.86,£34.40/kg,null,vegetables,2024-11-05
Tesco Finest Shiitake Mushrooms 125G,£1.75,£14.00/kg,£1.25 Clubcard Price,vegetables,2024-11-05
Tesco Finest Sweet Mini Peppers 220G,£1.65,£7.50/kg,null,vegetables,2024-11-05
Tesco Carrot Cauliflower & Broccoli 370G,£1.65,£4.46/kg,Any 3 for 2 Clubcard Price - Cheapest Product Free - Selected Vegetables 80g - 800g,vegetables,2024-11-05
Tesco Finger Chillies 80G,£1.00,£12.50/kg,null,vegetables,2024-11-05
Tesco Mini Roast Potatoes 500G,£2.00,£4.00/kg,Any 3 for 2 Clubcard Price - Cheapest Product Free - Selected Vegetables 80g - 800g,vegetables,2024-11-05
Tesco Organic Red Onions,£1.25,£2.50/kg,null,vegetables,2024-11-05
Tesco Sliced Spring Greens 200G,£1.25,£6.25/kg,Any 3 for 2 Clubcard Price - Cheapest Product Free - Selected Vegetables 80g - 800g,vegetables,2024-11-05
Tesco Peeled Potatoes 750G,£1.25,£1.67/kg,Any 3 for 2 Clubcard Price - Cheapest Product Free - Selected Vegetables 80g - 800g,vegetables,2024-11-05
Tesco Singapore Noodles 300G,£1.30,£4.33/kg,null,vegetables,2024-11-05
Tesco Turnip,£0.58,£0.58/each,null,vegetables,2024-11-05
Tesco Rice Noodles 300G,£1.30,£4.33/kg,null,vegetables,2024-11-05
Tesco Runner Beans 180G,£1.40,£7.78/kg,null,vegetables,2024-11-05
Albert Bartlett Creamy Mashed Potato 400G,£1.30,£3.25/kg,Any 3 for 2 Clubcard Price - Cheapest Product Free - Selected Vegetables 80g - 800g,vegetables,2024-11-05
Tesco Green Beans and Tenderstem Broccoli 190g,£2.25,£11.84/kg,Any 3 for 2 Clubcard Price - Cheapest Product Free - Selected Vegetables 80g - 800g,vegetables,2024-11-05
Tesco Mixed Vegetables 225G,£1.50,£6.67/kg,Any 3 for 2 Clubcard Price - Cheapest Product Free - Selected Vegetables 80g - 800g,vegetables,2024-11-05
Tesco Tender Vegetable Medley 160G,£1.85,£11.56/kg,Any 3 for 2 Clubcard Price - Cheapest Product Free - Selected Vegetables 80g - 800g,vegetables,2024-11-05
Tesco Tendersweet Carrots 150G,£1.30,£8.67/kg,null,vegetables,2024-11-05
Tesco Diced Swede 350G,£0.50,£1.43/kg,Any 3 for 2 Clubcard Price - Cheapest Product Free - Selected Vegetables 80g - 800g,vegetables,2024-11-05
Tesco Organic Broccoli 335G,£1.35,£4.03/kg,null,vegetables,2024-11-05
Tesco Fresh Cut Curled Parsley 30G,£0.52,£0.17/10g,null,vegetables,2024-11-05
Tesco Cheese And Garlic Stuffed Mushrooms 200G,£2.00,£10.00/kg,Any 3 for 2 Clubcard Price - Cheapest Product Free - Selected Vegetables 80g - 800g,vegetables,2024-11-05
Albert Bartlett Cheese Croquettes 250G,£1.60,£6.40/kg,Any 3 for 2 Clubcard Price - Cheapest Product Free - Selected Vegetables 80g - 800g,vegetables,2024-11-05
Tesco Sliced Red Onion 180G,£0.80,£4.44/kg,Any 3 for 2 Clubcard Price - Cheapest Product Free - Selected Vegetables 80g - 800g,vegetables,2024-11-05
Tesco Crispy Sweet Potato Fries 300G,£2.10,£7.00/kg,Any 3 for 2 Clubcard Price - Cheapest Product Free - Selected Vegetables 80g - 800g,vegetables,2024-11-05
Tesco Protein Noodles 300G,£1.30,£4.33/kg,null,vegetables,2024-11-05
Tesco Corn On The Cob Twinpack,£1.29,£0.64/each,null,vegetables,2024-11-05
74. Tesco Ready to Cook Fresh Vegetable Selection 3.2kg (Serves 6),£9.00,£0.28/100g,null,vegetables,2024-11-05
Tesco Organic Tenderstem Broccoli 200G,£2.50,£12.50/kg,null,vegetables,2024-11-05
Tesco Cabbage And Leek (C),£1.75,£5.83/kg,null,vegetables,2024-11-05
Tesco Finest Oyster Mushroom Cluster 150G,£2.00,£13.33/kg,null,vegetables,2024-11-05
Tesco Organic Courgettes 3 Pack,£2.40,£0.80/each,null,vegetables,2024-11-05
Tesco Flat Leaf Parsley Medium Pot,£1.50,£1.50/each,null,vegetables,2024-11-05
Tesco Curled Parsley Medium Pot,null,null,null,vegetables,2024-11-05
Tesco Organic Spinach 200G,£1.95,£9.75/kg,null,vegetables,2024-11-05
Tesco Diced Root Vegetables 720G,£1.55,£2.15/kg,Any 3 for 2 Clubcard Price - Cheapest Product Free - Selected Vegetables 80g - 800g,vegetables,2024-11-05
Tesco Parmentier Potatoes 400G,£2.00,£5.00/kg,Any 3 for 2 Clubcard Price - Cheapest Product Free - Selected Vegetables 80g - 800g,vegetables,2024-11-05
Tesco Imperator Carrot 450G,£1.80,£4.00/kg,null,vegetables,2024-11-05
Tesco Coriander Medium Pot,£1.50,£1.50/each,null,vegetables,2024-11-05
Tesco Thyme Medium Pot,£1.50,£1.50/each,null,vegetables,2024-11-05
Tesco Finest Rosanna Pink Onions 3Pack,£1.35,£0.45/each,null,vegetables,2024-11-05
Tesco Finest Sliced Cavolo Nero 200G,£1.50,£7.50/kg,null,vegetables,2024-11-05
Tesco Seasoned Roast Potatoes 800G,£2.25,£2.81/kg,Any 3 for 2 Clubcard Price - Cheapest Product Free - Selected Vegetables 80g - 800g,vegetables,2024-11-05
Tesco Finest Rainbow Carrots 450G,£1.60,£3.56/kg,null,vegetables,2024-11-05
Tesco Sliced Greens 300G,£1.75,£5.83/kg,null,vegetables,2024-11-05
Tesco Organic White Potatoes 1.5Kg,null,null,null,vegetables,2024-11-05
Tesco Growing Mint Medium Pot,£1.50,£1.50/each,null,vegetables,2024-11-05
Tesco Organic Baby Potatoes 750G,null,null,null,vegetables,2024-11-05
Tesco Choi Sum 200G,£1.60,£8.00/kg,null,vegetables,2024-11-05
Tesco Organic Curly Kale 200G,£1.85,£9.25/kg,null,vegetables,2024-11-05
Tesco Organic Bunched Carrots 400G,£1.80,£4.50/kg,null,vegetables,2024-11-05
Tesco Finest Portobello Vitamin D Mushrooms 150G,£1.30,£8.67/kg,null,vegetables,2024-11-05
Tesco Sweet Potato Wedges In Parsley & Thyme Oil 500G,£2.00,£4.00/kg,Any 3 for 2 Clubcard Price - Cheapest Product Free - Selected Vegetables 80g - 800g,vegetables,2024-11-05
Tesco Medium Pot Rosemary Each,£1.50,£1.50/each,null,vegetables,2024-11-05
Tesco Baby Aubergines 350G,£2.35,£6.71/kg,null,vegetables,2024-11-05
Tesco Edamame Beans 150G,£1.50,£10.00/kg,Any 3 for 2 Clubcard Price - Cheapest Product Free - Selected Vegetables 80g - 800g,vegetables,2024-11-05
Tesco Scotch Bonnet Chillies 50G,£0.90,£18.00/kg,null,vegetables,2024-11-05
Tesco Potato Wedges 500G,£1.50,£3.00/kg,Any 3 for 2 Clubcard Price - Cheapest Product Free - Selected Vegetables 80g - 800g,vegetables,2024-11-05
Tesco Chefs Trio 80G,£1.25,£15.62/kg,Any 3 for 2 Clubcard Price - Cheapest Product Free - Selected Vegetables 80g - 800g,vegetables,2024-11-05
Tesco Green Vegetable Medley 250G,£2.10,£8.40/kg,Any 3 for 2 Clubcard Price - Cheapest Product Free - Selected Vegetables 80g - 800g,vegetables,2024-11-05
Tesco Organic Leeks 400G,£2.00,£5.00/kg,null,vegetables,2024-11-05
Tesco Thai Lemon Grass Minimum 2 Stems,£0.52,£0.26/each,null,vegetables,2024-11-05
Tesco Potatoes With Garlic Butter 360G,£0.93,£2.58/kg,Any 3 for 2 Clubcard Price - Cheapest Product Free - Selected Vegetables 80g - 800g,vegetables,2024-11-05
Tesco Herbs Great For Roasting 30G,£0.75,£0.25/10g,null,vegetables,2024-11-05
Tesco Sweet Potato Mash 400G,£1.50,£3.75/kg,Any 3 for 2 Clubcard Price - Cheapest Product Free - Selected Vegetables 80g - 800g,vegetables,2024-11-05
Tesco Stuffed Peppers 320G,£2.00,£6.25/kg,Any 3 for 2 Clubcard Price - Cheapest Product Free - Selected Vegetables 80g - 800g,vegetables,2024-11-05
Tesco Sweet Potato & Potato Mash 400G,£2.00,£5.00/kg,null,vegetables,2024-11-05
Tesco White Roses Flowers Bouquet,null,null,null,vegetables,2024-11-05
Tesco Red & Orange Roses Flowers Bouquet,£5.00,£5.00/each,null,vegetables,2024-11-05
Tesco Pink Roses Flowers Bouquet,£5.00,£5.00/each,null,vegetables,2024-11-05
Rose Bouquet (Yellow),£5.00,£5.00/each,null,vegetables,2024-11-05
Tesco Spray Carnations Flowers Bouquet,£3.00,£3.00/each,null,vegetables,2024-11-05
Tesco Pink Small Roses Flowers Bouquet,£3.00,£3.00/each,null,vegetables,2024-11-05
Tesco Yellow Small Roses Flowers Bouquet,£3.00,£3.00/each,null,vegetables,2024-11-05
Tesco Red & Orange Small Roses Flowers Bouquet,£3.00,£3.00/each,null,vegetables,2024-11-05
Tesco White Small Roses Flowers Bouquet,£3.00,£3.00/each,null,vegetables,2024-11-05
Tesco Mooli Each,null,null,null,vegetables,2024-11-05
Tesco Fire Pit Patatas Bravas 400G,£2.30,£5.75/kg,Any 3 for 2 Clubcard Price - Cheapest Product Free - Selected Vegetables 80g - 800g,vegetables,2024-11-05
Tesco Dudhi Each,£3.00,£3.00/each,null,vegetables,2024-11-05
Tesco Finest Rainbow Chard 200G,£1.60,£8.00/kg,null,vegetables,2024-11-05
Tesco Rocket Chillies 250G,£1.70,£0.07/10g,null,vegetables,2024-11-05
Tesco Okra 175G,£1.60,£9.14/kg,null,vegetables,2024-11-05
Fresh & Naked Spinach 125G,£1.20,£9.60/kg,null,vegetables,2024-11-05
Tesco Chantenay Carrots 400g,£1.00,£2.50/kg,80p Clubcard Price,vegetables,2024-11-05
Tesco Eddoes Loose,£0.28,£3.00/kg,null,vegetables,2024-11-05
Tesco 2 Baking Sweet Potatoes,£1.60,£0.80/each,null,vegetables,2024-11-05
Tesco Cauliflower Florets 240G,£1.00,£4.17/kg,Any 3 for 2 Clubcard Price - Cheapest Product Free - Selected Vegetables 80g - 800g,vegetables,2024-11-05
Tesco White Flesh Sweet Potatoes Loose,£0.60,£2.40/kg,null,vegetables,2024-11-05
Tesco Fresh Greens 500G,£0.80,£1.60/kg,null,vegetables,2024-11-05
Tesco Finest Purple Sprouting Broccoli 200g,£2.20,£11.00/kg,null,vegetables,2024-11-05
Tesco Cassava EACH,£2.00,£2.00/each,null,vegetables,2024-11-05
itsu restaurant ramen soba noodles 200g,£1.50,£7.50/kg,Save 1/3 £1.00 Clubcard Price,vegetables,2024-11-05
Itsu Restaurant Ramen Original Noodles 200G,£1.50,£7.50/kg,Save 1/3 £1.00 Clubcard Price,vegetables,2024-11-05
itsu restaurant ramen flat noodles 200g,£1.50,£7.50/kg,Save 1/3 £1.00 Clubcard Price,vegetables,2024-11-05
Tesco Egg Fried Rice 400g.,£2.00,£5.00/kg,null,vegetables,2024-11-05
Tesco Finest Extra Large Brown Onions 2 Pack,£1.40,£0.70/each,null,vegetables,2024-11-05
Tesco Finest Nemo Potatoes 2kg,£2.30,£1.15/kg,null,vegetables,2024-11-05
Tesco Sliced Leeks 200g,£0.95,£4.75/kg,null,vegetables,2024-11-05
Tesco Mangetout 180g,£1.40,£7.78/kg,null,vegetables,2024-11-05
Tesco Brussels Sprouts 500g,£0.95,£1.90/kg,null,vegetables,2024-11-05
Tesco Baking Potatoes 2kg,£1.70,£0.85/kg,null,vegetables,2024-11-05
Tesco Green Beans 220G,£0.85,£3.86/kg,null,vegetables,2024-11-05
Tesco Sugarsnap Peas 180g,£1.10,£6.11/kg,null,vegetables,2024-11-05
Cook Pronto Fresh Spanish Butterbean Stew Kit,£6.00,£6.00/each,null,vegetables,2024-11-05
Cook Pronto Fresh Malaysian Laksa Kit,£6.00,£6.00/each,null,vegetables,2024-11-05
Cook Pronto Fresh Tikka Curry Kit,£6.00,£6.00/each,null,vegetables,2024-11-05
Birds Eye Steamfresh Mediterranean Pasta With Veg and Tomato Sauce 400g,£3.50,£8.75/kg,Any 2 for £4.50 Clubcard Price - Selected Birds Eye Or Mccain Potato And Veg,vegetables,2024-11-05
Birds Eye Steamfresh Mushroom Tagliatelle with a Creamy Sauce 400g,£3.50,£8.75/kg,Any 2 for £4.50 Clubcard Price - Selected Birds Eye Or Mccain Potato And Veg,vegetables,2024-11-05
Root & Soul Aromatic Laksa Plant Pot 400g,£4.50,£11.25/kg,null,vegetables,2024-11-05
VEG TABLE Korean Style Sweet & Spicy Mix Veg 440g,£4.00,£9.09/kg,Any 3 for 2 Clubcard Price - Cheapest Product Free - Selected Vegetables 80g - 800g,vegetables,2024-11-05
Root & Soul Tamarind roasted sweet potato wedges with a coconut dhal 380g,£4.25,£11.18/kg,null,vegetables,2024-11-05
VEG TABLE Roasting Veg & Feta Fusion 400g,£4.00,£10.00/kg,Any 3 for 2 Clubcard Price - Cheapest Product Free - Selected Vegetables 80g - 800g,vegetables,2024-11-05
"Root & Soul Sumac roasted carrots with a tomato tagine, red onion & crumbled feta 380g",£4.25,£11.18/kg,null,vegetables,2024-11-05
Tesco Finest Green Vegetable Medley 220G,£3.00,£13.64/kg,Any 3 for 2 Clubcard Price - Cheapest Product Free - Selected Vegetables 80g - 800g,vegetables,2024-11-05
Tesco Onion Rings 200g,£2.50,£12.50/kg,Any 3 for 2 Clubcard Price - Cheapest Product Free - Selected Vegetables 80g - 800g,vegetables,2024-11-05
VEG TABLE Tex Mex Meal 380g,£4.00,£10.53/kg,Any 3 for 2 Clubcard Price - Cheapest Product Free - Selected Vegetables 80g - 800g,vegetables,2024-11-05
Tesco Chayote EACH,£0.80,£0.80/each,null,vegetables,2024-11-05
Tesco Green Vegetable Selection 250g,£2.00,£8.00/kg,Any 3 for 2 Clubcard Price - Cheapest Product Free - Selected Vegetables 80g - 800g,vegetables,2024-11-05
Tesco Root Vegetable Crinkle Cut Chips 500g,£1.75,£3.50/kg,Any 3 for 2 Clubcard Price - Cheapest Product Free - Selected Vegetables 80g - 800g,vegetables,2024-11-05
Tesco Baby Corn and Mangetout 190g,null,null,Any 3 for 2 Clubcard Price - Cheapest Product Free - Selected Vegetables 80g - 800g,vegetables,2024-11-05
Tesco Fire Pit Purple Sprouting Broccoli with Sweet Soy Glaze 210g,£2.50,£11.90/kg,Any 3 for 2 Clubcard Price - Cheapest Product Free - Selected Vegetables 80g - 800g,vegetables,2024-11-05
Tesco Carrot and Pea Duo 300g,£2.00,£6.67/kg,Any 3 for 2 Clubcard Price - Cheapest Product Free - Selected Vegetables 80g - 800g,vegetables,2024-11-05
"Tesco Peas, Sweetcorn & Carrot 395g",£2.10,£5.32/kg,Any 3 for 2 Clubcard Price - Cheapest Product Free - Selected Vegetables 80g - 800g,vegetables,2024-11-05
Tesco Moroccan Inspired Vegetable Mix 400g,£2.00,£5.00/kg,Any 3 for 2 Clubcard Price - Cheapest Product Free - Selected Vegetables 80g - 800g,vegetables,2024-11-05
Tesco Thai Inspired Vegetable Mix 400g,£2.00,£5.00/kg,Any 3 for 2 Clubcard Price - Cheapest Product Free - Selected Vegetables 80g - 800g,vegetables,2024-11-05
Tesco Casserole Vegetables 600G,£1.50,£2.50/kg,Any 3 for 2 Clubcard Price - Cheapest Product Free - Selected Vegetables 80g - 800g,vegetables,2024-11-05
Tesco Mediterranean Style Vegetables 400G,£2.00,£5.00/kg,Any 3 for 2 Clubcard Price - Cheapest Product Free - Selected Vegetables 80g - 800g,vegetables,2024-11-05
"Tesco Finest Petit Pois, Cavolo Nero & Fine Green Beans & Honey Butter 220g",£3.00,£13.64/kg,Any 3 for 2 Clubcard Price - Cheapest Product Free - Selected Vegetables 80g - 800g,vegetables,2024-11-05
"T. Fin* Brussels Sprouts, Cavolo Nero, Spring Greens 270g",£3.00,£11.11/kg,Any 3 for 2 Clubcard Price - Cheapest Product Free - Selected Vegetables 80g - 800g,vegetables,2024-11-05
Tesco Stir Fry Medley 190G,£2.25,£1.18/100g,Any 3 for 2 Clubcard Price - Cheapest Product Free - Selected Vegetables 80g - 800g,vegetables,2024-11-05
Tesco Finest Roasting Vegetables 300g,£3.00,£10.00/kg,Any 3 for 2 Clubcard Price - Cheapest Product Free - Selected Vegetables 80g - 800g,vegetables,2024-11-05
"Tesco Finest Chantenay Carrots, Ruby Beetroot & Red Onion 400g",£3.00,£7.50/kg,Any 3 for 2 Clubcard Price - Cheapest Product Free - Selected Vegetables 80g - 800g,vegetables,2024-11-05
"Tesco Carrot, Savoy Cabbage & Greens 205g",£2.00,£9.76/kg,Any 3 for 2 Clubcard Price - Cheapest Product Free - Selected Vegetables 80g - 800g,vegetables,2024-11-05
"Tesco Finest Petit Pois, Cavolo Nero & Tenderstem Broccoli with Salsa Verde 250g",£4.00,£16.00/kg,null,vegetables,2024-11-05
Tesco Chinese Style Salt & Pepper Chips 400g,£3.30,£8.25/kg,null,vegetables,2024-11-05
Tesco Finest Triple Cook Chips with Cornish Sea Salt 400g,£3.00,£7.50/kg,Any 3 for 2 Clubcard Price - Cheapest Product Free - Selected Vegetables 80g - 800g,vegetables,2024-11-05
Tesco Skin-on Chips with Piri Piri Seasoning 400g,£2.75,£6.88/kg,Any 3 for 2 Clubcard Price - Cheapest Product Free - Selected Vegetables 80g - 800g,vegetables,2024-11-05
Tesco Finest Golden-Baked Potato Dauphinoise 400g,£3.00,£7.50/kg,Any 3 for 2 Clubcard Price - Cheapest Product Free - Selected Vegetables 80g - 800g,vegetables,2024-11-05
Tesco Chips & Curry Sauce 350g,£2.75,£7.86/kg,Any 3 for 2 Clubcard Price - Cheapest Product Free - Selected Vegetables 80g - 800g,vegetables,2024-11-05
Tesco Tenderstem Broccoli & Mangetout Stir Fry 200g,£2.65,£13.25/kg,null,vegetables,2024-11-05
Tesco Finest Rarebit Dauphinoise Potatoes 400g,£4.00,£10.00/kg,null,vegetables,2024-11-05
Tesco Finest Exotic Mixed Mushrooms 150G,£2.00,£13.33/kg,null,vegetables,2024-11-05
Tesco Frites 300g,£2.50,£8.33/kg,Any 3 for 2 Clubcard Price - Cheapest Product Free - Selected Vegetables 80g - 800g,vegetables,2024-11-05
Tesco Sweet Peppers & Sugarsnap Peas Stir Fry 200g,£2.65,£13.25/kg,null,vegetables,2024-11-05
Tesco Fennel Each,£1.25,£1.25/each,null,vegetables,2024-11-05
Tesco Skinny Fries 500G,£1.50,£3.00/kg,Any 3 for 2 Clubcard Price - Cheapest Product Free - Selected Vegetables 80g - 800g,vegetables,2024-11-05
Tesco Potato Croquettes 220g,£2.00,£9.09/kg,Any 3 for 2 Clubcard Price - Cheapest Product Free - Selected Vegetables 80g - 800g,vegetables,2024-11-05
Tesco Smoked Paprika Potato Waffles 400g,£1.75,£4.38/kg,Any 3 for 2 Clubcard Price - Cheapest Product Free - Selected Vegetables 80g - 800g,vegetables,2024-11-05
Tesco Garlic and Herb Crinkle Cut Chips 500g,£1.75,£3.50/kg,Any 3 for 2 Clubcard Price - Cheapest Product Free - Selected Vegetables 80g - 800g,vegetables,2024-11-05
Tesco Potato Gratin 400g,£2.50,£6.25/kg,Any 3 for 2 Clubcard Price - Cheapest Product Free - Selected Vegetables 80g - 800g,vegetables,2024-11-05
Tesco 4 pack Garlic,£0.95,£0.24/each,null,vegetables,2024-11-05
Tesco Oven Chips 450g,£2.50,£5.56/kg,Any 3 for 2 Clubcard Price - Cheapest Product Free - Selected Vegetables 80g - 800g,vegetables,2024-11-05
Tesco Beansprout & Vegetable Stir Fry 570g,null,null,null,vegetables,2024-11-05
Tesco Finest Hasselback Potatoes Garlic Parsley Butter 450G,£2.50,£5.56/kg,Any 3 for 2 Clubcard Price - Cheapest Product Free - Selected Vegetables 80g - 800g,vegetables,2024-11-05
Tesco Celeriac Each,£1.55,£1.55/each,null,vegetables,2024-11-05
TESCO KING EDWARDS POTATOES 2KG,£1.70,£0.85/kg,null,vegetables,2024-11-05
Tesco Maris Piper Potatoes 2Kg,£1.79,£0.90/kg,null,vegetables,2024-11-05
TESCO RED POTATOES 2KG,£1.65,£0.82/kg,null,vegetables,2024-11-05
Tesco Asparagus 180G,£1.70,£9.44/kg,£1.50 Clubcard Price,vegetables,2024-11-05
itsu 8 gyoza dumplings chicken & spring onion 150g,£4.00,£26.67/kg,£3.50 Clubcard Price,vegetables,2024-11-05
itsu 8 gyoza dumplings vegetable festival 150g,£4.00,£26.67/kg,£3.50 Clubcard Price,vegetables,2024-11-05
Tesco Mushroom Stir Fry 320g,£1.50,£4.69/kg,null,vegetables,2024-11-05
Itsu Brilliant' Broth Chicken Ramen 500ml,£2.65,£5.30/litre,£2.15 Clubcard Price,vegetables,2024-11-05
itsu brilliant broth classic ramen 500ml,£2.65,£5.30/litre,£2.15 Clubcard Price,vegetables,2024-11-05
itsu brilliant broth miso ramen 500ml,£2.65,£5.30/litre,£2.15 Clubcard Price,vegetables,2024-11-05
Tesco Water Chestnuts & Bamboo Shoots Stir Fry 320g,£1.50,£4.69/kg,null,vegetables,2024-11-05
Tesco Vegetable Stir Fry 320g,£1.50,£4.69/kg,null,vegetables,2024-11-05
Tesco Sweet Chilli Stir Fry Sauce 165g,£1.15,£6.97/kg,null,vegetables,2024-11-05
Tesco Plum & Hoisin Stir Fry Sauce 165g,£1.15,£6.97/kg,null,vegetables,2024-11-05
Tesco Chow Mein Stir Fry Sauce 165g,null,null,null,vegetables,2024-11-05
Tesco Pepper Stir Fry 320g,£1.50,£4.69/kg,null,vegetables,2024-11-05
Tesco Teriyaki Stir Fry Sauce 165g,£1.15,£6.97/kg,null,vegetables,2024-11-05
Tesco Finest Samphire 90g,£1.60,£1.78/100g,null,vegetables,2024-11-05
Tesco Edamame & Tenderstem® Broccoli Stir Fry 320g,null,null,null,vegetables,2024-11-05
Tesco Large Vegetable Stir Fry 570g,£1.40,£2.46/kg,null,vegetables,2024-11-05
Tesco Plantain EACH,£0.75,£0.75/each,null,vegetables,2024-11-05
Tesco Sweet & Sour Stir Fry Sauce 165g,£1.15,£6.97/kg,null,vegetables,2024-11-05
Tesco Sugar Snap Peas And Sweet Chilli Dip 90G,null,null,Any 3 for 2 Clubcard Price - Cheapest Product Free - Selected Better Snacking,vegetables,2024-11-05
Tesco Carrot Batons Snack Pack 80g,£0.60,£7.50/kg,Any 3 for 2 Clubcard Price - Cheapest Product Free - Selected Better Snacking,vegetables,2024-11-05
Tesco Fresh Pickled Beetroot 300g,£0.95,£3.17/kg,null,vegetables,2024-11-05
Tesco Cucumber & Soured Cream & Chive Dip 120G,£1.75,£14.58/kg,Any 3 for 2 Clubcard Price - Cheapest Product Free - Selected Better Snacking,vegetables,2024-11-05
Tesco Red Peppers & Spicy Cheese Dip 120G,£1.75,£14.58/kg,Any 3 for 2 Clubcard Price - Cheapest Product Free - Selected Better Snacking,vegetables,2024-11-05
Tesco 6 Mini Garlic Stuffed Mushrooms 185g,£2.00,£10.81/kg,Any 3 for 2 Clubcard Price - Cheapest Product Free - Selected Vegetables 80g - 800g,vegetables,2024-11-05
Tesco Carrots & Satay Dip 120G,£1.75,£14.58/kg,Any 3 for 2 Clubcard Price - Cheapest Product Free - Selected Better Snacking,vegetables,2024-11-05
Do Goodly Chip Shop Curry Sauce 150g,£2.25,£1.50/100g,Save 1/3 £1.50 Clubcard Price,fresh_food_vegan,2024-11-05
Do Goodly Dips Roasted Red Pepper Dip 150G,£2.20,£1.47/100g,£1.50 Clubcard Price,fresh_food_vegan,2024-11-05
Do Goodly Dips Superstar Salsa 150G,£2.20,£1.47/100g,£1.50 Clubcard Price,fresh_food_vegan,2024-11-05
Beyond Burger Plant Based Patties 226G,£4.30,£19.03/kg,null,fresh_food_vegan,2024-11-05
The Tofoo Co. Naked Xl Extra Firm Organic Tofu 450G,£3.50,£7.78/kg,null,fresh_food_vegan,2024-11-05
The Vegetarian Butcher What the Cluck Vegan Chicken Chunks 160g,£3.15,£19.69/kg,null,fresh_food_vegan,2024-11-05
"Higgidy Spinach, Feta & Pine Nut Pie 250G",£4.30,£1.72/100g,null,fresh_food_vegan,2024-11-05
Tesco Finest 4 Vintage Cheddar & Caramelised Onion Rolls 188G,£2.95,£1.57/100g,null,fresh_food_vegan,2024-11-05
Cauldron Foods Lincolnshire Sausages 6 Pack 276G,£2.75,£9.96/kg,null,fresh_food_vegan,2024-11-05
The Meatless Farm Plant Based Mince 350G,£3.25,£9.29/kg,£2.75 Clubcard Price,fresh_food_vegan,2024-11-05
Violife Epic Cheddar Cheese Alternative 200g,£2.75,£13.75/kg,null,fresh_food_vegan,2024-11-05
"Quorn Meat Free Peppered Steaks 2 Pack, 196G",£3.25,£16.58/kg,£2.75 Clubcard Price,fresh_food_vegan,2024-11-05
Squeaky Bean Ready To Eat Deli Pastrami Sandwich Slice 90G,£2.85,£31.67/kg,null,fresh_food_vegan,2024-11-05
Cauldron Foods Tofu 396G,£2.75,£6.94/kg,null,fresh_food_vegan,2024-11-05
Cauldron Foods Tofu Pieces 160G,£2.75,£17.19/kg,null,fresh_food_vegan,2024-11-05
This Isn't Bacon Plant-Based Rashers 120G,£3.50,£29.17/kg,£2.95 Clubcard Price,fresh_food_vegan,2024-11-05
This Isn't Chicken Plant Based Pieces 170G,null,null,£2.95 Clubcard Price,fresh_food_vegan,2024-11-05
Quorn 3 Sausage Rolls 210G,£2.95,£1.40/100g,null,fresh_food_vegan,2024-11-05
Applewood Vegan Smoky Cheese Alternative 200G,£2.40,£12.00/kg,null,fresh_food_vegan,2024-11-05
The Vegetarian Butcher Impeckable Vegan Chicken Breast 180g,£3.15,£17.50/kg,£2.50 Clubcard Price,fresh_food_vegan,2024-11-05
Quorn Meat Free Mince 350G,£3.25,£9.29/kg,£2.75 Clubcard Price,fresh_food_vegan,2024-11-05
Violife Plant Based Cheddarton 200G,£2.75,£13.75/kg,null,fresh_food_vegan,2024-11-05
Quorn Mozzarella & Pesto Escalope 240G,£3.00,£12.50/kg,£2.50 Clubcard Price,fresh_food_vegan,2024-11-05
Quorn Sweet Chilli Bites 180G,£2.50,£1.39/100g,null,fresh_food_vegan,2024-11-05
Heck Meat Free 8 Chipolatas 300G,£2.00,£6.67/kg,null,fresh_food_vegan,2024-11-05
Quorn Vegan Pepperoni Slices 100G,£2.60,£26.00/kg,£2.25 Clubcard Price,fresh_food_vegan,2024-11-05
The Tofoo Co. Smoked Organic Tofu 225G,£2.75,£12.22/kg,£2.25 Clubcard Price,fresh_food_vegan,2024-11-05
The Tofoo Co Naked Tofu 280G,£2.30,£8.21/kg,null,fresh_food_vegan,2024-11-05
Vivera Veggie Greek Kebab 175G,£2.60,£14.86/kg,null,fresh_food_vegan,2024-11-05
Cauldron Foods Falafel 200G,£2.50,£12.50/kg,null,fresh_food_vegan,2024-11-05
Quorn Spinach And Red Pepper Slices 100G,£2.60,£26.00/kg,£2.25 Clubcard Price,fresh_food_vegan,2024-11-05
Free From Violife Cream Cheese Alternative 200G,£2.75,£13.75/kg,£2.00 Clubcard Price,fresh_food_vegan,2024-11-05
Vivera Veggie Mince 220G,£2.60,£11.82/kg,£2.00 Clubcard Price,fresh_food_vegan,2024-11-05
TESCO PLANT CHEF 2 NO-CHICKEN GARLIC KIEVS 270G,£2.50,£9.26/kg,null,fresh_food_vegan,2024-11-05
Pukka Vegan Minced Beef & Onion Pie,£2.00,£0.95/100g,Save 25% £1.50 Clubcard Price,fresh_food_vegan,2024-11-05
Vivera Shwarma Kebab 175G,null,null,£2.00 Clubcard Price,fresh_food_vegan,2024-11-05
Tesco Plant Chef 2 Meat Free Burgers 226G,£2.00,£8.85/kg,null,fresh_food_vegan,2024-11-05
Pukka Vegan Chicken & Mushroom Pie,£2.00,£0.95/100g,Save 25% £1.50 Clubcard Price,fresh_food_vegan,2024-11-05
Squeaky Bean Applewood Smoked Ham Style Slices 80G,£2.50,£31.25/kg,£1.75 Clubcard Price,fresh_food_vegan,2024-11-05
Quorn Vegan Chicken Free Slices 100G,£2.60,£26.00/kg,£1.85 Clubcard Price,fresh_food_vegan,2024-11-05
Ginsters Vegan Quorn Pasty 180G,£1.95,£1.08/100g,null,fresh_food_vegan,2024-11-05
Quorn Vegan Smoky Ham Free Slice 100G,£2.60,£2.60/100g,£1.85 Clubcard Price,fresh_food_vegan,2024-11-05
Wall's Vegan Jumbo Roll 120G,£1.25,£1.04/100g,null,fresh_food_vegan,2024-11-05
Tesco Plant Chef 2 Meat Free Sausages Rolls 120G,£1.00,£0.83/100g,null,fresh_food_vegan,2024-11-05
This Isn't Pork Plant-Based Onion Sausages 270G,£3.75,£13.89/kg,null,fresh_food_vegan,2024-11-05
Quorn Tikka Masala With Rice 400G,£3.50,£8.75/kg,null,fresh_food_vegan,2024-11-05
This Isn't Pork Plant Based Sausages 270G,£3.75,£13.89/kg,£3.15 Clubcard Price,fresh_food_vegan,2024-11-05
Cauldron 6 Cumberland Sausages 276G,£2.75,£9.96/kg,null,fresh_food_vegan,2024-11-05
Squeaky Bean Chargrilled Mini Fillets Memphis Bbq 120G,£3.25,£27.08/kg,null,fresh_food_vegan,2024-11-05
Violife Vegan Greek White Block 230G,£3.00,£13.04/kg,null,fresh_food_vegan,2024-11-05
This Isn't Beef Plant Based Burgers 226G,£3.75,£16.59/kg,£2.95 Clubcard Price,fresh_food_vegan,2024-11-05
Bol Spanish Smoky Butter Bean Stew Power Pot 450G,£3.25,£7.22/kg,null,fresh_food_vegan,2024-11-05
Bol Creamy Coconut Turmeric Daal Power Pot 450G,£3.25,£7.22/kg,null,fresh_food_vegan,2024-11-05
Vivera Veggie Bacon Pieces 175G,£2.90,£16.57/kg,null,fresh_food_vegan,2024-11-05
Higgidy Porcini Mushroom & Spinach Vegan Rolls 160G,£3.40,£2.12/100g,null,fresh_food_vegan,2024-11-05
Cauldron Hoisin Tofu Pieces 160G,£2.75,£17.19/kg,null,fresh_food_vegan,2024-11-05
The Tofoo Co. Organic Scrambled Tofu 200G,£2.75,£13.75/kg,null,fresh_food_vegan,2024-11-05
Higgidy Vegetable Samosa Vegan Rolls 160G,£3.40,£2.12/100g,null,fresh_food_vegan,2024-11-05
Bol Posh Noodles Thai Green 345G,£3.40,£9.86/kg,null,fresh_food_vegan,2024-11-05
Quorn Lasagne 380G,£3.50,£9.21/kg,null,fresh_food_vegan,2024-11-05
Bol Posh Noodles Malaysian Laksa Ramen 345G,£3.40,£9.86/kg,null,fresh_food_vegan,2024-11-05
Gu Free From Zillionaires Cheesecake 2X91.5G,£3.95,£2.16/100g,Save 25% £2.95 Clubcard Price,fresh_food_vegan,2024-11-05
Gu Free From Salted Caramel Cheesecake 2 X 83G,£3.95,£2.38/100g,Save 25% £2.95 Clubcard Price,fresh_food_vegan,2024-11-05
Gu Free From Chocolate & Vanilla Cheesecake 2X82g,£3.95,£2.41/100g,Save 25% £2.95 Clubcard Price,fresh_food_vegan,2024-11-05
Quorn Garlic & Herb Bites 180G,£2.50,£13.89/kg,null,fresh_food_vegan,2024-11-05
Squeaky Bean Chargrilled Mini Fillets Cajun 120G,£3.25,£27.08/kg,£2.75 Clubcard Price,fresh_food_vegan,2024-11-05
The Coconut Collaborative Chocolate & Cream Dairy Free Dessert 4X60g,£2.95,£1.23/100g,Save 25% £2.20 Clubcard Price,fresh_food_vegan,2024-11-05
Tofoo Co Tempeh 200G,null,null,£2.25 Clubcard Price,fresh_food_vegan,2024-11-05
Quorn Vegan Roast Beef Style Slices 105G,£2.60,£2.48/100g,null,fresh_food_vegan,2024-11-05
Quorn Vegan Finely Sliced Ham Style Slices 120G,£2.60,£21.67/kg,null,fresh_food_vegan,2024-11-05
Richmond Meat Free Vegan No Beef Mince 245G,£2.00,£8.16/kg,null,fresh_food_vegan,2024-11-05
Rustlers Meatless Maverik Classic Burger 196G,£2.00,£10.20/kg,null,fresh_food_vegan,2024-11-05
Tesco Plant Chef Margherita Pizza 269G,£3.15,£1.17/100g,null,fresh_food_vegan,2024-11-05
Rustlers Meatless Chick Un Fillet 162G,£2.00,£12.35/kg,null,fresh_food_vegan,2024-11-05
Peperami Vegerami Sticks 3 X 20G,£1.75,£29.17/kg,null,fresh_food_vegan,2024-11-05
Tesco Plant Chef Mushroom Pizza 289G,null,null,null,fresh_food_vegan,2024-11-05
Ginster Pasty Bombay Potato & Spinach 180G,£1.95,£1.08/100g,null,fresh_food_vegan,2024-11-05
Ginsters Vegan Moroccan Vegetable Pasty 180G,£1.95,£1.08/100g,null,fresh_food_vegan,2024-11-05
Tesco Plant Chef 12 Meat Free Balls 336G,£2.30,£6.84/kg,null,fresh_food_vegan,2024-11-05
TESCO PLANT CHEF CRISPY NO-CHICKEN NUGGETS 180G,£1.70,£9.44/kg,null,fresh_food_vegan,2024-11-05
Fridge Raiders Meat Free Slow Roasted Tasty Bites 60G,£1.50,£2.50/100g,null,fresh_food_vegan,2024-11-05
Squeaky Bean Chargrilled Steak Strips 120G,£3.25,£27.08/kg,null,fresh_food_vegan,2024-11-05
The Tofoo Co. Sriracha Tofu 280G,£2.85,£10.18/kg,null,fresh_food_vegan,2024-11-05
Squeaky Bean Ready To Eat Sweet Smokey Bbq Chicken Style Pieces 130G,£3.00,£3.00/each,null,fresh_food_vegan,2024-11-05
Higgidy 8 Spinach & Red Pepper Mini Vegan Muffins 160G,£3.85,£2.41/100g,null,fresh_food_vegan,2024-11-05
Gosh Falafacini with Basil Pesto 240g,£3.50,£1.46/100g,null,fresh_food_vegan,2024-11-05
Squeaky Bean Tuna Style Flakes 120g,£3.00,£2.50/100g,null,fresh_food_vegan,2024-11-05
Quorn 12 Picnic Eggs 240g,£2.95,£1.23/100g,null,fresh_food_vegan,2024-11-05
Bol Posh Noodles Korean Chilli Ramen 345G,£3.40,£9.86/kg,null,fresh_food_vegan,2024-11-05
Quorn 24 Cocktail Sausages 240g,£2.95,£1.23/100g,null,fresh_food_vegan,2024-11-05
Better Nature Organic Tempeh 200G,£2.70,£13.50/kg,null,fresh_food_vegan,2024-11-05
Quorn Sweet Chilli Fillets 138g,£3.00,£21.74/kg,null,fresh_food_vegan,2024-11-05
Quorn Mini Fillets Fajita 138g,£3.00,£2.17/100g,null,fresh_food_vegan,2024-11-05
Squeaky Bean Smoked beechwood Salmon Style Slices 80g,£3.25,£4.06/100g,null,fresh_food_vegan,2024-11-05
Gosh Beetroot Falafel Red Pepper & Chilli 266G,£3.10,£1.16/100g,£2.50 Clubcard Price,fresh_food_vegan,2024-11-05
Vivera Plant Salmon Style Fillets 2X100g,£3.50,£17.50/kg,£2.50 Clubcard Price,fresh_food_vegan,2024-11-05
Wall's 4 Vegan Sausage Rolls 220g,£2.20,£1.00/100g,null,fresh_food_vegan,2024-11-05
Quorn Roast Mini Fillets 138g,£3.00,£2.17/100g,null,fresh_food_vegan,2024-11-05
Vivera Plant Spinach Fillet with Vegan Cheese Alternative 200g,£2.60,£13.00/kg,null,fresh_food_vegan,2024-11-05
La Vie Plant-based Smoked Ham 100g,£3.00,£3.00/100g,Save 25% £2.25 Clubcard Price,fresh_food_vegan,2024-11-05
La Vie Plant-based Plain Ham 100g,£3.00,£3.00/100g,Save 25% £2.25 Clubcard Price,fresh_food_vegan,2024-11-05
Gosh Sweet Potato Pakora With Red Pepper 171G,£2.20,£12.86/kg,£1.70 Clubcard Price,fresh_food_vegan,2024-11-05
Gosh Mediterranean Falafel 171G,£2.20,£12.86/kg,£1.70 Clubcard Price,fresh_food_vegan,2024-11-05
The Tofoo Co. Original Seitan 225g,£2.50,£11.11/kg,£2.00 Clubcard Price,fresh_food_vegan,2024-11-05
Gosh Moroccan Spiced Falafel 171G,£2.20,£12.86/kg,£1.70 Clubcard Price,fresh_food_vegan,2024-11-05
Richmond Meat Free Vegan Roast Chicken Style Slices 90G,£2.00,£2.22/100g,null,fresh_food_vegan,2024-11-05
Richmond Meat Free Vegan 6 Honey Roasted Style Slices 90G,£2.00,£2.22/100g,null,fresh_food_vegan,2024-11-05
Tesco Plant Chef Organic Firm Tofu 399g,£1.95,£6.50/kg DR.WT,null,fresh_food_vegan,2024-11-05
Fridge Raiders Meat-Free Vegan Southern Style Tasty Bites 60g,£1.50,£2.50/100g,null,fresh_food_vegan,2024-11-05
Cauldron Extra Firm Tofu 220g,£2.00,£9.09/kg,Save 25% £1.50 Clubcard Price,fresh_food_vegan,2024-11-05
Peperami Vegerami Hot 3 pack 3x20g,£1.75,£2.92/100g,null,fresh_food_vegan,2024-11-05
Pukka Vegan Sausage Roll 130G,£1.75,£1.35/100g,null,fresh_food_vegan,2024-11-05
Tesco Plant Chef 6 Leek & Mushroom Meat Free Bangers 300G,£2.30,£7.67/kg,null,fresh_food_vegan,2024-11-05
Quorn 14 Cocktail Sausages 140g,£1.95,£1.39/100g,£1.25 Clubcard Price,fresh_food_vegan,2024-11-05
Quorn 7 Picnic Eggs 140g,£1.95,£1.39/100g,£1.25 Clubcard Price,fresh_food_vegan,2024-11-05
Tesco Plant Chef Organic Smoked Tofu 399g,£2.50,£6.27/kg DR.WT,null,fresh_food_vegan,2024-11-05
Tesco Plant Chef Cauliflower Tikka slice 150g,£1.50,£1.00/100g,null,fresh_food_vegan,2024-11-05
Tesco Plant Chef Meat Free Spaghetti Bolognese 400G,£3.50,£8.75/kg,null,fresh_food_vegan,2024-11-05
Tesco Plant Chef Bean Chilli & Mexican Style Rice 400g,£3.50,£8.75/kg,null,fresh_food_vegan,2024-11-05
Root & Soul Aromatic Laksa Plant Pot 400g,£4.50,£11.25/kg,null,fresh_food_vegan,2024-11-05
Tesco Free From Coconut Oil Alternative to Mature Cheddar 200g,£2.60,£13.00/kg,null,fresh_food_vegan,2024-11-05
BOL Texan Smoky BBQ Beans One Pot Meal 450g,£3.25,£7.22/kg,null,fresh_food_vegan,2024-11-05
Bol Middle Eastern Harissa Stew Pot 450G,£3.25,£7.22/kg,null,fresh_food_vegan,2024-11-05
Bol Thai Massaman Curry Pot 450G,£3.25,£7.22/kg,null,fresh_food_vegan,2024-11-05
The Coconut Collab White Chocolate Pots 4x45g,£2.95,£1.64/100g,null,fresh_food_vegan,2024-11-05
Tesco Free From Coconut Oil Alternative to Grated Mozzarella 200g,£2.60,£13.00/kg,null,fresh_food_vegan,2024-11-05
Root & Soul Tamarind roasted sweet potato wedges with a coconut dhal 380g,£4.25,£11.18/kg,null,fresh_food_vegan,2024-11-05
Better Nature Smoky Tempeh 220g,£3.00,£13.64/kg,null,fresh_food_vegan,2024-11-05
Richmond 8 Meat Free Vegan Sausages 304G,£2.40,£7.90/kg,null,fresh_food_vegan,2024-11-05
Violife Cheddarton Extra Mature 200g,£2.75,£13.75/kg,null,fresh_food_vegan,2024-11-05
Tesco Free From Coconut Oil Alternative to Soft Cheese 150g,£2.00,£13.33/kg,null,fresh_food_vegan,2024-11-05
Muller Corner Plant Based Yoghurt Crunchy Chocolate Balls 125g,£1.35,£10.80/kg,Save 25% £1.00 Clubcard Price,fresh_food_vegan,2024-11-05
Tesco Free From Coconut Oil Alternative to Garlic and Herb Soft Cheese 150g,£2.00,£13.33/kg,null,fresh_food_vegan,2024-11-05
Muller Corner Plant Based Yoghurt Strawberry & Pomegranate 136g,£1.35,£9.93/kg,Save 25% £1.00 Clubcard Price,fresh_food_vegan,2024-11-05
Richmond 8 Meat Free Sage & Onion Flavour Sausages 304G,£2.30,£7.57/kg,null,fresh_food_vegan,2024-11-05
Wicked Kitchen Hot Burrito,£3.35,£3.35/each,null,fresh_food_vegan,2024-11-05
Pork Farms 4pk Vegan Pork Pies 260g,£3.00,£1.15/100g,null,fresh_food_vegan,2024-11-05
Philadelphia Vegan Almond & Oat Soft Cream Cheese Alternative 145G,£2.75,£18.97/kg,£2.00 Clubcard Price,fresh_food_vegan,2024-11-05
Squeaky Bean Cooking Chorizo Style Sausage 100G,£3.00,£30.00/kg,£2.60 Clubcard Price,fresh_food_vegan,2024-11-05
Violife Vegan Creamy with Garlic & Herbs 150g,£2.75,£18.33/kg,£2.00 Clubcard Price,fresh_food_vegan,2024-11-05
Better Nature Mediterranean Tempeh Pieces 180g,£2.70,£15.00/kg,£2.20 Clubcard Price,fresh_food_vegan,2024-11-05
Planted Chicken Lemon & Herb 160g,£3.00,£18.75/kg,Save 1/3 £2.00 Clubcard Price,fresh_food_vegan,2024-11-05
Violife Original Slices Vegan Cheese Alternative 175g,£2.50,£14.29/kg,£1.75 Clubcard Price,fresh_food_vegan,2024-11-05
Oddly Good Dreamy Berries Dessert 130g,£1.60,£12.31/kg,null,fresh_food_vegan,2024-11-05
Violife Original Grated Vegan Cheese Alternative 175g,£2.50,£14.29/kg,£1.75 Clubcard Price,fresh_food_vegan,2024-11-05
Wicked Kitchen 6 Chorizo Style Bangers 350g,£3.50,£10.00/kg,£2.80 Clubcard Price,fresh_food_vegan,2024-11-05
Oddly Good Plant-Based Dreamy Lemon Dessert 130G,£1.60,£1.23/100g,null,fresh_food_vegan,2024-11-05
Quorn Veggie Ham 100g,£1.90,£1.90/100g,null,fresh_food_vegan,2024-11-05
Oddly Good Dreamy Caramel Dessert 130G,£1.60,£12.31/kg,null,fresh_food_vegan,2024-11-05
Pukka Vegan No Steak Pie,£2.00,£2.00/each,Save 25% £1.50 Clubcard Price,fresh_food_vegan,2024-11-05
Tesco Plant Chef 6 Caramelised Onion Meat-Free Bangers 300g,null,null,null,fresh_food_vegan,2024-11-05
Tesco Plant Chef 6 Cumberland Style Meat-Free Bangers 300g,£2.30,£7.67/kg,null,fresh_food_vegan,2024-11-05
The Coconut Collab Chocolate & Caramel Dessert 110g,£1.50,£1.36/100g,£1.25 Clubcard Price,fresh_food_vegan,2024-11-05
Tesco Plant Chef Steak Free Slices 150g,£1.50,£1.00/100g,null,fresh_food_vegan,2024-11-05
TESCO PLANT CHEF FISH-FREE GOUJONS 250G,£2.10,£8.40/kg,null,fresh_food_vegan,2024-11-05
This Isnt Roast Chicken & Stuffing 325G,£5.95,£18.31/kg,null,fresh_food_vegan,2024-11-05
Tesco Plant Chef Mushroom Fettucine Pasta 380g,£3.50,£9.21/kg,null,fresh_food_vegan,2024-11-05
Tesco Plant Chef Vegetable Tikka Masala with Rice & Peas 400g,£3.50,£8.75/kg,null,fresh_food_vegan,2024-11-05
Tesco Plant Chef Sweet Potato Katsu Style Curry 380G,£3.50,£9.21/kg,null,fresh_food_vegan,2024-11-05
Quorn Korma with Rice 400g,£3.50,£8.75/kg,null,fresh_food_vegan,2024-11-05
THIS Isn't Chicken Breast 180g,£3.50,£19.44/kg,null,fresh_food_vegan,2024-11-05
Happiee! Plant-Based Shrimpiee 180g,£3.50,£19.44/kg,null,fresh_food_vegan,2024-11-05
Tesco Plant Chef Sweet & Sour No-Chicken & Rice 400g,£3.50,£8.75/kg,null,fresh_food_vegan,2024-11-05
Happiee! Plant-Based Breaded Shrimpiee 180g,£3.50,£19.44/kg,null,fresh_food_vegan,2024-11-05
Planted 2 Chicken Tikka Skewers 200g,£4.00,£20.00/kg,Save 25% £3.00 Clubcard Price,fresh_food_vegan,2024-11-05
THIS Isn't Chicken Plant Based Thighs 220g,£3.95,£17.96/kg,£3.15 Clubcard Price,fresh_food_vegan,2024-11-05
Wicked Kitchen Mac 2.0 375g,£4.20,£11.20/kg,null,fresh_food_vegan,2024-11-05
Wicked Kitchen Spinach & Garlic Ravioli 250g,£3.00,£1.20/100g,null,fresh_food_vegan,2024-11-05
Wicked Kitchen Aubergine Parmigiana Ravioli 250g,£3.00,£1.20/100g,null,fresh_food_vegan,2024-11-05
Richmond 8 Meat Free Vegan Streaky Bacon 120G,£2.30,£19.17/kg,null,fresh_food_vegan,2024-11-05
La Vie Plant-Based Smoked Bacon 120g,£3.50,£29.17/kg,£2.50 Clubcard Price,fresh_food_vegan,2024-11-05
Richmond 6 Meat Free Vegan Bacon Rashers 120G,£2.30,£19.17/kg,null,fresh_food_vegan,2024-11-05
Vivera Plant Veggie Balls 200g,£2.60,£13.00/kg,null,fresh_food_vegan,2024-11-05
La Vie Plant-based Smoked Bacon Lardons 150g,£3.50,£23.33/kg,£2.50 Clubcard Price,fresh_food_vegan,2024-11-05
Wicked Kitchen 12 Italian Inspired Amazeballs 336g,£3.30,£9.82/kg,£2.60 Clubcard Price,fresh_food_vegan,2024-11-05
Quorn Veggie Turkey & Stuffing 100g,£1.90,£1.90/100g,null,fresh_food_vegan,2024-11-05
Vivera Plant Veggie Burgers 200g,£2.60,£13.00/kg,£2.00 Clubcard Price,fresh_food_vegan,2024-11-05
Planted Duck Hoisin 160g,£3.00,£18.75/kg,Save 1/3 £2.00 Clubcard Price,fresh_food_vegan,2024-11-05
Do Goodly Chip Shop Curry Sauce 150g,£2.25,£1.50/100g,Save 1/3 £1.50 Clubcard Price,fresh_food_vegan,2024-11-05
Wicked Kitchen All Day Mexican Inspired Breakfast Wrap,£3.35,£3.35/each,null,fresh_food_vegan,2024-11-05
Tesco Plant Chef 2 Mexican Inspired Bean Burgers 226g,£2.10,£9.29/kg,null,fresh_food_vegan,2024-11-05
Do Goodly Dips Roasted Red Pepper Dip 150G,£2.20,£1.47/100g,£1.50 Clubcard Price,fresh_food_vegan,2024-11-05
Do Goodly Dips Superstar Salsa 150G,£2.20,£1.47/100g,£1.50 Clubcard Price,fresh_food_vegan,2024-11-05
Flora Buttery Spread with Natural Ingredients 450G,£1.65,£3.67/kg,£1.45 Clubcard Price,milk_butter_eggs,2024-11-05
Starbucks Protein Drink Caffe Latte 330ml,£2.75,£0.83/100ml,null,milk_butter_eggs,2024-11-05
Starbucks Protein Drink Caramel Hazelnut 330ml,£2.75,£0.83/100ml,null,milk_butter_eggs,2024-11-05
Tesco British Semi Skimmed Longlife Uht Milk 1 Litre,£1.30,£1.30/litre,null,milk_butter_eggs,2024-11-05
Oatly Barista Edition Oat Long Life Drink 1L,£2.10,£2.10/litre,null,milk_butter_eggs,2024-11-05
Lurpak Slightly Salted Spreadable 500G,£4.90,£9.80/kg,null,milk_butter_eggs,2024-11-05
Tesco Large Free Range Eggs 12 Pack,£3.15,£0.26/each,null,milk_butter_eggs,2024-11-05
Tesco British Double Cream 600Ml,£2.30,£0.38/100ml,null,milk_butter_eggs,2024-11-05
Biocol Skimmed Milk 1 Litre,£1.80,£1.80/litre,null,milk_butter_eggs,2024-11-05
Tesco Large Free Range Eggs 6 Pack,£1.95,£0.32/each,null,milk_butter_eggs,2024-11-05
Tesco Medium Free Range Eggs 12 Pack,£2.65,£0.22/each,null,milk_butter_eggs,2024-11-05
Tesco British Double Cream 300Ml,£1.35,£0.45/100ml,null,milk_butter_eggs,2024-11-05
"Tesco British Skimmed Milk 1.136L, 2 Pints",£1.20,£1.06/litre,null,milk_butter_eggs,2024-11-05
Tesco Filtered Semi Skimmed Milk 2 Litre,£1.90,£0.95/litre,null,milk_butter_eggs,2024-11-05
"Tesco British Semi Skimmed Milk 1.13L, 2 Pints",£1.20,£1.06/litre,null,milk_butter_eggs,2024-11-05
Tesco Medium Free Range Eggs 6 Pack,£1.60,£0.27/each,null,milk_butter_eggs,2024-11-05
Cravendale Filtered Fresh Semi Skimmed Milk 2L Fresher for Longer,£2.70,£1.35/litre,Any 2 for £4 Clubcard Price - Selected Dairy Products 2 Litre,milk_butter_eggs,2024-11-05
"Tesco British Whole Milk 1.13L, 2 Pints",£1.20,£1.06/litre,null,milk_butter_eggs,2024-11-05
Elmlea Double Alternative To Cream 270Ml,£1.05,£0.39/100ml,null,milk_butter_eggs,2024-11-05
Dale Farm Butter Milk 568Ml,£0.80,£1.41/litre,null,milk_butter_eggs,2024-11-05
"Tesco British Skimmed Milk 2.272L, 4 Pints",£1.45,£0.64/litre,null,milk_butter_eggs,2024-11-05
"Tesco British Semi Skimmed Milk 2.272L, 4 Pints",£1.45,£0.64/litre,null,milk_butter_eggs,2024-11-05
"Tesco British Whole Milk 2.272L, 4 Pints",£1.45,£0.64/litre,null,milk_butter_eggs,2024-11-05
Growers Harvest Unsweetened Soya Drink 1L,£0.50,£0.50/litre,null,milk_butter_eggs,2024-11-05
Tesco British Skimmed Longlife Uht Milk 1 Litre,£1.30,£1.30/litre,null,milk_butter_eggs,2024-11-05
Big & Fresh Barn Eggs 10 Large,£2.75,£0.28/each,null,milk_butter_eggs,2024-11-05
Tesco Free Range Eggs Very Large 6 Pack,£2.25,£0.38/each,null,milk_butter_eggs,2024-11-05
St.Ewe Rich Yolk Free Range Eggs 6 Pack,£2.50,£2.50/each,null,milk_butter_eggs,2024-11-05
Cravendale Filtered Fresh Semi Skimmed Milk 1L Fresher for Longer,£1.75,£1.75/litre,null,milk_butter_eggs,2024-11-05
Jus-Rol Puff Pastry Ready Rolled Sheet 320G,£1.75,£5.47/kg,null,milk_butter_eggs,2024-11-05
Arla LactoFREE Semi Skimmed Milk Drink 1L,£1.85,£1.85/litre,null,milk_butter_eggs,2024-11-05
Tesco Extra Thick Double Cream 300Ml,£1.70,£0.57/100ml,null,milk_butter_eggs,2024-11-05
Clover Original Spread 500G,£2.45,£4.90/kg,null,milk_butter_eggs,2024-11-05
St Ewes 6 Medium Free Range Eggs,£2.20,£0.37/each,null,milk_butter_eggs,2024-11-05
Tesco British Single Cream 300Ml,£1.20,£0.40/100ml,null,milk_butter_eggs,2024-11-05
Creamfields Uht Skimmed Milk 1 Litre,£0.69,£0.69/litre,null,milk_butter_eggs,2024-11-05
Tesco Organic British Semi Skimmed Milk 2.272L/4 Pints,£2.15,£0.95/litre,null,milk_butter_eggs,2024-11-05
Arla Bob Skimmed Milk 2 Litre,£2.65,£1.32/litre,Any 2 for £4 Clubcard Price - Selected Dairy Products 2 Litre,milk_butter_eggs,2024-11-05
Tesco Longlife Almond Drink Unsweetened 1Ltr,£1.25,£1.25/litre,null,milk_butter_eggs,2024-11-05
Flora Buttery Spread with Natural Ingredients 450G,£1.65,£3.67/kg,£1.45 Clubcard Price,milk_butter_eggs,2024-11-05
Cravendale Filtered Fresh Whole Milk 2L Fresher for Longer,£2.70,£1.35/litre,Any 2 for £4 Clubcard Price - Selected Dairy Products 2 Litre,milk_butter_eggs,2024-11-05
Creamfields Uht Semi Skimmed Milk 1 Litre,£0.69,£0.69/litre,null,milk_butter_eggs,2024-11-05
"Tesco British Semi Skimmed Milk 568 Ml, 1 Pint",£0.85,£1.50/litre,null,milk_butter_eggs,2024-11-05
Tesco 50% Less Fat Creme Fraiche 300Ml,£0.85,£0.28/100ml,null,milk_butter_eggs,2024-11-05
Tesco British Soured Cream 150Ml,£0.75,£0.50/100ml,null,milk_butter_eggs,2024-11-05
Tesco Lactose Free Semi Skimmed Dairy Drink 1Ltr,£0.99,£0.99/litre,null,milk_butter_eggs,2024-11-05
Tesco Soured Cream 300Ml,£0.99,£0.33/100ml,null,milk_butter_eggs,2024-11-05
Creamfields Double Cream 300Ml,£1.05,£0.35/100ml,null,milk_butter_eggs,2024-11-05
Tesco 15 British Mixed Weight Eggs,£1.99,£0.13/each,null,milk_butter_eggs,2024-11-05
Tesco Butterpak Salted Spreadable 500G,£2.09,£4.18/kg,null,milk_butter_eggs,2024-11-05
Lurpak Slightly Salted Spreadable Blend of Butter and Rapeseed Oil 400g,£4.00,£10.00/kg,null,milk_butter_eggs,2024-11-05
Lurpak Lighter Spreadable Butter Rapeseed Oil 400G,£4.00,£10.00/kg,null,milk_butter_eggs,2024-11-05
Lurpak Unsalted Spreadable Blend of Butter and Rapeseed Oil 400g,£4.00,£10.00/kg,null,milk_butter_eggs,2024-11-05
Tesco British Whole Milk Longlife Uht 1 Litre,£1.30,£1.30/litre,null,milk_butter_eggs,2024-11-05
Country Life Original Salted Spreadable 500G,£3.75,£7.50/kg,null,milk_butter_eggs,2024-11-05
Happy Egg Free Range Eggs Large 6 Pack,£2.80,£0.47/each,null,milk_butter_eggs,2024-11-05
Yeo Valley Organic Salted Butter 200g,null,null,null,milk_butter_eggs,2024-11-05
Tesco Mixed Sized Organic Eggs 6 Pack,£2.80,£0.47/each,null,milk_butter_eggs,2024-11-05
Tesco Longlife Soya Drink Sweetened 1Ltr,£1.25,£1.25/litre,null,milk_butter_eggs,2024-11-05
Anchor Spreadable Blend of Butter and Rapeseed Oil 400g,£3.75,£9.38/kg,£3.00 Clubcard Price,milk_butter_eggs,2024-11-05
Anchor Lighter Spreadable Blend of Butter and Rapeseed Oil 400g,£3.75,£9.38/kg,£3.00 Clubcard Price,milk_butter_eggs,2024-11-05
Tesco British Single Cream 600Ml,£2.00,£0.33/100ml,null,milk_butter_eggs,2024-11-05
Yeo Valley Organic Spreadable Blend of Butter and Rapeseed Oil 400g,£3.70,£9.25/kg,£3.00 Clubcard Price,milk_butter_eggs,2024-11-05
Oatly Whole Oat Chilled Drink 1L,£2.10,£2.10/litre,null,milk_butter_eggs,2024-11-05
Oatly Semi Oat Chilled Drink 1L,£2.10,£2.10/litre,null,milk_butter_eggs,2024-11-05
Happy Egg Free Range Eggs Medium 6 Pack,£2.15,£0.36/each,null,milk_butter_eggs,2024-11-05
ProActiv Buttery Taste Spread 250G,£2.50,£10.00/kg,null,milk_butter_eggs,2024-11-05
Happy Egg Co. Free Range Eggs 10 Mixed Weight,£3.25,£0.32/each,£2.90 Clubcard Price,milk_butter_eggs,2024-11-05
Clover Light Spread 500 G,£2.45,£4.90/kg,null,milk_butter_eggs,2024-11-05
Vitalite Dairy Free Spread 500G,£2.25,£4.50/kg,null,milk_butter_eggs,2024-11-05
St Ewe Super Eggs 6 Pack,£2.50,£0.42/each,null,milk_butter_eggs,2024-11-05
Trewithen Salted Block Butter 250G,£2.90,£11.60/kg,null,milk_butter_eggs,2024-11-05
Tesco Reduced Fat Butterpak Spreadable 500G,£2.09,£4.18/kg,null,milk_butter_eggs,2024-11-05
Flora Original Spread with Natural Ingredients 450G,£1.65,£3.67/kg,£1.45 Clubcard Price,milk_butter_eggs,2024-11-05
Tesco Organic British Whole Milk 2.272L/4 Pints,£2.15,£0.95/litre,null,milk_butter_eggs,2024-11-05
Elmlea Single Alternative To Cream 270Ml,£1.05,£0.39/100ml,null,milk_butter_eggs,2024-11-05
Cravendale Filtered Fresh Skimmed Milk 2L Fresher for Longer,£2.70,£1.35/litre,Any 2 for £4 Clubcard Price - Selected Dairy Products 2 Litre,milk_butter_eggs,2024-11-05
"Tesco British Whole Milk 568Ml, 1 Pint",£0.85,£1.50/litre,null,milk_butter_eggs,2024-11-05
Tesco British Creme Fraiche 300Ml,null,null,null,milk_butter_eggs,2024-11-05
Tesco British Spreadable Salted 500G,£2.09,£4.18/kg,null,milk_butter_eggs,2024-11-05
Stockwell & Co. Lard 250G,£0.50,£2.00/kg,null,milk_butter_eggs,2024-11-05
Tesco British Semi Skimmed Uht Milk 6 X 1 Litre,£6.20,£1.03/litre,null,milk_butter_eggs,2024-11-05
Freshlay Golden Yolks Free Range Eggs 10 Pack 540G,£4.10,£0.41/each,null,milk_butter_eggs,2024-11-05
Alpro Soya Growing Up Long Life Dairy Free Drink 1-3+ Years 1L,£2.00,£2.00/litre,null,milk_butter_eggs,2024-11-05
Purely Organic Eggs Mixed Weight 10 Pack,£4.60,£0.46/each,null,milk_butter_eggs,2024-11-05
Lurpak Slightly Salted Spreadable Blend of Butter and Rapeseed Oil 250g,£3.10,£12.40/kg,null,milk_butter_eggs,2024-11-05
Tesco Longlife Soya Drink Unsweetened 1Ltr,£1.25,£1.25/litre,null,milk_butter_eggs,2024-11-05
Tesco Goose Fat 220G,£3.00,£13.64/kg,null,milk_butter_eggs,2024-11-05
Bertolli Original Spread 450G,£2.85,£6.33/kg,null,milk_butter_eggs,2024-11-05
Tesco Finest West Country Butter & Sea Salt 250G,£2.60,£10.40/kg,null,milk_butter_eggs,2024-11-05
Tesco Finest 6 Free Range Chestnut Maran Eggs,£2.65,£0.44/each,null,milk_butter_eggs,2024-11-05
Flora Buttery Spread with Natural Ingredients 1KG,£4.60,£4.60/kg,Save 1/3 £3.00 Clubcard Price,milk_butter_eggs,2024-11-05
Tesco Finest 6 Free Range Bluebell Araucana Eggs,£2.65,£0.44/each,null,milk_butter_eggs,2024-11-05
Alpro Almond No Sugar Long Life Dairy Free Drink 1L,£2.00,£2.00/litre,null,milk_butter_eggs,2024-11-05
Alpro Oat Original Long Life Dairy Free Drink 1L,£2.00,£2.00/litre,null,milk_butter_eggs,2024-11-05
Alpro Oat No Sugar Long Life Dairy Free Drink 1L,£2.00,£2.00/litre,null,milk_butter_eggs,2024-11-05
Jus-Rol Puff Block 500G,£1.60,£3.20/kg,null,milk_butter_eggs,2024-11-05
Cravendale Filtered Fresh Whole Milk 1L Fresher for Longer,£1.75,£1.75/litre,null,milk_butter_eggs,2024-11-05
Jus-Rol Pains Au Chocolat Dough 6 Pack 275G,null,null,£1.75 Clubcard Price,milk_butter_eggs,2024-11-05
Alpro Oat No Sugar Chilled Dairy Free Drink 1L,£2.00,£2.00/litre,null,milk_butter_eggs,2024-11-05
Jus-Rol Shortcrust Pastry Ready Rolled Sheet 320G,£1.75,£5.47/kg,null,milk_butter_eggs,2024-11-05
Alpro Almond No Sugar Chilled Dairy Free Drink 1L,null,null,null,milk_butter_eggs,2024-11-05
Rodda's Clotted Cream 227G (L),£2.75,£1.21/100g,£2.25 Clubcard Price,milk_butter_eggs,2024-11-05
Tesco British Whipping Cream 300Ml,£1.35,£0.45/100ml,null,milk_butter_eggs,2024-11-05
Creamfields Single Cream 300Ml,£0.99,£0.33/100ml,null,milk_butter_eggs,2024-11-05
"Tesco British Skimmed Milk 568Ml, 1 Pint",£0.85,£1.50/litre,null,milk_butter_eggs,2024-11-05
Flora Lighter Spread With Natural Ingredients 450G,£1.65,£3.67/kg,£1.45 Clubcard Price,milk_butter_eggs,2024-11-05
Tesco Filtered Whole Milk 2 Litre,£1.90,£0.95/litre,null,milk_butter_eggs,2024-11-05
Tesco Olive Spread 500G,£1.40,£2.80/kg,null,milk_butter_eggs,2024-11-05
Tesco Buttery Spread 500G,£0.95,£1.90/kg,null,milk_butter_eggs,2024-11-05
Stockwell & Co. Soft Spread 500G,£0.85,£1.70/kg,null,milk_butter_eggs,2024-11-05
Anchor Spreadable Blend of Butter and Rapeseed Oil 750g,£6.50,£8.67/kg,null,milk_butter_eggs,2024-11-05
Tesco Organic Unsalted Butter 250G,£3.00,£12.00/kg,null,milk_butter_eggs,2024-11-05
Tesco Organic Salted Butter 250G,£3.00,£12.00/kg,null,milk_butter_eggs,2024-11-05
Arla LactoFREE Long Life Semi Skimmed Milk Drink 1L,£2.00,£2.00/litre,null,milk_butter_eggs,2024-11-05
Alpro Soya Original Long Life Dairy Free Drink 1L,£2.00,£2.00/litre,null,milk_butter_eggs,2024-11-05
Alpro Soya No Sugar Long Life Dairy Free Drink 1L,£2.00,£2.00/litre,null,milk_butter_eggs,2024-11-05
Hoads Farm Free Range Eggs Large Box Of 6 (L),null,null,null,milk_butter_eggs,2024-11-05
Arla LactoFREE Skimmed Milk Drink 1L,£1.85,£1.85/litre,null,milk_butter_eggs,2024-11-05
Benecol Buttery Spread 500G,£4.50,£9.00/kg,null,milk_butter_eggs,2024-11-05
Almond Breeze Unsweetened Longlife Drink Alternative 1 Litre,£1.90,£1.90/litre,null,milk_butter_eggs,2024-11-05
Big & Free Large White Free Range Eggs 10 Pack,£3.35,£0.34/each,null,milk_butter_eggs,2024-11-05
Theos Ready Rolled Filo Pastry 250 G,£2.00,£8.00/kg,null,milk_butter_eggs,2024-11-05
Tesco Oat Drink 1L,£1.45,£1.45/litre,null,milk_butter_eggs,2024-11-05
Flora Lighter Spread With Natural Ingredients 1KG,£4.60,£4.60/kg,Save 1/3 £3.00 Clubcard Price,milk_butter_eggs,2024-11-05
Clover Spread 1Kg,£4.00,£4.00/kg,Save 25% £3.00 Clubcard Price,milk_butter_eggs,2024-11-05
Alpro Soya Chilled Drink 1 Litre,£2.00,£2.00/litre,null,milk_butter_eggs,2024-11-05
Alpro Soya No Sugar Chilled Dairy Free Drink 1L,£2.00,£2.00/litre,null,milk_butter_eggs,2024-11-05
Pure Dairy Free Buttery Spread 500G,£2.00,£4.00/kg,null,milk_butter_eggs,2024-11-05
St Helen's Fresh Semi Skimmed Goats Milk 1 Litre,£2.15,£2.15/litre,null,milk_butter_eggs,2024-11-05
Président French Unsalted Block Butter 250g,null,null,Save 25% £2.00 Clubcard Price,milk_butter_eggs,2024-11-05
Yazoo Chilled Chocolate Flavour Milkshake 400Ml,£1.30,£0.32/100ml,75p Clubcard Price,milk_butter_eggs,2024-11-05
Stork Original Baking Spread 1Kg,£3.15,£3.15/kg,null,milk_butter_eggs,2024-11-05
Tesco Baking Block 250G,£1.00,£4.00/kg,null,milk_butter_eggs,2024-11-05
Tesco Buttery Spread 1Kg,£1.85,£1.85/kg,null,milk_butter_eggs,2024-11-05
Arla Big Milk Fresh Whole Milk 2L Vitamin Enriched for kids 1+,£2.65,£1.32/litre,Any 2 for £4 Clubcard Price - Selected Dairy Products 2 Litre,milk_butter_eggs,2024-11-05
Stork Original Baking Spread 500G,£1.70,£3.40/kg,null,milk_butter_eggs,2024-11-05
Tesco Chocolate Flavoured Milk 1L,£1.00,£0.10/100ml,null,milk_butter_eggs,2024-11-05
Tesco British Skimmed Uht Milk 6 X 1 Litre,£6.20,£1.03/litre,null,milk_butter_eggs,2024-11-05
Lurpak Slightly Salted Spreadable Blend of Butter and Rapeseed Oil 750g,£7.25,£9.67/kg,£5.75 Clubcard Price,milk_butter_eggs,2024-11-05
Country Life Original Salted Spreadable 750G,£5.25,£7.00/kg,null,milk_butter_eggs,2024-11-05
Koko Dairy Free Unsweetened Alternative Longlife Drink 1L,£1.80,£1.80/litre,null,milk_butter_eggs,2024-11-05
Arla LactoFREE Whole Milk Drink 1L,£1.85,£1.85/litre,null,milk_butter_eggs,2024-11-05
Clarence Court Old Cotswold Free Range Eggs 6 Pack,£3.20,£0.53/each,null,milk_butter_eggs,2024-11-05
Benecol Light Spread 500G,£4.50,£9.00/kg,null,milk_butter_eggs,2024-11-05
Two Chicks Liquid Egg Whites 500 Ml,£3.30,£6.60/litre,null,milk_butter_eggs,2024-11-05
ProActiv Buttery Taste Spread 450G,£4.50,£10.00/kg,£3.50 Clubcard Price,milk_butter_eggs,2024-11-05
ProActiv Light Spread 450g,£4.50,£10.00/kg,£3.50 Clubcard Price,milk_butter_eggs,2024-11-05
Yeo Valley Organic Semi-Skimmed Fresh Milk 2L,£2.75,£1.38/litre,null,milk_butter_eggs,2024-11-05
Hoads Farm Free Range Medium Eggs Box Of 6 (L),null,null,null,milk_butter_eggs,2024-11-05
Yeo Valley Organic Fresh Whole Milk 2L,£2.75,£1.38/litre,null,milk_butter_eggs,2024-11-05
Bertolli Light 450G,£2.85,£6.33/kg,null,milk_butter_eggs,2024-11-05
Food Heaven Whipped Spray Cream Vegan 200Ml,£2.20,£1.10/100ml,null,milk_butter_eggs,2024-11-05
Hazelmere Goose Fat Blend With Beef Dripping 220g,null,null,null,milk_butter_eggs,2024-11-05
Jus-Rol Gluten Free Puff Pastry Ready Rolled 280G,null,null,null,milk_butter_eggs,2024-11-05
Tesco 50% Less Fat Creme Fraiche 600Ml,£1.70,£0.28/100ml,null,milk_butter_eggs,2024-11-05
St Helen's Fresh Whole Goats Milk 1 Litre,£2.15,£2.15/litre,null,milk_butter_eggs,2024-11-05
Lurpak Garlic Butter 125G,£2.25,£18.00/kg,null,milk_butter_eggs,2024-11-05
Alpro Barista Oat Long Life Dairy Free Drink 1L,£2.10,£2.10/litre,null,milk_butter_eggs,2024-11-05
Yop Strawberry Yoghurt Drink 500g,£1.40,£0.28/100g,null,milk_butter_eggs,2024-11-05
Britannia Finest Beef Dripping 250G,£1.25,£5.00/kg,null,milk_butter_eggs,2024-11-05
Alpro Soya Long Life Dairy Free Alternative to Cream 250ml,£1.25,£0.50/100ml,null,milk_butter_eggs,2024-11-05
Oatly Creamy Oat Single Cream Alternative 250Ml,£1.25,£0.50/100ml,null,milk_butter_eggs,2024-11-05
Almond Breeze Unsweetened Fresh Drink 1 Litre,£1.90,£1.90/litre,null,milk_butter_eggs,2024-11-05
Tesco Soya Drink Unsweetened 1Ltr,£1.35,£1.35/litre,null,milk_butter_eggs,2024-11-05
Arla LactoFREE Cream 250ml,£1.55,£0.62/100ml,null,milk_butter_eggs,2024-11-05
Tesco Light Olive Spread 500G,£1.40,£2.80/kg,null,milk_butter_eggs,2024-11-05
Alpro Vanilla Dairy Free Soya Custard 525g,£1.15,£0.22/100g,null,milk_butter_eggs,2024-11-05
Happy Monkey Chocolate Milkshake 3X200ml,£1.20,£0.20/100ml,null,milk_butter_eggs,2024-11-05
Stork Original Baking Block 250G,£1.50,£6.00/kg,Save 1/3 £1.00 Clubcard Price,milk_butter_eggs,2024-11-05
Tesco Buttery Spread 30% Less Fat 500G,£0.95,£1.90/kg,null,milk_butter_eggs,2024-11-05
Yazoo Chilled Strawberry Flavour Milkshake 400Ml,£1.30,£0.32/100ml,75p Clubcard Price,milk_butter_eggs,2024-11-05
Willow Original Spread 250G,£1.10,£4.40/kg,null,milk_butter_eggs,2024-11-05
Tesco Strawberry Flavoured Milk 1L,£1.00,£0.10/100ml,null,milk_butter_eggs,2024-11-05
Tesco Banana Flavoured Milk 1L,£1.00,£0.10/100ml,null,milk_butter_eggs,2024-11-05
Oatly Skinny Oat Chilled Drink 1L,£2.10,£2.10/litre,null,milk_butter_eggs,2024-11-05
Ufit High Protein Milkshake Drink Strawberry 330Ml,£2.00,£0.61/100ml,null,milk_butter_eggs,2024-11-05
Koko Dairy Free Original Plus Calcium Longlife Drink 1L,£1.80,£1.80/litre,null,milk_butter_eggs,2024-11-05
Califia Farms Oat Barista Long Life Dairy Free Drink 1L,£2.10,£2.10/litre,null,milk_butter_eggs,2024-11-05
Arla LactoFREE Long Life Whole Milk Drink 1L,null,null,null,milk_butter_eggs,2024-11-05
Alpro Oat Growing Up Long Life Dairy Free Drink 1-3+ Years 1L,£2.00,£2.00/litre,null,milk_butter_eggs,2024-11-05
Oatly Organic Oat Long Life Drink 1L,£1.90,£1.90/litre,null,milk_butter_eggs,2024-11-05
Country Life Salted Block Butter 250G,£2.75,£11.00/kg,null,milk_butter_eggs,2024-11-05
Yazoo Chocolate Milkshake 1 Litre Bottle,£2.00,£0.20/100ml,null,milk_butter_eggs,2024-11-05
Pizza Express Ready Rolled Pizza Dough 400G,£2.40,£0.60/100g,null,milk_butter_eggs,2024-11-05
Président Squirty Spray Cream 250g,£2.40,£0.96/100g,null,milk_butter_eggs,2024-11-05
Minor Figures Barista Oat Drink 1L,£2.00,£2.00/litre,Half Price £1.00 Clubcard Price,milk_butter_eggs,2024-11-05
Arctic Coffee Cafe Latte 1 Litre,null,null,null,milk_butter_eggs,2024-11-05
Plenish Organic Oat Longlife Dairy Free Drink 1L,£2.25,£2.25/litre,null,milk_butter_eggs,2024-11-05
Alpro Almond Original Long Life Dairy Free Drink 1L,£2.00,£2.00/litre,null,milk_butter_eggs,2024-11-05
Tesco Soft Baking Spread 2Kg,£3.40,£1.70/kg,null,milk_butter_eggs,2024-11-05
Jus-Rol Shortcrust Block 500G,£1.60,£3.20/kg,null,milk_butter_eggs,2024-11-05
Alpro Soya Chocolate Longlife Drink Alternative 1 Litre,£2.00,£2.00/litre,null,milk_butter_eggs,2024-11-05
Alpro Almond Original Chilled Dairy Free Drink 1L,£2.00,£2.00/litre,null,milk_butter_eggs,2024-11-05
Fuel 10K Liquid Breakfast Chocolate Drink 330Ml,null,null,Any 3 for £3 Clubcard Price - Selected Porridge Pots Bars Or Drinks,milk_butter_eggs,2024-11-05
Emmi Caffe Latte Skinny 230Ml,£1.85,£0.80/100ml,£1.00 Clubcard Price,milk_butter_eggs,2024-11-05
Oatly Chocolate Oat Long Life Drink 1L,£1.90,£1.90/litre,null,milk_butter_eggs,2024-11-05
Président French Slightly Salted Spreadable 250g,null,null,£2.00 Clubcard Price,milk_butter_eggs,2024-11-05
Arla LactoFREE Slightly Salted Spreadable Blend of Butter and Rapeseed Oil 250g,£2.25,£9.00/kg,null,milk_butter_eggs,2024-11-05
Yeo Valley Organic Half Fat Creme Fraiche 200G,£1.45,£0.72/100g,null,milk_butter_eggs,2024-11-05
Crisp N' Dry Solid Block 250G,£1.25,£5.00/kg,null,milk_butter_eggs,2024-11-05
Graham's Gold Jersey Milk 1 Litre,£1.65,£1.65/litre,null,milk_butter_eggs,2024-11-05
Tesco Baking Spread 500G,£1.45,£2.90/kg,null,milk_butter_eggs,2024-11-05
Tesco British Double Cream 150Ml,£1.00,£0.67/100ml,null,milk_butter_eggs,2024-11-05
Tesco British Single Cream 150Ml,£0.80,£0.53/100ml,null,milk_butter_eggs,2024-11-05
Tesco Coconut Drink 1 Litre,£1.25,£1.25/litre,null,milk_butter_eggs,2024-11-05
Oatly Vanilla Custard 250Ml,£1.30,£0.52/100ml,null,milk_butter_eggs,2024-11-05
Alpro Soya Chilled Dairy Free Alternative to Cream 250ml,£1.25,£5.00/litre,null,milk_butter_eggs,2024-11-05
Tesco Finest Jersey Whole Milk 1L,£1.35,£1.35/litre,null,milk_butter_eggs,2024-11-05
Arla LactoFREE Long Life Semi Skimmed Milk Drink 5 x 20ml,£0.80,£8.00/litre,null,milk_butter_eggs,2024-11-05
Delamere Dairy Sterilised Longlife Whole Milk 1 Litre,£1.20,£1.20/litre,null,milk_butter_eggs,2024-11-05
Yazoo Chilled Banana Flavour Milkshake 400Ml,£1.30,£0.32/100ml,75p Clubcard Price,milk_butter_eggs,2024-11-05
Tesco British Whole Uht Milk 6 X 1 Litre,£6.20,£1.03/litre,null,milk_butter_eggs,2024-11-05
For Goodness Shakes Protein Strawberry 435ml,£2.30,£0.53/100ml,Save 1/3 £1.50 Clubcard Price,milk_butter_eggs,2024-11-05
Oatly Organic Oat Chilled Drink 1L,£2.10,£2.10/litre,£1.70 Clubcard Price,milk_butter_eggs,2024-11-05
For Goodness Shakes Protein Chocolate Flavour 435ml,£2.30,£0.53/100ml,Save 1/3 £1.50 Clubcard Price,milk_butter_eggs,2024-11-05
Tesco Soya Drink Sweetened 1Ltr,£1.35,£1.35/litre,null,milk_butter_eggs,2024-11-05
Costa Coffee Caramel Latte Iced Coffee 250ml,£1.60,£0.64/100ml,£1.25 Clubcard Price,milk_butter_eggs,2024-11-05
Arctic Coffee Cafe Latte 330Ml,£1.15,£0.35/100ml,null,milk_butter_eggs,2024-11-05
Yazoo Strawberry Milkshake 1 Litre Bottle,£2.00,£0.20/100ml,null,milk_butter_eggs,2024-11-05
Alpro Soya Chocolate Long Life Dairy Free Drink Multipack 3x250ml,£2.10,£2.80/litre,null,milk_butter_eggs,2024-11-05
Tesco Ready To Bake Chocolate Chip Cookie Dough 300G,£2.35,£0.78/100g,null,milk_butter_eggs,2024-11-05
Califia Farms Oat Barista Chilled Dairy Free Drink 1L,£2.10,£2.10/litre,null,milk_butter_eggs,2024-11-05
Yazoo Banana Milkshake 1 Litre Bottle,£2.00,£0.20/100ml,null,milk_butter_eggs,2024-11-05
Plenish Organic Almond Chilled Dairy Free Drink 1L,£2.25,£2.25/litre,£2.00 Clubcard Price,milk_butter_eggs,2024-11-05
Alpro Coconut No Sugar Long Life Dairy Free Drink 1L,£2.00,£2.00/litre,null,milk_butter_eggs,2024-11-05
Arctic Coffee Caramel Latte 1L,£2.20,£0.22/100ml,null,milk_butter_eggs,2024-11-05
Alpro 50g High Protein Soya Chocolate Flavour Long Life Dairy Free Drink 1L,£2.30,£2.30/litre,null,milk_butter_eggs,2024-11-05
Alpro Coconut Longlife Drink Alternative 1 Litre,£2.00,£2.00/litre,null,milk_butter_eggs,2024-11-05
Alpro High Protein Soya Original Long Life Dairy Free Drink 1L,£2.30,£2.30/litre,null,milk_butter_eggs,2024-11-05
Ufit High Protein Milkshake White Chocolate Flavoured 330Ml,£2.00,£0.61/100ml,null,milk_butter_eggs,2024-11-05
Rude Health Organic Almond Longlife Dairy Free Drink 1L,null,null,£1.80 Clubcard Price,milk_butter_eggs,2024-11-05
Alpro Hazelnut Longlife Drink Alternative 1 Litre,£2.00,£2.00/litre,null,milk_butter_eggs,2024-11-05
Minor Figures Organic Barista Oat Drink 1L,£2.00,£2.00/litre,Half Price £1.00 Clubcard Price,milk_butter_eggs,2024-11-05
Plenish Organic Oat Chilled Dairy Free Drink 1L,£2.25,£2.25/litre,£1.75 Clubcard Price,milk_butter_eggs,2024-11-05
Alpro Soya Vanilla Original Long Life Dairy Free Drink 1L,£2.00,£2.00/litre,null,milk_butter_eggs,2024-11-05
Alpro Barista Coconut Long Life Dairy Free Drink 1L,£2.10,£2.10/litre,null,milk_butter_eggs,2024-11-05
Alpro Oat Original Chilled Dairy Free Drink 1L,£2.00,£2.00/litre,null,milk_butter_eggs,2024-11-05
Alpro Barista Almond Long Life Dairy Free Drink 1L,£2.10,£2.10/litre,null,milk_butter_eggs,2024-11-05
Koko Dairy Free Unsweetened Alternative Drink 1 Litre,£1.85,£1.85/litre,null,milk_butter_eggs,2024-11-05
Alpro Coconut Original Chilled Dairy Free Drink 1L,£2.00,£2.00/litre,null,milk_butter_eggs,2024-11-05
Oatly Chocolate Deluxe Oat Chilled Drink 1L,£2.10,£2.10/litre,£1.70 Clubcard Price,milk_butter_eggs,2024-11-05
Emmi Caffe Latte Cappuccino Ready To Drink 230Ml,£1.85,£0.80/100ml,£1.00 Clubcard Price,milk_butter_eggs,2024-11-05
Alpro My Cuppa Soya Chilled Dairy Free Drink for Tea 750ml,£1.95,£2.60/litre,£1.50 Clubcard Price,milk_butter_eggs,2024-11-05
The Coconut Collaborative Vegan Double Cream 220Ml,£1.95,£0.89/100ml,£1.50 Clubcard Price,milk_butter_eggs,2024-11-05
Yazoo Vanilla Milk 400Ml,£1.30,£0.32/100ml,75p Clubcard Price,milk_butter_eggs,2024-11-05
Fuel 10K Liquid Breakfast Strawberry Drink 330Ml,£1.30,£0.39/100ml,Any 3 for £3 Clubcard Price - Selected Porridge Pots Bars Or Drinks,milk_butter_eggs,2024-11-05
Oatly Whippable Creamy Oat 250Ml,£1.35,£0.54/100ml,null,milk_butter_eggs,2024-11-05
Fuel 10K Liquid Breakfast Vanilla Drink 330Ml,£1.30,£0.39/100ml,Any 3 for £3 Clubcard Price - Selected Porridge Pots Bars Or Drinks,milk_butter_eggs,2024-11-05
Happy Monkey Milkshake Strawberry 3X200ml,£1.20,£0.20/100ml,null,milk_butter_eggs,2024-11-05
Delamere Dairy Sterilised Longlife Semi Skimmed Milk 1L,£1.20,£1.20/litre,null,milk_butter_eggs,2024-11-05
Starbucks Caramel Macchiato Iced Coffee 220ml,£2.20,£1.00/100ml,null,milk_butter_eggs,2024-11-05
Lurpak Lighter Spreadable Blend of Butter and Rapeseed Oil 750g,£7.25,£9.67/kg,£5.75 Clubcard Price,milk_butter_eggs,2024-11-05
Ufit Pro50 Protein Drink Strawberry 500Ml,£3.00,£0.60/100ml,Save 25% £2.25 Clubcard Price,milk_butter_eggs,2024-11-05
Rude Health Oat Drink Organic 1 Litre,£2.30,£2.30/litre,£1.80 Clubcard Price,milk_butter_eggs,2024-11-05
"Starbucks Oat Based Vanilla Macchiato Iced Coffee, Plant-Based 220ml",£2.20,£1.00/100ml,null,milk_butter_eggs,2024-11-05
St Helen's Fresh Skimmed Goats Milk 1 Litre,£2.15,£2.15/litre,null,milk_butter_eggs,2024-11-05
Huel Ready-to-drink Complete Meal Vanilla 500ml,£3.50,£0.70/100ml,null,milk_butter_eggs,2024-11-05
Huel Ready-to-drink Complete Meal Chocolate 500ml,£3.50,£0.70/100ml,null,milk_butter_eggs,2024-11-05
Happy Egg Free Range Eggs Large 10 Pack,£3.85,£0.38/each,null,milk_butter_eggs,2024-11-05
Mighty Pea M.Lk Unsweetened Milk Alternative 1 Litre,£1.90,£1.90/litre,null,milk_butter_eggs,2024-11-05
Costa Coffee Latte Iced Coffee 250ml,£1.60,£0.64/100ml,£1.25 Clubcard Price,milk_butter_eggs,2024-11-05
Arctic Coffee Caramel Latte 330Ml,£1.15,£0.35/100ml,null,milk_butter_eggs,2024-11-05
Califia Farms Mocha Cold Brew Dairy Free Coffee Drink with Almond 750ml,£2.95,£3.93/litre,null,milk_butter_eggs,2024-11-05
Pizza Express Pizza Dough 400G,£2.40,£0.60/100g,null,milk_butter_eggs,2024-11-05
Rude Health Coconut With Calcium Chilled Dairy Free Drink 1L,£2.30,£2.30/litre,null,milk_butter_eggs,2024-11-05
Shaken Udder Vanillalicious Milkshake 750Ml,£2.45,£0.33/100ml,null,milk_butter_eggs,2024-11-05
Rude Health Almond With Calcium Chilled Dairy Free Drink 1L,£2.30,£2.30/litre,null,milk_butter_eggs,2024-11-05
Emmi Caffe Latte Mr Big Skinny 370Ml,£2.65,£0.72/100ml,"£5 Meal Deal Clubcard Price £5.50 Meal Deal Regular Price - Selected Drink + Snack + Tesco Finest* Or Branded Sandwich, Wrap, Roll, Salad Or Sushi",milk_butter_eggs,2024-11-05
Alpro Soya Strawberry Longlife Drink 3 X250 Ml,£2.10,£2.80/litre,null,milk_butter_eggs,2024-11-05
Chocomel Chocolate Flavoured Milk Drink 250Ml,£1.70,£6.80/litre,£1.00 Clubcard Price,milk_butter_eggs,2024-11-05
Shaken Udder Chocolush Milk Shake 750Ml,£2.45,£0.33/100ml,null,milk_butter_eggs,2024-11-05
Baileys Squirty UHT Cream 250G,£2.50,£1.00/100g,null,milk_butter_eggs,2024-11-05
Happy Egg Co. Free Range Eggs 10 Pack,£3.25,£0.32/each,£2.90 Clubcard Price,milk_butter_eggs,2024-11-05
Delamere Skimmed Sterilised Milk 1 Litre,£1.20,£1.20/litre,null,milk_butter_eggs,2024-11-05
Oatly Oat Drink Vanilla 1L,£1.90,£1.90/litre,null,milk_butter_eggs,2024-11-05
Yeo Valley Organic Fat Free Creme Fraiche 200G,£1.45,£0.72/100g,null,milk_butter_eggs,2024-11-05
Fuel 10K Chocolate Oat Fibre Breakfast Drink 330Ml,£1.30,£0.39/100ml,Any 3 for £3 Clubcard Price - Selected Porridge Pots Bars Or Drinks,milk_butter_eggs,2024-11-05
Tesco Filtered Skimmed Milk 2 Litre,£1.90,£0.95/litre,null,milk_butter_eggs,2024-11-05
Alpro Barista Oat Chilled Dairy Free Drink 750ml,£1.75,£2.33/litre,£1.25 Clubcard Price,milk_butter_eggs,2024-11-05
Alpro Soya Chocolate Chilled Dairy Free Drink 1L,£2.00,£2.00/litre,null,milk_butter_eggs,2024-11-05
Tesco Coconut Drink Sweetened 1Ltr,£1.25,£1.25/litre,null,milk_butter_eggs,2024-11-05
Shaken Udder Chocolush Milkshake 330Ml,£1.60,£0.48/100ml,£1.25 Clubcard Price,milk_butter_eggs,2024-11-05
Shaken Udder Vanilla-Licious Milkshake 330Ml,£1.60,£0.48/100ml,£1.25 Clubcard Price,milk_butter_eggs,2024-11-05
Yeo Valley Organic Soured Cream 200G,£1.30,£0.65/100g,£1.00 Clubcard Price,milk_butter_eggs,2024-11-05
Rude Health Organic Brown Rice Longlife Dairy Free Drink 1L,£2.30,£2.30/litre,£1.80 Clubcard Price,milk_butter_eggs,2024-11-05
The Original Oatly No Sugars Oat Long Life Drink 1L,£1.90,£1.90/litre,null,milk_butter_eggs,2024-11-05
Huel Ready-to-drink Complete Meal Banana 500ml,£3.50,£0.70/100ml,null,milk_butter_eggs,2024-11-05
Costa Coffee Oat Latte Iced Coffee 750ml,£3.50,£4.67/litre,null,milk_butter_eggs,2024-11-05
The Original Oatly Whole Oat Long Life Drink 1L,£1.90,£1.90/litre,£1.50 Clubcard Price,milk_butter_eggs,2024-11-05
The Original Oatly Semi Oat Long Life Drink 1L,£1.90,£1.90/litre,£1.50 Clubcard Price,milk_butter_eggs,2024-11-05
Plenish Organic Cashew Milk Dairy Alternative Long Life 1L,£2.25,£2.25/litre,null,milk_butter_eggs,2024-11-05
Plenish Organic Soya 1LTR,£2.25,£2.25/litre,null,milk_butter_eggs,2024-11-05
Kerrygold Salted Block Butter 250G,null,null,null,milk_butter_eggs,2024-11-05
Plenish Organic Barista Gluten Free Oat Drink 1L,£2.25,£2.25/litre,null,milk_butter_eggs,2024-11-05
SuperNutrio High Protein Fresh Whole Milk 1l,£2.50,£2.50/litre,£2.00 Clubcard Price,milk_butter_eggs,2024-11-05
SuperNutrio High Protein Fresh Semi Skimmed Milk 1l,£2.50,£2.50/litre,£2.00 Clubcard Price,milk_butter_eggs,2024-11-05
Alpro 38g High Protein Soya Chilled Dairy Free Chocolate Drink 750ml,£2.00,£2.67/litre,null,milk_butter_eggs,2024-11-05
The Original Oatly No Sugars Oat Chilled Drink 1L,£2.10,£2.10/litre,£1.70 Clubcard Price,milk_butter_eggs,2024-11-05
Arla Jord Chilled Oat Drink 1L,£1.90,£1.90/litre,Save 25% £1.40 Clubcard Price,milk_butter_eggs,2024-11-05
Arla Jord Chilled Oat & Vanilla Drink 1L,£1.90,£1.90/litre,Save 25% £1.40 Clubcard Price,milk_butter_eggs,2024-11-05
Alpro Plant Protein 38g Soya Chilled drink 750ml,£2.00,£2.67/litre,null,milk_butter_eggs,2024-11-05
Trewithen Dairy Cornish Barista Milk 1 Litre,£1.60,£1.60/litre,null,milk_butter_eggs,2024-11-05
Califia Farms Organic Oat Drink 750ml,£2.45,£3.27/litre,£1.50 Clubcard Price,milk_butter_eggs,2024-11-05
Arla BOB Semi-Skimmed Milk 2L That Tastes Like Whole,£2.65,£1.32/litre DR.WT,Any 2 for £4 Clubcard Price - Selected Dairy Products 2 Litre,milk_butter_eggs,2024-11-05
Alpro Oat Original Long Life Dairy Free Drink 500ml,£1.30,£2.60/litre,£1.00 Clubcard Price,milk_butter_eggs,2024-11-05
Smug Blended Oat & Dairy Semi Skimmed Milk 1Litre,£1.95,£1.95/litre,£1.00 Clubcard Price,milk_butter_eggs,2024-11-05
Oatly Oat Drink Chilled Whole 500ml,£1.20,£2.40/litre,null,milk_butter_eggs,2024-11-05
Oatly Semi Oat Chilled Drink 500ml,£1.20,£2.40/litre,null,milk_butter_eggs,2024-11-05
Bertolli Vegetable Fat Spread With Olive Oil 1Kg,£5.00,£5.00/kg,£4.00 Clubcard Price,milk_butter_eggs,2024-11-05
Naturli Organic Dairy Free Vegan Spreadable Butter Alternative 450g,£4.00,£8.89/kg,£2.75 Clubcard Price,milk_butter_eggs,2024-11-05
Lurpak Plant Based Spread 400g,£4.00,£10.00/kg,null,milk_butter_eggs,2024-11-05
Starbucks Caffe Latte Grande Iced Coffee 330ml,£2.80,£0.85/100ml,"£5 Meal Deal Clubcard Price £5.50 Meal Deal Regular Price - Selected Drink + Snack + Tesco Finest* Or Branded Sandwich, Wrap, Roll, Salad Or Sushi",milk_butter_eggs,2024-11-05
Le Gall La Motte Churn Butter with Crystal Sea Salt 250g,£3.25,£13.00/kg DR.WT,null,milk_butter_eggs,2024-11-05
IVY'S RESERVE SALTED FARMHOUSE BUTTER 250g,£2.60,£10.40/kg,null,milk_butter_eggs,2024-11-05
Flora Plant Butter Spreadable 400g,£3.00,£7.50/kg,null,milk_butter_eggs,2024-11-05
St Ewe Original Large Free Range Eggs 10 Pack,£3.65,£0.36/each,null,milk_butter_eggs,2024-11-05
St. Ewe Opulent Large Rich Yolk Eggs 6 Pack,£2.95,£0.49/each,null,milk_butter_eggs,2024-11-05
St Ewe Free Range Rich Yolk Mixed Weight 10 Pack,£3.95,£0.40/each,£3.55 Clubcard Price,milk_butter_eggs,2024-11-05
The Gym Kitchen 60g Protein Milk 1L,£2.20,£2.20/litre,null,milk_butter_eggs,2024-11-05
DELAMERE DAIRY GOATS BUTTER 250G,£2.60,£10.40/kg,null,milk_butter_eggs,2024-11-05
Smug Spreadable Blended Oat and Dairy Butter 400g,£3.75,£9.38/kg,£2.00 Clubcard Price,milk_butter_eggs,2024-11-05
President Slightly Salted Butter 250G,null,null,Save 25% £2.00 Clubcard Price,milk_butter_eggs,2024-11-05
Lurpak Slightly Salted Butter 200g,£2.25,£11.25/kg,null,milk_butter_eggs,2024-11-05
Lurpak Unsalted Butter 200G,£2.25,£11.25/kg,null,milk_butter_eggs,2024-11-05
Anchor Salted Butter 200G,null,null,null,milk_butter_eggs,2024-11-05
Tesco Large Pack Shortcrust Pastry 475G,£1.70,£3.58/kg,null,milk_butter_eggs,2024-11-05
Alpro Barista Caramel Chilled Drink 750ml,£1.75,£2.33/litre,£1.25 Clubcard Price,milk_butter_eggs,2024-11-05
Tesco Ready Rolled Shortcrust Savoury Pastry 320G,£1.20,£3.75/kg,null,milk_butter_eggs,2024-11-05
Flora Plant Butter Unsalted 200g,£1.65,£8.25/kg,£1.00 Clubcard Price,milk_butter_eggs,2024-11-05
I Can't Believe It's Not Butter Light Spread 500g,£1.50,£3.00/kg,null,milk_butter_eggs,2024-11-05
Flora Plant Butter Salted 200g,£1.65,£8.25/kg,£1.00 Clubcard Price,milk_butter_eggs,2024-11-05
I Can't Believe It's Not Butter Original Spread 500g,£1.50,£3.00/kg,null,milk_butter_eggs,2024-11-05
Hen Picked British Barn Eggs Mixed Weight 10 Pack,£2.80,£0.28/each,£2.50 Clubcard Price,milk_butter_eggs,2024-11-05
Starbucks Protein Drink Caffe Latte 330ml,£2.75,£0.83/100ml,null,milk_butter_eggs,2024-11-05
Jimmy's Iced Coffee My Protein Original 250ml,£1.75,£0.70/100ml,null,milk_butter_eggs,2024-11-05
Anchor Squeezy Blend of Butter and Rapeseed Oil 500ml,£3.60,£7.20/litre,null,milk_butter_eggs,2024-11-05
Muller Frijj Chocolate Milkshake 330ml,£1.50,£4.54/litre,null,milk_butter_eggs,2024-11-05
Chocomel 750ml,£2.70,£0.36/100ml,null,milk_butter_eggs,2024-11-05
Starbucks Skinny Latte Lactose Free Iced Coffee 220ml,£2.20,£1.00/100ml,null,milk_butter_eggs,2024-11-05
Hunt and Brew Brazil Coffee Mogiana 330ml,£3.45,£1.04/100ml,null,milk_butter_eggs,2024-11-05
Hunt and Brew Colombia Coffee Huila 330ml,£3.45,£1.04/100ml,null,milk_butter_eggs,2024-11-05
Hunt and Brew Ethiopia Black Coffee Yirgacheffe 330ml,£3.45,£1.04/100ml,null,milk_butter_eggs,2024-11-05
Emmi Caffe Latte High Protein Drink 650ml,£3.00,£0.46/100ml,null,milk_butter_eggs,2024-11-05
Starbucks Protein Drink Caramel Hazelnut 330ml,£2.75,£0.83/100ml,null,milk_butter_eggs,2024-11-05
Arctic Coffee Protein Caramel Latte 330ml,£1.15,£0.35/100ml,null,milk_butter_eggs,2024-11-05
"Grind, Iced Flat White Coffee, 250 ml",£2.00,£0.80/100ml,Half Price £1.00 Clubcard Price,milk_butter_eggs,2024-11-05
Starbucks White Chocolate Mocha Flavour Chilled Coffee 220ml,£2.20,£1.00/100ml,null,milk_butter_eggs,2024-11-05
"Grind, Iced Caramel Latte Coffee, 250 ml",£2.00,£0.80/100ml,Half Price £1.00 Clubcard Price,milk_butter_eggs,2024-11-05
Arctic Coffee Mocha 1L,£2.20,£0.22/100ml,null,milk_butter_eggs,2024-11-05
Tesco Finest Ready Rolled All Butter Puff Pastry 320g,£2.50,£7.81/kg,null,milk_butter_eggs,2024-11-05
Tesco Ready Rolled Puff Pastry 475G,£1.70,£3.58/kg,null,milk_butter_eggs,2024-11-05
Emmi Caffe Latte Mr Big High Protein 370ml,£2.65,£0.72/100ml,"£5 Meal Deal Clubcard Price £5.50 Meal Deal Regular Price - Selected Drink + Snack + Tesco Finest* Or Branded Sandwich, Wrap, Roll, Salad Or Sushi",milk_butter_eggs,2024-11-05
Starbucks S'mores Frappuccino 250ml,£2.20,£0.88/100ml,null,milk_butter_eggs,2024-11-05
Cadbury Creamy Chocolate Caramel Milkshake 250Ml,£2.00,£8.00/litre,null,milk_butter_eggs,2024-11-05
Emmi Caffe Latte High Protein Drink 230Ml,£1.85,£0.80/100ml,£1.00 Clubcard Price,milk_butter_eggs,2024-11-05
Muller Frijj  Fudge Brownie Milkshake 330ml,£1.50,£4.54/litre,null,milk_butter_eggs,2024-11-05
Cadbury Creamy Chocolate Milkshake 250Ml,£2.00,£8.00/litre,null,milk_butter_eggs,2024-11-05
Emmi Caffe Latte Caramel 230Ml,£1.85,£0.80/100ml,£1.00 Clubcard Price,milk_butter_eggs,2024-11-05
Jimmy's Iced Coffee Original 250ml,£1.75,£0.70/100ml,null,milk_butter_eggs,2024-11-05
Jimmy's Iced Coffee Caramel 250ml,£1.75,£0.70/100ml,null,milk_butter_eggs,2024-11-05
Flora Plant Cream Double 250ml,£1.55,£0.62/100ml,null,milk_butter_eggs,2024-11-05
Jimmy's Iced Coffee Mocha 250ml,£1.75,£0.70/100ml,null,milk_butter_eggs,2024-11-05
Shaken Udder White Chocolate Protein Milkshake 330ml,£2.30,£6.97/litre,Save 1/3 £1.50 Clubcard Price,milk_butter_eggs,2024-11-05
Barista Coffee Co Caffe Latte 250ml,£0.70,£0.28/100ml,null,milk_butter_eggs,2024-11-05
Muller Frijj Cookie Dough Milkshake 330ml,£1.50,£4.54/litre,null,milk_butter_eggs,2024-11-05
Barista Coffee Co Caramel Latte 250ml,£0.70,£0.28/100ml,null,milk_butter_eggs,2024-11-05
The Real Milkshake Co. White Chocolate Flavoured Milk Drink 1 Litre,£1.85,£0.18/100ml,£1.50 Clubcard Price,milk_butter_eggs,2024-11-05
Tesco Ready Rolled Reduced Fat Pastry 320G,£1.20,£3.75/kg,null,milk_butter_eggs,2024-11-05
Tesco Ready Rolled Puff Pastry 320G,null,null,null,milk_butter_eggs,2024-11-05
Muller Frijj Fudge Brownie Milkshake  950ML,£2.50,£2.63/litre,£1.75 Clubcard Price,milk_butter_eggs,2024-11-05
Yazoo Thick and Creamy Chocolate Milkshake 300ml,£1.50,£0.50/100ml,null,milk_butter_eggs,2024-11-05
Arctic Coffee Toffee Nut Latte Limited Edition 330ml,£1.15,£3.48/litre,null,milk_butter_eggs,2024-11-05
Emmi Caffe Latte Hazelnut Brownie 230ml,£1.85,£0.80/100ml,£1.00 Clubcard Price,milk_butter_eggs,2024-11-05
yfood Fresh Berry Ready to Drink Complete Meal 500ml,£3.50,£0.70/100ml,null,milk_butter_eggs,2024-11-05
yfood Classic Choco Ready to Drink Complete Meal 500ml,£3.50,£0.70/100ml,null,milk_butter_eggs,2024-11-05
Huel Black Edition Ready-to-drink Complete Meal Vanilla 500ml,£3.80,£0.76/100ml,£3.25 Clubcard Price,milk_butter_eggs,2024-11-05
Huel Black Edition Ready-to-drink Complete Meal Chocolate 500ml,£3.80,£0.76/100ml,£3.25 Clubcard Price,milk_butter_eggs,2024-11-05
BOL Chocolate Power Shake 410g,£3.25,£0.79/100g,null,milk_butter_eggs,2024-11-05
Ufit Pro50 Protein Drink Salted Caramel 500ml,£3.00,£0.60/100ml,Save 25% £2.25 Clubcard Price,milk_butter_eggs,2024-11-05
Arla Protein Chocolate Milk Shake 500g,£2.00,£0.40/100g,null,milk_butter_eggs,2024-11-05
Huel Ready-to-drink Complete Meal Berry 500ml,£3.50,£0.70/100ml,null,milk_butter_eggs,2024-11-05
yfood Smooth Vanilla Ready to Drink Complete Meal 500ml,£3.50,£0.70/100ml,null,milk_butter_eggs,2024-11-05
Oatly Barista Lighter Taste Long Life Drink 1L,£2.10,£2.10/litre,£1.70 Clubcard Price,milk_butter_eggs,2024-11-05
For Goodness Shakes Vanilla Protein (LF) 435ml,£2.30,£0.53/100ml,Save 1/3 £1.50 Clubcard Price,milk_butter_eggs,2024-11-05
Jus-Rol Ready To Bake Clsc Pizza Kit 600G,£3.45,£0.58/100g,null,milk_butter_eggs,2024-11-05
BOL Salted Caramel Power Shake 410g,£3.25,£0.79/100g,null,milk_butter_eggs,2024-11-05
Arla Lactofree Semi Skimmed Milk Drink 2L,£2.90,£1.45/litre,null,milk_butter_eggs,2024-11-05
Plenish Organic Coconut Longlife Dairy Free Drink 1L,£2.25,£2.25/litre,£1.75 Clubcard Price,milk_butter_eggs,2024-11-05
Jus-Rol Ready to Bake Croissant 6 pack 340g,£2.75,£0.81/100g,£1.75 Clubcard Price,milk_butter_eggs,2024-11-05
Pro Mlk Strawberry Protein Shake 330Ml,£1.15,£0.35/100ml,null,milk_butter_eggs,2024-11-05
Pro Mlk Chocolate Protein Shake 330Ml,£1.15,£0.35/100ml,null,milk_butter_eggs,2024-11-05
Yop Strawberry Multiserve Yoghurt Drink 825g,£2.00,£0.24/100g,Save 25% £1.50 Clubcard Price,milk_butter_eggs,2024-11-05
Yop Raspberry Flavour Yogurt Drink 825g,£2.00,£0.24/100g,Save 25% £1.50 Clubcard Price,milk_butter_eggs,2024-11-05
Muller Frijj Strawberry Milkshake 330ml,£1.50,£4.54/litre,null,milk_butter_eggs,2024-11-05
Jus-Rol Ready To Bake 6 Cinnamon Swirl 320G,null,null,£1.75 Clubcard Price,milk_butter_eggs,2024-11-05
The Real Milkshake Co. Raspberry Ripple Flavour Milk Drink 1 Litre,£1.85,£0.18/100ml,£1.50 Clubcard Price,milk_butter_eggs,2024-11-05
Yazoo Thick and Creamy Strawberry Milkshake 300ml,£1.50,£0.50/100ml,null,milk_butter_eggs,2024-11-05
Muller Frijj Strawberry  Milkshake  950ML,£2.50,£2.63/litre,£1.75 Clubcard Price,milk_butter_eggs,2024-11-05
Yop Raspberry Yoghurt Drink 500g,£1.40,£0.28/100g,null,milk_butter_eggs,2024-11-05
Califia Farms Unsweetened Organic Almond Drink 750ml,£2.45,£3.27/litre,£1.50 Clubcard Price,milk_butter_eggs,2024-11-05
Fielding Dairies Real Dairy Spray Cream Light 250G,£1.85,£0.74/100g,null,milk_butter_eggs,2024-11-05
Tesco Lactose Free Skimmed Dairy Drink 1L,£0.99,£0.99/litre,null,milk_butter_eggs,2024-11-05
Alpro Almond No Sugar Long Life Dairy Free Drink 500ml,£1.30,£2.60/litre,£1.00 Clubcard Price,milk_butter_eggs,2024-11-05
Fielding Dairies Real Dairy Spray Cream 250G,£1.85,£0.74/100g,null,milk_butter_eggs,2024-11-05
Dairylea Dunkers Plant Based Jumbo Tubes 4 Pack,£3.25,£19.82/kg,null,cheese,2024-11-05
Free From Violife Cream Cheese Alternative 200G,£2.75,£13.75/kg,£2.00 Clubcard Price,cheese,2024-11-05
Cathedral City Mature Cheddar Cheese 550 G,£5.40,£9.82/kg,null,cheese,2024-11-05
Cathedral City Extra Mature Cheddar Cheese 550 G,£5.40,£9.82/kg,null,cheese,2024-11-05
Pilgrims Choice Extra Mature Cheddar 550G,£5.20,£9.46/kg,null,cheese,2024-11-05
Tesco Wensleydale Cranberry Cheese 200 G,£2.80,£14.00/kg,null,cheese,2024-11-05
Tesco Grated Mozzarella & Cheese Mix 200G,null,null,Any 2 for £4.50 Clubcard Price - Selected Sliced And Grated Cheese,cheese,2024-11-05
Tesco Grated Mozzarella 250G,£2.65,£10.60/kg,Any 2 for £4.50 Clubcard Price - Selected Sliced And Grated Cheese,cheese,2024-11-05
Tesco Grated Parmigiano Reggiano 100G,£2.50,£25.00/kg,null,cheese,2024-11-05
Tesco Mature Cheddar 400G,£3.00,£7.50/kg,null,cheese,2024-11-05
Tesco British Mild Cheddar Cheese 400G,£3.00,£7.50/kg,null,cheese,2024-11-05
Cathedral City Mature Cheddar Cheese 350 G,£2.99,£8.54/kg,null,cheese,2024-11-05
Tesco Medium Cheddar 400G,£3.00,£7.50/kg,null,cheese,2024-11-05
Le Rustique Pasteurised Camembert 250G,£3.00,£12.00/kg,null,cheese,2024-11-05
Tesco Extra Mature Cheddar Cheese 400G,£3.00,£7.50/kg,null,cheese,2024-11-05
Cathedral City Extra Mature Cheddar Cheese 350 G,£2.99,£8.54/kg,null,cheese,2024-11-05
Tesco 50% Reduced Fat Mature Grated Cheese 250G,£2.65,£10.60/kg,Any 2 for £4.50 Clubcard Price - Selected Sliced And Grated Cheese,cheese,2024-11-05
Cheestrings Original 8Pk Cheese Snacks 160G,£2.49,£15.56/kg,null,cheese,2024-11-05
Tesco British Mature Grated Cheddar Cheese 250 G,£2.65,£10.60/kg,Any 2 for £4.50 Clubcard Price - Selected Sliced And Grated Cheese,cheese,2024-11-05
Tesco British Medium Grated Cheddar Cheese 250 G,£2.65,£10.60/kg,Any 2 for £4.50 Clubcard Price - Selected Sliced And Grated Cheese,cheese,2024-11-05
Tesco Parmigiano Reggiano Cheese 200 G,£3.50,£17.50/kg,null,cheese,2024-11-05
Tesco British Extra Mature Grated Cheddar Cheese 250 G,£2.65,£10.60/kg,Any 2 for £4.50 Clubcard Price - Selected Sliced And Grated Cheese,cheese,2024-11-05
Tesco Soft Cheese Plain Full Fat 200G,£1.50,£7.50/kg,null,cheese,2024-11-05
"Tesco British Mature Cheddar Cheese 10 Slices, 250 G",£2.75,£11.00/kg,Any 2 for £4.50 Clubcard Price - Selected Sliced And Grated Cheese,cheese,2024-11-05
Creamfields Grated Cheddar 500G,£2.99,£5.98/kg,null,cheese,2024-11-05
Philadelphia Original Soft Cream Cheese 165G,£2.25,£13.64/kg,null,cheese,2024-11-05
Philadelphia Original Soft Cream Cheese 280G,null,null,£1.90 Clubcard Price,cheese,2024-11-05
Tesco British Blue Stilton Cheese 220 G,£2.75,£12.50/kg,null,cheese,2024-11-05
Tesco Mascarpone Cheese 250 G,£2.00,£8.00/kg,null,cheese,2024-11-05
Boursin Garlic & Herb Soft Cheese 150 G,£2.95,£19.67/kg,£2.00 Clubcard Price,cheese,2024-11-05
Creamfields Mature White Cheddar 400G,£2.49,£6.22/kg,null,cheese,2024-11-05
Tesco Finest Fleur des Alpes Cheese 220g,£3.35,£15.23/kg,null,cheese,2024-11-05
Tesco Smoked Cheese 125G,£1.80,£14.40/kg,null,cheese,2024-11-05
Mini Babybel Original Cheese Snacks 10X20g 200G,null,null,null,cheese,2024-11-05
Mini Babybel Light Cheese Snacks 10 X 20G 200G,£2.59,£12.95/kg,null,cheese,2024-11-05
Creamfields French Brie 200G,£1.69,£8.45/kg,null,cheese,2024-11-05
Creamfields Red Leicester Cheese 400G,£2.49,£6.22/kg,null,cheese,2024-11-05
Tesco Halloumi 225G,null,null,null,cheese,2024-11-05
Tesco Greek Feta Cheese 200 G,£2.10,£10.50/kg,null,cheese,2024-11-05
Creamfields Soft Cheese 200G,£0.85,£4.25/kg,null,cheese,2024-11-05
Creamfields Mozzarella 210G,£0.69,£5.52/kg DR.WT,null,cheese,2024-11-05
Pilgrims Choice Mature Cheddar Cheese 550 G,£5.20,£9.46/kg,null,cheese,2024-11-05
Port Salut Creamy French Cheese 185 G,£2.95,£15.95/kg,null,cheese,2024-11-05
Tesco Wensleydale & Apricot Cheese 200G,£2.80,£14.00/kg,null,cheese,2024-11-05
Tesco Finest Vintage Cheddar Cheese 300 G,£4.00,£13.33/kg,null,cheese,2024-11-05
Ilchester Applewood Smoked Cheddar Cheese 185 G,£2.70,£14.60/kg,null,cheese,2024-11-05
Tesco Red Leicester Cheese 220G,£2.50,£11.36/kg,null,cheese,2024-11-05
Tesco Finest Gorgonzola Piccante 175G,null,null,null,cheese,2024-11-05
Président French Brie Cheese 200g,£2.95,£14.75/kg,null,cheese,2024-11-05
Dairylea Dunkers Jumbo Tubes Cheese Snacks 6 pack 6x41G,£3.30,£13.42/kg,null,cheese,2024-11-05
Pilgrims Choice Extra Mature Cheddar Cheese 350 G,null,null,£2.85 Clubcard Price,cheese,2024-11-05
Cathedral City Lighter Mature Cheddar Cheese 350 G,£2.99,£8.54/kg,null,cheese,2024-11-05
Saint Agur Blue Cheese 150G,£3.20,£21.33/kg,null,cheese,2024-11-05
Cathedral City 6 Slices Mature Cheddar Cheese 150 G,£2.55,£17.00/kg,null,cheese,2024-11-05
Tesco French Le Roule Garlic & Herb Soft Cheese 150 G,£2.50,£16.67/kg,null,cheese,2024-11-05
Tesco British Brie 160G,£2.25,£14.06/kg,null,cheese,2024-11-05
Castello Creamy Blue Cheese 150g,£2.90,£19.33/kg,£2.00 Clubcard Price,cheese,2024-11-05
Castello Extra Creamy Brie Cheese 200g,£2.80,£14.00/kg,£2.00 Clubcard Price,cheese,2024-11-05
Tesco Edam Slices 250G,£2.75,£11.00/kg,Any 2 for £4.50 Clubcard Price - Selected Sliced And Grated Cheese,cheese,2024-11-05
Tesco Gouda Slices 250G,£2.75,£11.00/kg,Any 2 for £4.50 Clubcard Price - Selected Sliced And Grated Cheese,cheese,2024-11-05
"Tesco British Mild Cheddar Cheese 10 Slices, 250 G",£2.75,£11.00/kg,Any 2 for £4.50 Clubcard Price - Selected Sliced And Grated Cheese,cheese,2024-11-05
Tesco Red Leicester Cheese 400G,£3.00,£7.50/kg,null,cheese,2024-11-05
Tesco 50% Less Fat Soft Cheese 200G,£1.50,£7.50/kg,null,cheese,2024-11-05
Philadelphia Light Low Fat Soft Cream Cheese 165G,£2.25,£13.64/kg,null,cheese,2024-11-05
Le Rustique Brie 200G,£2.60,£13.00/kg,null,cheese,2024-11-05
Creamfields Mild White Cheddar 400G,£2.49,£6.22/kg,null,cheese,2024-11-05
Tesco Paneer Cheese 200G,£1.75,£8.75/kg,null,cheese,2024-11-05
Primula Original Cheese Tube 140G,£2.00,£14.29/kg,null,cheese,2024-11-05
Cathedral City Minis Mature Cheddar Cheese 6x20g,£2.10,£17.50/kg,null,cheese,2024-11-05
Cathedral City 5 Cheddar Sticks with Branston Pickle Dip 60g,£1.25,£20.83/kg,£1.00 Clubcard Price,cheese,2024-11-05
Orkney Coloured Mature Cheddar Cheese 200g,null,null,null,cheese,2024-11-05
Tesco 10 Mild Cheese Slices 200G,£1.40,£7.00/kg,null,cheese,2024-11-05
Cheestrings Original Cheese Snacks 4 Pack 80G,£1.75,£21.88/kg,£1.25 Clubcard Price,cheese,2024-11-05
Dairylea Cheese Slices 8 pack 8x20.5G,£1.45,£8.84/kg,£1.25 Clubcard Price,cheese,2024-11-05
Creamfields Lighter Mature Cheese 400G,£2.49,£6.22/kg,null,cheese,2024-11-05
Creamfields Mild Cheddar 10 Slices 200G,£1.39,£6.95/kg,null,cheese,2024-11-05
Creamfields Cottage Cheese Low Fat 300G,null,null,null,cheese,2024-11-05
Creamfields 15 Cheese Slices 255G,£0.83,£3.26/kg,null,cheese,2024-11-05
Tesco British Mature Cheddar Cheese 220G,£2.50,£11.36/kg,null,cheese,2024-11-05
Tesco Finest Extra Mature English Cheddar Cheese 350G,£4.00,£11.43/kg,null,cheese,2024-11-05
Tesco British Goats Cheese 125G,£2.50,£20.00/kg,null,cheese,2024-11-05
Tesco Camembert 250G,£2.80,£11.20/kg,null,cheese,2024-11-05
Tesco Emmental Slices 250G,£2.75,£11.00/kg,Any 2 for £4.50 Clubcard Price - Selected Sliced And Grated Cheese,cheese,2024-11-05
Tesco Finest Reserve Swiss Gruyere Cheese 195 G,£4.35,£22.31/kg,null,cheese,2024-11-05
Cathedral City Grated Mature Cheddar Cheese 180 G,£2.55,£14.17/kg,Any 2 for £4.50 Clubcard Price - Selected Sliced And Grated Cheese,cheese,2024-11-05
Tesco British Mild Grated Cheddar Cheese 250 G,£2.65,£10.60/kg,Any 2 for £4.50 Clubcard Price - Selected Sliced And Grated Cheese,cheese,2024-11-05
Tesco Double Gloucester Cheese 400G,£3.00,£7.50/kg,null,cheese,2024-11-05
Dairylea Cheese Spread 270G,£2.70,£10.00/kg,£2.25 Clubcard Price,cheese,2024-11-05
Tesco 30% Reduced Fat Mature Cheese Slices 250G,£2.75,£11.00/kg,Any 2 for £4.50 Clubcard Price - Selected Sliced And Grated Cheese,cheese,2024-11-05
Tesco Grated Red Leicester 250 G,£2.65,£10.60/kg,Any 2 for £4.50 Clubcard Price - Selected Sliced And Grated Cheese,cheese,2024-11-05
Tesco Finest Mature Blue Stilton 180G,£3.00,£16.67/kg,Any 3 for 2 Clubcard Price - Cheapest Product Free - Selected Deli Grab Go,cheese,2024-11-05
Philadelphia Lightest Low Fat Soft Cream Cheese 165G,£2.25,£13.64/kg,null,cheese,2024-11-05
Arla LactoFREE Mature Cheddar Cheese 200g,£2.50,£12.50/kg,null,cheese,2024-11-05
Philadelphia Garlic & Herbs Soft Cream Cheese 165G,£2.25,£13.64/kg,null,cheese,2024-11-05
Dairylea Cheese Spread 145G,£1.95,£13.45/kg,null,cheese,2024-11-05
Tesco Fat Free Cottage Cheese 300G,null,null,null,cheese,2024-11-05
Philadelphia Light Low Fat Soft Cream Cheese 280G,£3.25,£11.61/kg,£1.90 Clubcard Price,cheese,2024-11-05
Castello Pineapple & Almond Cream Cheese Ring 125g,£2.30,£18.40/kg,Save 1/3 £1.50 Clubcard Price,cheese,2024-11-05
"Boursin Garlic & Herb Cheese 6 Pack, 96 G",£2.25,£23.44/kg,Save 1/3 £1.50 Clubcard Price,cheese,2024-11-05
Cathedral City 4 Mature Cheddar Slices Crackers & Pickle 122g,£2.00,£16.39/kg,£1.75 Clubcard Price,cheese,2024-11-05
Dairylea Cheese Spread Triangles 8 pack 8x15.6G,£1.75,£14.00/kg,null,cheese,2024-11-05
Tesco Smoked Beechwood Cheese 150G,£2.15,£14.33/kg,null,cheese,2024-11-05
Creamfields Grated Grana Padano 100G,£1.59,£15.90/kg,null,cheese,2024-11-05
Tesco Wensleydale & Cranberry Cheese 170G,null,null,Any 3 for 2 Clubcard Price - Cheapest Product Free - Selected Deli Grab Go,cheese,2024-11-05
Tesco Grated Pecorino Cheese 50G,£1.35,£27.00/kg,null,cheese,2024-11-05
Seriously Spreadable Original Cheese Spread 125g,£1.58,£12.64/kg,null,cheese,2024-11-05
Joseph Heler White Cheshire Cheese 200 G,£2.00,£10.00/kg,null,cheese,2024-11-05
Creamfields Grana Padano Wedge 175G,£1.79,£10.23/kg,null,cheese,2024-11-05
Dairylea Lunchers Ham & Cheese Snacks 74g,£1.60,£21.62/kg,null,cheese,2024-11-05
Tesco Double Gloucester Onion & Chives 200G,£2.80,£14.00/kg,null,cheese,2024-11-05
The Laughing Cow Light Cheese Spread Triangles 16Pk 267G,£2.95,£11.05/kg,null,cheese,2024-11-05
Tesco 10 Extra Mature Cheddar Slices 250G,£2.75,£11.00/kg,Any 2 for £4.50 Clubcard Price - Selected Sliced And Grated Cheese,cheese,2024-11-05
Davidstow Crackler Extra Mature Cornish Cheddar Cheese 320g,£4.75,£14.84/kg,£3.25 Clubcard Price,cheese,2024-11-05
Chavroux Goat's Cheese Log 150G,£2.80,£18.67/kg,null,cheese,2024-11-05
Tesco Finest Aged Blue Stilton 215G,£3.40,£15.81/kg,null,cheese,2024-11-05
Tesco Wensleydale Cheese 220G,£2.50,£11.36/kg,null,cheese,2024-11-05
Tesco Parmigiano Reggiano 100G,£2.50,£25.00/kg,null,cheese,2024-11-05
Pilgrims Choice Mature Cheddar Cheese 350 G,null,null,£2.85 Clubcard Price,cheese,2024-11-05
Cathedral City Plant Based Mature Cheddar Cheese Flavour Vegan Grated 150g,£2.50,£16.67/kg,Any 2 for £4.50 Clubcard Price - Selected Sliced And Grated Cheese,cheese,2024-11-05
Dairylea Cheese Spread Triangles 16 pack 16x15.6G,£2.95,£11.80/kg,£2.25 Clubcard Price,cheese,2024-11-05
Galbani Maxi Italian Mozzarella Cheese 250g,£2.95,£11.80/kg DR.WT,null,cheese,2024-11-05
Tesco Reduced Fat Salad Cheese 200G,£2.00,£10.00/kg,null,cheese,2024-11-05
Tesco Finest Parmigiano Reggiano 170 G,null,null,null,cheese,2024-11-05
Tesco Cambozola Blue Brie 175G,£3.10,£17.71/kg,null,cheese,2024-11-05
Leerdammer Light Cheese Slices 160g,£2.35,£14.69/kg,null,cheese,2024-11-05
"Tesco British Medium Cheddar 10 Slices, 250 G",£2.75,£11.00/kg,Any 2 for £4.50 Clubcard Price - Selected Sliced And Grated Cheese,cheese,2024-11-05
Leerdammer Original Cheese Slices 160g,£2.35,£14.69/kg,null,cheese,2024-11-05
Creamfields Grated Mature Cheddar 250G,null,null,null,cheese,2024-11-05
Tesco Soft Cheese 50% Less Fat Garlic & Herb 200G,£1.50,£7.50/kg,null,cheese,2024-11-05
Galbani Italian Mozzarella Cheese 125g,£1.90,£15.20/kg DR.WT,null,cheese,2024-11-05
Dairylea Lunchers Chicken & Cheese Snacks 68g,£1.60,£23.53/kg,null,cheese,2024-11-05
Primula Cheese & Ham Tube 140G,£2.00,£14.29/kg,null,cheese,2024-11-05
Primula Cheese & Chive Tube 140G,£2.00,£14.29/kg,null,cheese,2024-11-05
Tesco 10 Red Leicester Slices 250G,£2.75,£11.00/kg,Any 2 for £4.50 Clubcard Price - Selected Sliced And Grated Cheese,cheese,2024-11-05
Tesco Ricotta Cheese 250 G,£1.50,£6.00/kg,null,cheese,2024-11-05
Tesco Quark Fat Free Soft Cheese 250G,£1.15,£4.60/kg,null,cheese,2024-11-05
Tesco Finest Manchego Cheese 175 G,£4.45,£25.43/kg,null,cheese,2024-11-05
Tesco 10 Mature Slices 200G,£1.40,£7.00/kg,null,cheese,2024-11-05
"Mini Babybel Original Cheese 6 Pack, 120 G",null,null,£1.50 Clubcard Price,cheese,2024-11-05
Tesco Shropshire Blue Cheese 180G,£2.50,£13.89/kg,Any 3 for 2 Clubcard Price - Cheapest Product Free - Selected Deli Grab Go,cheese,2024-11-05
Seriously Spreadable Vintage Cheese Spread 125g,£1.58,£12.64/kg,null,cheese,2024-11-05
Seriously Spreadable Lighter Cheese Spread 125g,£1.58,£12.64/kg,null,cheese,2024-11-05
Cathedral City Mature Lighter Cheddar Cheese 550G,£5.40,£9.82/kg,null,cheese,2024-11-05
Tesco Mozzarella Slices 250G,£2.75,£11.00/kg,Any 2 for £4.50 Clubcard Price - Selected Sliced And Grated Cheese,cheese,2024-11-05
Mexicana Original Hot Cheddar Cheese Chilli 200 G,£2.95,£14.75/kg,null,cheese,2024-11-05
Cathedral City Plant Based Mature Cheddar Cheese Flavour Vegan Block 280g,£3.60,£12.86/kg,null,cheese,2024-11-05
Tesco Finest Wensleydale Cheese Cranberries & Blueberry 200G,£3.20,£16.00/kg,null,cheese,2024-11-05
Tesco Danish Blue Cheese 150 G,£2.50,£16.67/kg,null,cheese,2024-11-05
Violife Epic Cheddar Cheese Alternative 200g,£2.75,£13.75/kg,null,cheese,2024-11-05
Jarlsberg Cheese Cheese 190G,£2.90,£15.26/kg,null,cheese,2024-11-05
Dairylea Dunkers Ritz Cheese Snacks 6 pack 6x43G,£3.30,£12.79/kg,null,cheese,2024-11-05
Philadelphia Light Low Fat Soft Cream Cheese Snacks 3 Pack 126G,£2.00,£15.87/kg,null,cheese,2024-11-05
Tesco Finest Camembert D'isigny 250G,£3.20,£12.80/kg,null,cheese,2024-11-05
Applewood Slices 160G,£2.95,£18.44/kg,Any 2 for £4.50 Clubcard Price - Selected Sliced And Grated Cheese,cheese,2024-11-05
Davidstow Classic Mature Cornish Cheddar Cheese 350g,£4.75,£13.57/kg,£3.25 Clubcard Price,cheese,2024-11-05
Mexicana Hot Cheddar Cheese Slices 160 G,£2.95,£18.44/kg,Any 2 for £4.50 Clubcard Price - Selected Sliced And Grated Cheese,cheese,2024-11-05
Tesco Grated 30% Reduced Fat Mature Cheese 250G,£2.65,£10.60/kg,Any 2 for £4.50 Clubcard Price - Selected Sliced And Grated Cheese,cheese,2024-11-05
Saint Agur Blue Creme Cheese 150G,£2.75,£18.33/kg,£2.20 Clubcard Price,cheese,2024-11-05
Free From Violife Cream Cheese Alternative 200G,£2.75,£13.75/kg,£2.00 Clubcard Price,cheese,2024-11-05
Tesco Finest Vintage Cheddar 200G,£3.00,£15.00/kg,Any 3 for 2 Clubcard Price - Cheapest Product Free - Selected Deli Grab Go,cheese,2024-11-05
Orkney Coloured Medium Cheddar Cheese 200g,null,null,null,cheese,2024-11-05
Philadelphia Chives Soft Cream Cheese 165G,£2.25,£13.64/kg,null,cheese,2024-11-05
Arla LactoFREE Mature Cheddar Grated Cheese 200g,£2.50,£12.50/kg,null,cheese,2024-11-05
Tesco Natural Cottage Cheese 600G,£2.50,£4.17/kg,null,cheese,2024-11-05
Philadelphia Garlic & Herbs Soft Cream Cheese 280G,£3.25,£11.61/kg,£1.90 Clubcard Price,cheese,2024-11-05
Cathedral City Minis Mature Lighter Cheddar Cheese 6x20G,£2.10,£17.50/kg,null,cheese,2024-11-05
Cathedral City Lactose Free Mature Cheddar Cheese 200G,£2.85,£14.25/kg,£2.15 Clubcard Price,cheese,2024-11-05
Tesco Fat Free Pineapple Cottage Cheese 300G,£1.50,£5.00/kg,null,cheese,2024-11-05
The Laughing Cow Cheese Dip & Crunch Spread 140 G,£1.60,£11.43/kg,null,cheese,2024-11-05
Philadelphia Light Soft Cream Cheese Snacks Mini Tub 4 Pack 140G,£1.95,£13.93/kg,£1.00 Clubcard Price,cheese,2024-11-05
Cathedral City Kids Nibbles Mild Lighter Cheddar Cheese 5x16g,£2.00,£25.00/kg,£1.15 Clubcard Price,cheese,2024-11-05
Vintage Red Fox Cheese 200G,£3.00,£15.00/kg,Any 3 for 2 Clubcard Price - Cheapest Product Free - Selected Deli Grab Go,cheese,2024-11-05
Président Emmental Cheese Block 200g,£2.25,£11.25/kg,null,cheese,2024-11-05
Creamfields Greek Style Salad Cheese 200G,£0.89,£4.45/kg,null,cheese,2024-11-05
Cricket St Thomas British Camembert Cheese 220g,£2.75,£12.50/kg,Any 3 for 2 Clubcard Price - Cheapest Product Free - Selected Deli Grab Go,cheese,2024-11-05
Tesco Caramelised Red Onion Cheddar 180G,£2.75,£15.28/kg,Any 3 for 2 Clubcard Price - Cheapest Product Free - Selected Deli Grab Go,cheese,2024-11-05
Cathedral City Mild Cheddar Cheese 550G,£5.40,£9.82/kg,null,cheese,2024-11-05
Tesco Organic Mature Cheddar 400G,£4.75,£11.88/kg,null,cheese,2024-11-05
Tesco Cheddar With Chillies 200 G,£2.80,£14.00/kg,null,cheese,2024-11-05
The Laughing Cow Original Cheese Spread Triangles 16Pk 267G,£2.95,£11.05/kg,null,cheese,2024-11-05
Galbani Dolcelatte Italian Mild Blue Cheese 150g,£3.00,£20.00/kg,Save 25% £2.25 Clubcard Price,cheese,2024-11-05
Tesco British Hard Goats Cheese 200G,£3.40,£17.00/kg,null,cheese,2024-11-05
Dairylea Filled Cheese Crackers Snacks 5 pack 5x19.3G,£2.30,£23.86/kg,null,cheese,2024-11-05
Applewood Vegan Smoky Cheese Alternative 200G,£2.40,£12.00/kg,null,cheese,2024-11-05
Tesco Organic Greek Feta Cheese 200 G,£2.90,£14.50/kg,null,cheese,2024-11-05
Pilgrims Choice Lighter Mature Cheddar Cheese 350G,£4.20,£12.00/kg,£2.85 Clubcard Price,cheese,2024-11-05
Cathedral City Plant Based Mature Cheddar Cheese Flavour Vegan Slices 150g,£2.50,£16.67/kg,Any 2 for £4.50 Clubcard Price - Selected Sliced And Grated Cheese,cheese,2024-11-05
Tesco Dutch Gouda Cheese 265 G,£2.60,£9.81/kg,null,cheese,2024-11-05
Dairylea Strip Cheese 8 Pack 168G,£2.40,£14.29/kg,null,cheese,2024-11-05
Mexicana Extra Hot Cheddar 170G,null,null,Any 3 for 2 Clubcard Price - Cheapest Product Free - Selected Deli Grab Go,cheese,2024-11-05
Yamas Authentic Greek Feta Pdo 150G,£2.00,£13.33/kg,null,cheese,2024-11-05
Philadelphia Salmon Soft Cream Cheese 165G,£2.25,£13.64/kg,null,cheese,2024-11-05
Philadelphia Sweet Chilli Soft Cream Cheese 165G,£2.25,£13.64/kg,null,cheese,2024-11-05
Philadelphia Intense Garlic & Herb Soft Cream Cheese 140G,null,null,£1.75 Clubcard Price,cheese,2024-11-05
Laughing Cow Lightest Cheese Spread Triangles 8Pk 133G,£1.90,£14.29/kg,Save 1/3 £1.25 Clubcard Price,cheese,2024-11-05
Primula Cheese & Prawn Tube 140G,£2.00,£14.29/kg,null,cheese,2024-11-05
Tesco Mozzarella For Pizza 250G,£2.35,£9.40/kg,null,cheese,2024-11-05
Tesco Finest Comte Aop 180G,£3.65,£20.28/kg,null,cheese,2024-11-05
Tesco 10 Reduced Fat Mild Slices 200G,£1.40,£7.00/kg,null,cheese,2024-11-05
Arla LactoFREE Soft Cheese 200g,£1.75,£8.75/kg,null,cheese,2024-11-05
"Cheestrings Twisted Cheese Snacks 4 Pk, 80 G",£1.75,£21.88/kg,£1.25 Clubcard Price,cheese,2024-11-05
Hawes Traditional Wensleydale 190G,£2.75,£14.47/kg,Any 3 for 2 Clubcard Price - Cheapest Product Free - Selected Deli Grab Go,cheese,2024-11-05
Tesco Cheddar Pickled Onion & Chives 180G,£2.75,£15.28/kg,Any 3 for 2 Clubcard Price - Cheapest Product Free - Selected Deli Grab Go,cheese,2024-11-05
Tesco Cheddar With Garlic & Herb 190G,£2.75,£14.47/kg,Any 3 for 2 Clubcard Price - Cheapest Product Free - Selected Deli Grab Go,cheese,2024-11-05
Counter Old Amsterdam Mature Gouda Cheese 150G,£3.00,£20.00/kg,Any 3 for 2 Clubcard Price - Cheapest Product Free - Selected Deli Grab Go,cheese,2024-11-05
Galbani Italian Burrata Cheese 150g,£3.35,£22.33/kg DR.WT,null,cheese,2024-11-05
Ilchester Mini Cheese Selection 230G,£3.85,£16.74/kg,null,cheese,2024-11-05
Tesco Finest Extra Mature Double Gloucester Cheese 200G,£3.35,£16.75/kg,null,cheese,2024-11-05
Red Fox Aged Red Leicester 200G,£3.00,£15.00/kg,null,cheese,2024-11-05
Tesco Italian Pecorino Cheese 170 G,£3.90,£22.94/kg,null,cheese,2024-11-05
Tesco Finest Triple Creme Brie 125G,£3.55,£28.40/kg,null,cheese,2024-11-05
Castello Tickler Extra Mature Cheddar Cheese 300g,£4.50,£15.00/kg,Save 1/3 £3.00 Clubcard Price,cheese,2024-11-05
Capricorn Somerset Goats Cheese 85g,£2.50,£29.41/kg,null,cheese,2024-11-05
Tesco Finest Ossau Iraty Cheese 180 G,£4.25,£23.61/kg,null,cheese,2024-11-05
Tesco Finest Halloumi Cheese 225 G,£3.60,£16.00/kg,null,cheese,2024-11-05
Tesco Finest Vintage Coastal Bite Cheese 200G,£2.85,£14.25/kg,null,cheese,2024-11-05
Tesco Finest Mature English Cheddar Cheese 350G,£4.00,£11.43/kg,null,cheese,2024-11-05
Tesco Finest Cave Aged Goat Cheese 200G,£4.00,£20.00/kg,null,cheese,2024-11-05
Tesco Finest Stratford Blue Cheese 150G,£3.25,£21.67/kg,null,cheese,2024-11-05
Violife Plant Based Cheddarton 200G,£2.75,£13.75/kg,null,cheese,2024-11-05
Cathedral City Vintage Our Strongest Cheddar Cheese 350G,£2.99,£8.54/kg,null,cheese,2024-11-05
Tesco 10 Beechwood Smoked Cheese Slices 250G,£3.55,£14.20/kg,null,cheese,2024-11-05
Président Grated Emmental Cheese 200g,£2.85,£14.25/kg,null,cheese,2024-11-05
T Double Gloucester Chive And Onion Cheese Slices 150G,£2.00,£13.33/kg,null,cheese,2024-11-05
PIE D'ANGLOYS SOFT CHEESE 200 g,£2.90,£14.50/kg,£2.60 Clubcard Price,cheese,2024-11-05
Graham's Natural Cottage Cheese Full Fat 300G,£1.65,£5.50/kg,null,cheese,2024-11-05
Long Clawson Barnstone Blue Cheese 170G,£2.75,£16.18/kg,Any 3 for 2 Clubcard Price - Cheapest Product Free - Selected Deli Grab Go,cheese,2024-11-05
Counter Smoked Processed Cheese 200G,£3.00,£15.00/kg,Any 3 for 2 Clubcard Price - Cheapest Product Free - Selected Deli Grab Go,cheese,2024-11-05
Tesco Finest Kidderton Ash Goats Cheese 150G,£3.35,£22.33/kg,null,cheese,2024-11-05
Caprice Des Dieux French Cheese 200G,£3.00,£15.00/kg,Save 25% £2.25 Clubcard Price,cheese,2024-11-05
Davidstow 36 Month Reserve Cheddar 200G,£2.75,£13.75/kg,Any 3 for 2 Clubcard Price - Cheapest Product Free - Selected Deli Grab Go,cheese,2024-11-05
Philadelphia Original Soft Cream Cheese Mini Tub 4 Pack 140G,£1.95,£13.93/kg,£1.00 Clubcard Price,cheese,2024-11-05
"Mini Babybel Light Cheese 6 Pack, 120 G",£2.15,£17.92/kg,£1.50 Clubcard Price,cheese,2024-11-05
Le Superbe Raclette Cheese 150G,£2.75,£18.33/kg,Any 3 for 2 Clubcard Price - Cheapest Product Free - Selected Deli Grab Go,cheese,2024-11-05
Tesco Cheddar With Oak Smoked Jalapeno & Red Pepper 180G,£2.75,£15.28/kg,Any 3 for 2 Clubcard Price - Cheapest Product Free - Selected Deli Grab Go,cheese,2024-11-05
101. Tesco Finest Aged Blue Stilton 1kg (Serves approx 33),£13.00,£13.00/kg,null,cheese,2024-11-05
Tesco Finest Vintage Gouda Cheese 200 G,£4.40,£22.00/kg,null,cheese,2024-11-05
Tesco Classic Cheese Selection 450G,null,null,null,cheese,2024-11-05
Tesco Finest British Triple Cheese Bake 300G,£7.00,£23.33/kg,null,cheese,2024-11-05
Ivy's Reserve Vintage Cheddar 300G,£3.75,£12.50/kg,null,cheese,2024-11-05
Tesco Finest Aop Epoisses Cheese 125 G,£3.65,£29.20/kg,null,cheese,2024-11-05
Violife Vegan Greek White Block 230G,£3.00,£13.04/kg,null,cheese,2024-11-05
Président Crispy Bakes with Brie Cheese 150g,£3.00,£20.00/kg,null,cheese,2024-11-05
Tesco Finest St. Felicien Cheese 180 G,£3.35,£18.61/kg,null,cheese,2024-11-05
Tesco Mature Cheddar 700G,£4.70,£6.71/kg,null,cheese,2024-11-05
Tesco Feta Cubes 410G,£2.75,£18.33/kg DR.WT,null,cheese,2024-11-05
Tesco Salad Cheese 200G .,£2.00,£10.00/kg,null,cheese,2024-11-05
Tesco Finest Chaource Cheese 250 G,£3.55,£14.20/kg,null,cheese,2024-11-05
1912 Artisan Blue Stilton Cheese 150G,£3.00,£20.00/kg,null,cheese,2024-11-05
Tesco Finest Vintage Cheddar & Sauvignon Blanc Bake 150G,£3.65,£24.33/kg,null,cheese,2024-11-05
Tesco Chilli Cheese Mix 200G,£2.65,£13.25/kg,Any 2 for £4.50 Clubcard Price - Selected Sliced And Grated Cheese,cheese,2024-11-05
Tesco Finest Cheddar Mozzarella & Chorizo Bake 150G,£3.65,£24.33/kg,null,cheese,2024-11-05
Tesco Finest Red Leicester Bite With Garlic & Black Pepper 150G,£3.65,£24.33/kg,null,cheese,2024-11-05
Eatlean Protein Cheese Grated 180G,£2.50,£13.89/kg,Any 2 for £4.50 Clubcard Price - Selected Sliced And Grated Cheese,cheese,2024-11-05
Tesco Finest Morbier Aop Cheese 200 G,£3.55,£17.75/kg,null,cheese,2024-11-05
Shepherds Purse Harrogate Blue 100G,£2.75,£27.50/kg,Any 3 for 2 Clubcard Price - Cheapest Product Free - Selected Deli Grab Go,cheese,2024-11-05
Tesco Finest Montagnolo Affine 160G,£3.00,£18.75/kg,Any 3 for 2 Clubcard Price - Cheapest Product Free - Selected Deli Grab Go,cheese,2024-11-05
Attack A Snak Chicken & Cheese Wrap Kit 86G,£1.50,£17.44/kg,Save 1/3 £1.00 Clubcard Price,cheese,2024-11-05
Tesco Finest Burland Bloom 150G,£3.00,£2.00/100g,Any 3 for 2 Clubcard Price - Cheapest Product Free - Selected Deli Grab Go,cheese,2024-11-05
Graindorge Unpasteurised Camembert 150G,£2.60,£1.73/100g,Any 3 for 2 Clubcard Price - Cheapest Product Free - Selected Deli Grab Go,cheese,2024-11-05
Cathedral City High Protein Half Fat Mature Cheddar Cheese 300g,£3.75,£12.50/kg,null,cheese,2024-11-05
Dairylea Cheese Slices 18 pack 18x20.5G,£2.80,£7.59/kg,null,cheese,2024-11-05
Cathedral City Mature Grated Cheddar Cheese 320G,£3.50,£10.94/kg,£3.00 Clubcard Price,cheese,2024-11-05
"Tesco Double Gloucester, Onion and Chive Slices 150g",£2.65,£17.67/kg,null,cheese,2024-11-05
Creamfields Mild Cheddar 900g,null,null,null,cheese,2024-11-05
Tesco Chilli Cheese Slices 150g,£2.65,£17.67/kg,null,cheese,2024-11-05
Tesco Finest Italian Burrata 250G,£2.50,£16.67/kg DR.WT,null,cheese,2024-11-05
Cathedral City Minis Extra Mature Cheddar Cheese 6x20g,£2.10,£17.50/kg,null,cheese,2024-11-05
Attack A Snak Ham & Cheese Wrap Kit 86G,£1.50,£17.44/kg,Save 1/3 £1.00 Clubcard Price,cheese,2024-11-05
Attack A Snak Pepperoni & Cheese Wrap Kit 83G,£1.50,£18.07/kg,Save 1/3 £1.00 Clubcard Price,cheese,2024-11-05
Marmite Cheddar Cheese Bites 75g,£1.50,£20.00/kg,null,cheese,2024-11-05
Pilgrims Choice Extra Mature Cheddar Sticks 6X20g,£2.00,£16.67/kg,Save 25% £1.50 Clubcard Price,cheese,2024-11-05
Smug Dairy Slices 150g,£2.25,£15.00/kg,Save 1/3 £1.50 Clubcard Price,cheese,2024-11-05
Tesco Finest Roquefort 100G,£3.00,£30.00/kg,null,cheese,2024-11-05
Cathedral City Red Leicester Cheese 300g,£2.99,£9.97/kg,null,cheese,2024-11-05
Cathedral City Smoked Cheddar Block 300g,£3.75,£12.50/kg,null,cheese,2024-11-05
Tesco Finest Vintage Red Fox Cheese 200g,£3.50,£17.50/kg,null,cheese,2024-11-05
Tesco Grated Four Cheese 250g,£2.65,£10.60/kg,null,cheese,2024-11-05
Tesco Finest Vintage Cheddar Cheese 500g,£5.50,£11.00/kg,£4.00 Clubcard Price,cheese,2024-11-05
Tesco Edam Cheese 300g,£2.75,£9.17/kg,null,cheese,2024-11-05
Tesco Finest Abondance AOP Cheese 180g,£4.00,£2.22/100g,Any 3 for 2 Clubcard Price - Cheapest Product Free - Selected Deli Grab Go,cheese,2024-11-05
Tesco Finest Extra Mature Cheddar Cheese 550g,£5.50,£10.00/kg,£4.00 Clubcard Price,cheese,2024-11-05
Tesco Finest Mozzarella Di Bufala Campana PDO 200g,£2.35,£11.75/kg DR.WT,null,cheese,2024-11-05
TESCO FINEST ITALIAN SMOKED SCAMORZA MOZZARELLA 180g,£2.60,£14.44/kg,null,cheese,2024-11-05
Cathedral City High Protein Half Fat Grated Mature Cheddar Cheese 180g,£2.50,£13.89/kg,Any 2 for £4.50 Clubcard Price - Selected Sliced And Grated Cheese,cheese,2024-11-05
Tesco Finest Brillat Savarin Affine IGP Triple Cream Cheese 200g,£4.50,£2.25/100g,Any 3 for 2 Clubcard Price - Cheapest Product Free - Selected Deli Grab Go,cheese,2024-11-05
Leerdammer Original Grated Cheese 160g,£2.35,£14.69/kg,null,cheese,2024-11-05
Boursin Truffle Flavoured Soft Cheese 150g,£2.95,£19.67/kg,£2.00 Clubcard Price,cheese,2024-11-05
Kavli Whipped Cheddar and Chorizo 120g,£2.75,£22.92/kg,£2.25 Clubcard Price,cheese,2024-11-05
Goosnargh Gold Double Gloucester Cheese 150g,£2.75,£1.83/100g,Any 3 for 2 Clubcard Price - Cheapest Product Free - Selected Deli Grab Go,cheese,2024-11-05
Tesco Finest Vintage Smoked Red Fox 200g,null,null,Any 3 for 2 Clubcard Price - Cheapest Product Free - Selected Deli Grab Go,cheese,2024-11-05
TESCO FINEST OAK SMOKED EXTRA-MATURE CHEDDAR 200G,£3.50,£1.75/100g,Any 3 for 2 Clubcard Price - Cheapest Product Free - Selected Deli Grab Go,cheese,2024-11-05
Laughing Cow Original Cheese Spread Triangles 8 Pack 133G,£1.95,£14.66/kg,£1.25 Clubcard Price,cheese,2024-11-05
Tesco Mozzarella 200g,£1.30,£10.40/kg DR.WT,null,cheese,2024-11-05
Tesco Reduced Fat Mozzarella 200g,£1.35,£10.80/kg DR.WT,null,cheese,2024-11-05
TESCO CHEDDAR WITH GARLIC & HERBS 180g,£2.75,£1.53/100g,Any 3 for 2 Clubcard Price - Cheapest Product Free - Selected Deli Grab Go,cheese,2024-11-05
Tranos Greek Feta 200G,£1.69,£8.45/kg,null,cheese,2024-11-05
The Real Greek Halloumi Skewers 225g,£7.00,£31.11/kg,null,cheese,2024-11-05
Tesco Finest Cheese Selection 490G,£7.50,£15.31/kg,null,cheese,2024-11-05
Cathedral City Plant Based Smokey Cheddar Cheese Flavour Vegan Block 280g,£3.60,£12.86/kg,null,cheese,2024-11-05
Cathedral City Plant Based Extra Mature Cheddar Cheese Flavour Vegan Block 280g,£3.60,£12.86/kg,null,cheese,2024-11-05
Dairylea Dunkers Plant Based Jumbo Tubes 4 Pack,£3.25,£19.82/kg,null,cheese,2024-11-05
Tesco Free From Coconut Oil Alternative to Mature Cheddar 200g,£2.60,£13.00/kg,null,cheese,2024-11-05
St Helen's Farm Mature Goats Cheese 170G,£3.50,£20.59/kg,null,cheese,2024-11-05
Tesco Free From Coconut Oil Alternative to Grated Mozzarella 200g,£2.60,£13.00/kg,null,cheese,2024-11-05
Tesco Finest Aged Yorkshire Wensleydale Cheese 300g,£3.80,£12.67/kg,null,cheese,2024-11-05
Yamas! Authentic Cypriot Halloumi Pdo 200G,£2.75,£13.75/kg,null,cheese,2024-11-05
Tesco Finest Barrel Aged Feta 250g,£2.60,£10.40/kg DR.WT,null,cheese,2024-11-05
Violife Cheddarton Extra Mature 200g,£2.75,£13.75/kg,null,cheese,2024-11-05
Tesco Free From Coconut Oil Alternative to Soft Cheese 150g,£2.00,£13.33/kg,null,cheese,2024-11-05
Tesco Free From Coconut Oil Alternative to Garlic and Herb Soft Cheese 150g,£2.00,£13.33/kg,null,cheese,2024-11-05
APETINA ORIGINAL WHITE CHEESE IN BRINE 410G,£2.40,£5.85/kg DR.WT,null,cheese,2024-11-05
Dairylea Dunkers Nacho Cheese Snacks 3 x 43g,£2.25,£17.44/kg,Save 1/3 £1.50 Clubcard Price,cheese,2024-11-05
Cypressa Halloumi Cheese 200g,£2.50,£12.50/kg,null,cheese,2024-11-05
Philadelphia Vegan Almond & Oat Soft Cream Cheese Alternative 145G,£2.75,£18.97/kg,£2.00 Clubcard Price,cheese,2024-11-05
Dairylea Dunkers Breadsticks Cheese Snacks 3 x 43g,£2.25,£17.44/kg,Save 1/3 £1.50 Clubcard Price,cheese,2024-11-05
Violife Vegan Creamy with Garlic & Herbs 150g,£2.75,£18.33/kg,£2.00 Clubcard Price,cheese,2024-11-05
Violife Original Slices Vegan Cheese Alternative 175g,£2.50,£14.29/kg,£1.75 Clubcard Price,cheese,2024-11-05
Dairylea Dunkers Jumbo Tubes Cheese Snacks 3x41g,£2.25,£18.29/kg,Save 1/3 £1.50 Clubcard Price,cheese,2024-11-05
Violife Original Grated Vegan Cheese Alternative 175g,£2.50,£14.29/kg,£1.75 Clubcard Price,cheese,2024-11-05
Tesco Wensleydale with Blueberry & Lemon 180g,£2.75,£1.53/100g DR.WT,Any 3 for 2 Clubcard Price - Cheapest Product Free - Selected Deli Grab Go,cheese,2024-11-05
Dairylea Dunkers Ritz Cheese Snacks 3 x 43g,£2.25,£53.57/kg,Save 1/3 £1.50 Clubcard Price,cheese,2024-11-05
TESCO CREAMY WENSLEYDALE WITH CRANBERRY 180g,£2.75,£1.53/100g,Any 3 for 2 Clubcard Price - Cheapest Product Free - Selected Deli Grab Go,cheese,2024-11-05
YAMAS! Whipped Feta 150g,£2.50,£16.67/kg,null,cheese,2024-11-05
Wensleydale Creamery Blue 140g,£2.75,£1.96/100g,Any 3 for 2 Clubcard Price - Cheapest Product Free - Selected Deli Grab Go,cheese,2024-11-05
Parlick Original Pure Sheep's Milk Cheese 110g,£2.75,£2.50/100g,Any 3 for 2 Clubcard Price - Cheapest Product Free - Selected Deli Grab Go,cheese,2024-11-05
TESCO FINEST MEDITERRANEAN INSPIRED FETA CHEESE BAKE 180G,£3.55,£19.72/kg,null,cheese,2024-11-05
TESCO WHITE STILTON WITH MANGO & GINGER 180g,£2.75,£1.53/100g,Any 3 for 2 Clubcard Price - Cheapest Product Free - Selected Deli Grab Go,cheese,2024-11-05
Barolina Occelli Italian cheese infused with Barolo wine 140g,£2.75,£19.64/kg,Any 3 for 2 Clubcard Price - Cheapest Product Free - Selected Deli Grab Go,cheese,2024-11-05
Yop Strawberry Yoghurt Drink 500g,£1.40,£0.28/100g,null,yogurts,2024-11-05
Yop Strawberry Multiserve Yoghurt Drink 825g,£2.00,£0.24/100g,Save 25% £1.50 Clubcard Price,yogurts,2024-11-05
Yop Raspberry Yoghurt Drink 500g,£1.40,£0.28/100g,null,yogurts,2024-11-05
Activia Vanilla & Granola Low Fat Breakfast Pot Topper Gut Health Yoghurt 165g,£1.85,£1.12/100g,null,yogurts,2024-11-05
Muller Light Red Fruit Assorted Fat Free Yogurt 6X140g,£4.00,£0.48/100g,null,yogurts,2024-11-05
Activia Peach No Added Sugar Fat Free Gut Health Yoghurt Multipack 4x115g,£2.50,£0.54/100g,null,yogurts,2024-11-05
Activia Strawberry Gut Health Yoghurt Multipack 4x115g,£2.50,£0.54/100g,null,yogurts,2024-11-05
Activia Rhubarb Gut Health Yoghurt Multipack 4x115g,£2.50,£0.54/100g,null,yogurts,2024-11-05
Activia Cherry No Added Sugar Fat Free Gut Health Yoghurt Multipack 4x115g,£2.50,£0.54/100g,null,yogurts,2024-11-05
Muller Corner Vanilla & Banana Yogurts with Chocolate Balls & Flakes 6 x 124g,null,null,£2.50 Clubcard Price,yogurts,2024-11-05
Muller Corner Strawberry Peach & Apricot Yogurts 6 X 136G,£4.00,£0.49/100g,£2.50 Clubcard Price,yogurts,2024-11-05
Muller Corner Strawberry Shortcake & Chocolate Digestive Yogurts 6 x 124g,£4.00,£0.54/100g,£2.50 Clubcard Price,yogurts,2024-11-05
Tesco Finest Greek Yogurt 500G,£2.30,£0.46/100g,null,yogurts,2024-11-05
Arla Protein Strawberry Pouch Yogurt 200G,£1.25,£0.62/100g,null,yogurts,2024-11-05
Petits Filous Kids Strawberry & Raspberry Yoghurt Big Pots 4 x 85g,£1.95,£0.57/100g,null,yogurts,2024-11-05
Frubes Kids Strawberry Red Berry & Peach Kids Yoghurt Tubes Multipack 9x37g,£2.25,£0.68/100g,null,yogurts,2024-11-05
Petits Filous Strawberry & Apricot Kids Yoghurt Big Pots 4x85g,£1.95,£0.57/100g,null,yogurts,2024-11-05
Petits Filous Kids Strawberry & Raspberry Yoghurt Small Pots 6 x 47g,£1.95,£0.69/100g,null,yogurts,2024-11-05
Oykos Strawberry Luxury Greek Style Yoghurt Dessert 4x110g,£1.95,£0.44/100g,null,yogurts,2024-11-05
Oykos Blueberry Luxury Greek Style Yoghurt Dessert 4x110g,£1.95,£0.42/100g,null,yogurts,2024-11-05
Oykos Peach Luxury Greek Style Yoghurt Dessert 4x110g,£1.95,£0.44/100g,null,yogurts,2024-11-05
Ski Smooth Strawberry & Raspberry Yogurt 4X120g,£1.50,£0.31/100g,null,yogurts,2024-11-05
Onken Mango & Passion Fruit Yogurt 450G,£1.95,£0.43/100g,£1.25 Clubcard Price,yogurts,2024-11-05
Munch Bunch Double Up Fromage Frais Strawberry Vanilla 4 x 85g (340g),£2.00,£0.59/100g,null,yogurts,2024-11-05
Muller Light Greek Style Lemon Yogurt 4X115g,£2.50,£0.54/100g,£1.50 Clubcard Price,yogurts,2024-11-05
Tesco Fromage Frais Strawberry Raspberry Pouches 4 X 80G,null,null,null,yogurts,2024-11-05
Lindahls Kvarg Raspberry 150G Pot,£1.25,£0.83/100g,Any 4 for £3 Clubcard Price - Selected Dairy Products,yogurts,2024-11-05
Arla Protein Raspberry Yogurt 200G,£1.25,£0.62/100g,Any 4 for £3 Clubcard Price - Selected Dairy Products,yogurts,2024-11-05
Arla Protein Strawberry Yogurt 200G,£1.25,£0.62/100g,Any 4 for £3 Clubcard Price - Selected Dairy Products,yogurts,2024-11-05
Wildlife Choobs Strawberry Raspberry & Apricot Kids Yoghurt Tubes 6x37g,£1.20,£0.54/100g,null,yogurts,2024-11-05
Peppa Pig Strawberry Kids Yoghurt Pots 6x45g,£1.20,£0.44/100g,null,yogurts,2024-11-05
Tesco Greek Style Natural Yogurt 1Kg,£1.95,£0.20/100g,null,yogurts,2024-11-05
Tesco Greek Style Yogurt 500G,£1.10,£0.22/100g,null,yogurts,2024-11-05
Tesco 0% Fat Greek Style Yogurt 500G,£1.10,£0.22/100g,null,yogurts,2024-11-05
Arla Protein Blueberry Yogurt 200G,£1.25,£0.62/100g,Any 4 for £3 Clubcard Price - Selected Dairy Products,yogurts,2024-11-05
Tesco Greek Style Yogurt 4 X 100G,£1.20,£0.30/100g,null,yogurts,2024-11-05
Creamfields Fat Free Greek Style Natural Yogurt 500G,£0.85,£0.17/100g,null,yogurts,2024-11-05
Creamfields Greek Style Natural Yogurt 500G,£0.85,£0.17/100g,null,yogurts,2024-11-05
Creamfields 4 Pack Strawberry Raspberry Yogurt Pouches 320G,£0.85,£0.27/100g,null,yogurts,2024-11-05
Creamfields Apricot Strawberry Raspberry Fromage Frais 12 X 50G,£0.80,£0.13/100g,null,yogurts,2024-11-05
Creamfields Low Fat Sunshine Fruit Yogurt 6X125g,£0.85,£0.11/100g,null,yogurts,2024-11-05
Creamfields Berry Medley Low Fat Yogurt 6X125g,£0.85,£0.11/100g,null,yogurts,2024-11-05
Creamfields Low Fat Natural Yogurt 500G,£0.35,£0.07/100g,null,yogurts,2024-11-05
Activia Raspberry Chia Muesli Low Fat Breakfast Pot Topper Gut Health Yoghurt 165g,£1.85,£1.12/100g,null,yogurts,2024-11-05
Actimel Multifruit Immunity Live Yoghurt Drink Multipack 12X100g,£4.50,£0.38/100g,null,yogurts,2024-11-05
Actimel Strawberry Immunity Live Yoghurt Drink Multipack 12X100g,£4.50,£0.38/100g,null,yogurts,2024-11-05
Muller Light 0% Fat Vanilla Orange & Caramel Yogurt 6X140g,£4.00,£0.48/100g,null,yogurts,2024-11-05
Activia Strawberry & Mixed Fruit Low Fat Gut Health Yoghurt Multipack 8x115g,£4.00,£0.44/100g,£3.25 Clubcard Price,yogurts,2024-11-05
Activia Strawberry & Red Fruit Fat Free Gut Health Yoghurt Multipack 8x115g,£4.00,£0.44/100g,£3.25 Clubcard Price,yogurts,2024-11-05
Petits Filous Strawberry Raspberry & Apricot Kids Yoghurt Pots Multipack 18x47g,£3.50,£0.41/100g,£3.00 Clubcard Price,yogurts,2024-11-05
Actimel Strawberry Immunity Live Yoghurt Drink Multipack 8X100g,£3.75,£0.47/100g,Any 2 for £5 Clubcard Price - Selected Actimel Yoghurt Drink,yogurts,2024-11-05
Activia Vanilla No Added Sugar Fat Free Gut Health Yoghurt Multipack 4x115g,£2.50,£0.54/100g,null,yogurts,2024-11-05
Arla Skyr Natural Icelandic Style Yogurt 450g,£2.25,£0.50/100g,null,yogurts,2024-11-05
Muller Corner Red Fruits & Blackberry Yogurts 6 X 136G,£4.00,£0.49/100g,£2.50 Clubcard Price,yogurts,2024-11-05
Actimel Multifruit Immunity Live Yoghurt Drink Multipack 8X100g,£3.75,£0.47/100g,Any 2 for £5 Clubcard Price - Selected Actimel Yoghurt Drink,yogurts,2024-11-05
Activia Fusions Blueberry Acai Gut Health Yoghurt Multipack 4x120g,£2.75,£0.57/100g,null,yogurts,2024-11-05
Muller Light Rhubarb Fat Free Yogurt 160G,£0.90,£0.56/100g,Any 4 for £3 Clubcard Price - Selected Dairy Products,yogurts,2024-11-05
Muller Corner Strawberry Yogurt 136G,£0.90,£0.66/100g,Any 4 for £3 Clubcard Price - Selected Dairy Products,yogurts,2024-11-05
Muller Light Toffee Yogurt 160G,£0.90,£0.56/100g,Any 4 for £3 Clubcard Price - Selected Dairy Products,yogurts,2024-11-05
The Collective Suckies Strawberry Kids Yoghurt Pouch 90g,£0.95,£1.06/100g,null,yogurts,2024-11-05
Yeo Valley Organic Natural Yogurt 450G,£2.00,£0.44/100g,null,yogurts,2024-11-05
Frubes Strawberry Kids Yoghurt Tubes Multipack 9x37g,£2.25,£0.68/100g,null,yogurts,2024-11-05
Yeo Valley Honey Greek Style Yogurt 4 X100g,£2.50,£0.62/100g,£1.75 Clubcard Price,yogurts,2024-11-05
Yollies Strawberry Yogurt 4 X25g,£1.75,£1.75/100g,null,yogurts,2024-11-05
Oykos Salted Caramel Luxury Greek Style Yoghurt Dessert 4x110g,£1.95,£0.44/100g,null,yogurts,2024-11-05
Ski Variety Fruit Yogurt 4X120g,£1.50,£0.31/100g,null,yogurts,2024-11-05
Tesco Finest Lemon Curd Yogurt 150G,£0.95,£0.63/100g,75p Clubcard Price,yogurts,2024-11-05
Tesco Honey Greek Style Yogurt 450G,£1.60,£0.36/100g,null,yogurts,2024-11-05
Onken Cherry Yogurt 450G,£1.95,£0.43/100g,£1.25 Clubcard Price,yogurts,2024-11-05
Lindahls Kvarg Vanilla 150G Pot,£1.25,£0.83/100g,Any 4 for £3 Clubcard Price - Selected Dairy Products,yogurts,2024-11-05
Munch Bunch Double Up Strawberry Raspberry Kids Yoghurt Pots 4x85g,£2.00,£0.59/100g,null,yogurts,2024-11-05
Lindahls Kvarg Stracciatella Pot 150G,£1.25,£0.83/100g,Any 4 for £3 Clubcard Price - Selected Dairy Products,yogurts,2024-11-05
Tesco Finest Black Cherry Yogurt 150G,£0.95,£0.63/100g,75p Clubcard Price,yogurts,2024-11-05
Arla Protein on the go Strawberry yogurt 200g,£1.25,£0.62/100g,"£5 Meal Deal Clubcard Price £5.50 Meal Deal Regular Price - Selected Drink + Snack + Tesco Finest* Or Branded Sandwich, Wrap, Roll, Salad Or Sushi",yogurts,2024-11-05
Muller Light Greek Style Strawberry Yogurt 4X115g,£2.50,£0.54/100g,£1.50 Clubcard Price,yogurts,2024-11-05
Lindahls Kvarg White Chocolate 150G,£1.25,£0.83/100g,Any 4 for £3 Clubcard Price - Selected Dairy Products,yogurts,2024-11-05
Yeo Kefir Natural Organic Yogurt 350G,£2.00,£0.57/100g,£1.25 Clubcard Price,yogurts,2024-11-05
Graham's Skyr Passion Fruit Mango Papaya Yogurt 150G,null,null,null,yogurts,2024-11-05
Yeo Valley Natural Yogurt 150G,£0.85,£0.57/100g,null,yogurts,2024-11-05
Wildlife Choobs Strawberry Kids Yoghurt Tubes 6x37g,null,null,null,yogurts,2024-11-05
Tesco 0% Fat Greek Style Yogurt 1Kg,£1.95,£0.20/100g,null,yogurts,2024-11-05
Muller Bliss Lemon Greek Style Yogurt 4X105g,£2.85,£0.68/100g,£2.00 Clubcard Price,yogurts,2024-11-05
Tesco 0% Fat Natural Yogurt 500G,£1.10,£0.22/100g,null,yogurts,2024-11-05
Tesco Natural Yogurt 500G,£1.10,£0.22/100g,null,yogurts,2024-11-05
Arla Protein Passionfruit & Papaya Yogurt 200g,£1.25,£0.62/100g,Any 4 for £3 Clubcard Price - Selected Dairy Products,yogurts,2024-11-05
Fage Total 0%Fat Greek Recipe Yogurt 950G,£5.50,£0.58/100g,null,yogurts,2024-11-05
Benecol Strawberry Yogurt Drink 6X67.5G,£4.30,£1.06/100g,null,yogurts,2024-11-05
Benecol Original No Added Sugar 6 x 67.5g,£4.30,£1.06/100g,null,yogurts,2024-11-05
Benecol Raspberry No Added Sugar 6 x 67.5g,£4.30,£1.06/100g,null,yogurts,2024-11-05
Muller Light Fat Free Mango Psn/Fruit Peach Yogurt 6X140g,£4.00,£0.48/100g,null,yogurts,2024-11-05
Yeo Valley Organic Natural Yogurt 950G,£3.60,£0.38/100g,null,yogurts,2024-11-05
Activia Rhubarb & Mixed Fruit Low Fat Gut Health Yoghurt Multipack 8x115g,£4.00,£0.44/100g,£3.25 Clubcard Price,yogurts,2024-11-05
Fage Total 0%Fat Greek Recipe Yogurt 450G,£3.50,£0.78/100g,£2.75 Clubcard Price,yogurts,2024-11-05
Tesco Cholesterol Reducing Strawberry Yogurt Drink 6 X100g,£2.50,£0.42/100g,null,yogurts,2024-11-05
Fage Total 5% Fat Greek Recipe Yogurt 450G,£3.50,£0.78/100g,£2.75 Clubcard Price,yogurts,2024-11-05
Alpro Greek Style Strawberry Raspberry Yoghurt Alternative 150g,£1.20,£0.80/100g,null,yogurts,2024-11-05
Activia Fusions Prune Gut Health Yoghurt Multipack 4x120g,£2.75,£0.57/100g,null,yogurts,2024-11-05
Alpro Greek Style Plain Dairy Free Yoghurt Alternative 400g,£2.10,£0.52/100g,null,yogurts,2024-11-05
Petits Filous Strawberry Lunchbox Kids Yoghurt Drink 4x100g,£2.40,£0.60/100g,null,yogurts,2024-11-05
Tesco Strawberry Yogurt Drink 6 X100g,£1.90,£0.32/100g,null,yogurts,2024-11-05
Alpro Plain Natural Dairy Free Soya Yoghurt Alternative 500g,£2.10,£0.42/100g,null,yogurts,2024-11-05
Alpro Vanilla Dairy Free Soya Yoghurt Alternative 500g,£2.10,£0.42/100g,null,yogurts,2024-11-05
Yeo Valley Natural Greek Style Yogurt 450G,£2.15,£0.48/100g,null,yogurts,2024-11-05
Tesco Finest 0% Fat Greek Yogurt 500G,£2.30,£0.46/100g,null,yogurts,2024-11-05
Muller Rice Original Low Fat Dessert 170G,null,null,Any 4 for £3 Clubcard Price - Selected Dairy Products,yogurts,2024-11-05
Alpro Plain No Sugars Dairy Free Soya Yoghurt Alternative 500g,£2.10,£0.42/100g,null,yogurts,2024-11-05
Muller Corner Vanilla Yogurt With Chocolate Balls 124G,£0.90,£0.73/100g,Any 4 for £3 Clubcard Price - Selected Dairy Products,yogurts,2024-11-05
Petits Filous Strawberry & Banana No Added Sugar Kids Yoghurt Pots 6x47g,£1.95,£0.69/100g,null,yogurts,2024-11-05
Fage Total 0% Fat Greek Recipe Yogurt 150G,£1.50,£1.00/100g,null,yogurts,2024-11-05
Tesco Finest Fudge Yogurt 150G,£0.95,£0.63/100g,75p Clubcard Price,yogurts,2024-11-05
Tesco Finest Madagascan Vanilla Yogurt 150G,£0.95,£0.63/100g,75p Clubcard Price,yogurts,2024-11-05
Little Yeos Organic Fruity Favourites Kids Yogurt 4x85g,£2.15,£0.63/100g,£1.50 Clubcard Price,yogurts,2024-11-05
Yop Strawberry Yoghurt Drink 500g,£1.40,£0.28/100g,null,yogurts,2024-11-05
Tesco Finest Roasted Hazelnut Yogurt 150G,£0.95,£0.63/100g,75p Clubcard Price,yogurts,2024-11-05
Munch Bunch Double Up Strawberry Banana Fromage Frais 4X85g,£2.00,£0.59/100g,null,yogurts,2024-11-05
Muller Light Greek Style Coconut With Vanilla Yogurt 4X115g,£2.50,£0.54/100g,£1.50 Clubcard Price,yogurts,2024-11-05
Muller Bliss Salted Caramel Yogurt 4x100g,£2.85,£0.71/100g,£2.00 Clubcard Price,yogurts,2024-11-05
Tesco 0% Fat Greek Style Yogurt 4X100g,£1.20,£0.30/100g,null,yogurts,2024-11-05
Tesco Free From Raspberry Strawberry Soya Alternative 4X90g,£1.15,£0.32/100g,null,yogurts,2024-11-05
Fage Total 5% Fat Greek Recipe Yogurt 950G,£5.50,£0.58/100g,null,yogurts,2024-11-05
Benecol Blueberry Yogurt Drink 6X67.5G,£4.30,£1.06/100g,null,yogurts,2024-11-05
Mul/Rce Apple & Raspberry Low Fat Dessert 6X170g,£4.00,£0.39/100g,null,yogurts,2024-11-05
Mul/Rce Strawberry & Original Low Fat Dessert 6X170g,£4.00,£0.39/100g,null,yogurts,2024-11-05
Biotiful Gut Health Kefir Drink Original 1 Litre,£3.50,£0.35/100ml,null,yogurts,2024-11-05
Actimel Strawberry Blueberry Immunity Live Yoghurt Drink Multipack 12x100g,£4.50,£0.38/100g,null,yogurts,2024-11-05
Actimel Original Fat Free Immunity Live Yoghurt Drink Multipack 12X100g,£4.50,£0.38/100g,null,yogurts,2024-11-05
Nomadic Oats Chocolate & Natural Yogurt 169G,£1.55,£0.92/100g,null,yogurts,2024-11-05
Smarties Split Pot Vanilla Flavour Yogurt 4X107g,£2.65,£0.62/100g,null,yogurts,2024-11-05
Tesco Cholesterol Reducing Blueberry Yogurt Drink 6 X100g,£2.50,£0.42/100g,null,yogurts,2024-11-05
Tesco Cholesterol Reducing Apricot Peach Yogurt Drink 6 X100g,£2.50,£0.42/100g,null,yogurts,2024-11-05
Yeo Valley Organic Natural Yogurt 4X110g,£2.50,£0.57/100g,null,yogurts,2024-11-05
Alpro Greek Style Mango Dairy Free Yoghurt Alternative 150g,£1.20,£0.80/100g,null,yogurts,2024-11-05
Actimel Raspberry Fat Free Immunity Live Yoghurt Drink Multipack 8X100g,£3.75,£0.47/100g,Any 2 for £5 Clubcard Price - Selected Actimel Yoghurt Drink,yogurts,2024-11-05
Arla Skyr Vanilla Icelandic Style Yogurt 450g,£2.25,£0.50/100g,null,yogurts,2024-11-05
Yeo Valley Strawberry Yogurt 450G,£2.25,£0.50/100g,null,yogurts,2024-11-05
Actimel Blueberry Immunity Live Yoghurt Drink Multipack 8X100g,£3.75,£0.47/100g,Any 2 for £5 Clubcard Price - Selected Actimel Yoghurt Drink,yogurts,2024-11-05
Yeo Valley Organic Whole Milk Lemon Curd Yogurt 450G,£2.25,£0.50/100g,null,yogurts,2024-11-05
Arla Skyr Strawberry Icelandic Style Yogurt 450g,£2.25,£0.50/100g,null,yogurts,2024-11-05
Yeo Valley Raspberry Yogurt 450G,£2.25,£0.50/100g,null,yogurts,2024-11-05
Tesco Peach & Apricot Yogurt Drink 6 X100g,£1.90,£0.32/100g,null,yogurts,2024-11-05
Alpro Plain Coconut Dairy Free Soya Yoghurt Alternative 500g,£2.10,£0.42/100g,null,yogurts,2024-11-05
Alpro Cherry Dairy Free Soya Yoghurt Alternative 500g,£2.10,£0.42/100g,null,yogurts,2024-11-05
The Collective Suckies Peach Apricot Yogurt 90G,£0.95,£1.06/100g,null,yogurts,2024-11-05
The Collective Suckies Banana Yogurt 90G,£0.95,£1.06/100g,null,yogurts,2024-11-05
Coconut Collaborative Dairy Free Natural Coconut Yogurt 350G,£2.50,£0.71/100g,£2.00 Clubcard Price,yogurts,2024-11-05
Yeo Valley Organic Fruity Favourites Yogurt 4X110g,£2.50,£0.57/100g,£1.75 Clubcard Price,yogurts,2024-11-05
Tesco Greek Style Coconut Yogurt 450G,£1.60,£0.36/100g,null,yogurts,2024-11-05
Yeo Valley Honey Greek Style Yogurt 450G,£2.15,£0.48/100g,null,yogurts,2024-11-05
Light & Free Cherry Greek Style Fat Free Yoghurt 4x115g,£2.50,£0.54/100g,null,yogurts,2024-11-05
Light & Free Strawberry Greek Style Fat Free Yoghurt 4x115g,£2.50,£0.54/100g,null,yogurts,2024-11-05
Light & Free Peach Greek Style Fat Free Yoghurt 4x115g,£2.50,£0.54/100g,null,yogurts,2024-11-05
Munch Bunch Squashums Strawberry Lunchbox Kids Yoghurt Drink 6x60g,£2.30,£0.43/100g,Save 1/3 £1.50 Clubcard Price,yogurts,2024-11-05
Muller Bliss Strawberry Greek Style Yogurt 4X105g,£2.85,£0.68/100g,£2.00 Clubcard Price,yogurts,2024-11-05
Tesco High Protein Fromage Frais 500G,£1.40,£0.28/100g,null,yogurts,2024-11-05
Actimel Kids Strawberry & Banana Lunchbox Yoghurt Drink Multipack 4x100g,£2.00,£0.50/100g,£1.25 Clubcard Price,yogurts,2024-11-05
Muller Bliss Mascarpone Cherry Yogurts 4 x 110g,£2.85,£0.65/100g,£1.75 Clubcard Price,yogurts,2024-11-05
Muller Bliss Mascarpone Peach & Apricot Yogurts 4 x 110g,£2.85,£0.65/100g,£1.75 Clubcard Price,yogurts,2024-11-05
The Collective Suckies Raspberry Yogurt 90G,£0.95,£1.06/100g,null,yogurts,2024-11-05
Tesco Free From Apricot & Banana Soya Yogurt 4X90g,£1.15,£0.32/100g,null,yogurts,2024-11-05
Yeo Valley Greek Style Natural Yogurt 950G,£3.85,£0.40/100g,null,yogurts,2024-11-05
Biotiful Gut Health Kefir Drink Strawberry 1 Litre,£3.50,£0.35/100ml,null,yogurts,2024-11-05
Nomadic Strawberry Oat Clusters Low Fat Yogurt 169G,£1.55,£0.92/100g,null,yogurts,2024-11-05
Arla Protein Chocolate Flavour Pudding 200g,£1.75,£0.88/100g,£1.25 Clubcard Price,yogurts,2024-11-05
Onken Naked Strawberry Yogurt Pouch 110G,£1.25,£1.14/100g,"£5 Meal Deal Clubcard Price £5.50 Meal Deal Regular Price - Selected Drink + Snack + Tesco Finest* Or Branded Sandwich, Wrap, Roll, Salad Or Sushi",yogurts,2024-11-05
Yeo Valley Organic Gut Health Kefir Strawberry 4X100g,£2.50,£0.62/100g,null,yogurts,2024-11-05
Biotiful Gut Health Kefir Drink Original 500ml,£2.60,£0.52/100ml,£2.00 Clubcard Price,yogurts,2024-11-05
Yeo Valley Organic Kefir Passion Fruit & Mango 4X100g,£2.50,£0.62/100g,null,yogurts,2024-11-05
Biotiful Gut Health Kefir Drink Cherry 500ml,£2.60,£0.52/100ml,£2.00 Clubcard Price,yogurts,2024-11-05
Oatly Greek Style Oatgurt 400G,£2.60,£0.65/100g,null,yogurts,2024-11-05
Petits Filous Raspberry Dairy Free Kids Yoghurt Pots 4x95g,£2.50,£0.66/100g,null,yogurts,2024-11-05
Yeo Valley 0% Fat Vanilla Yogurt 450G,£2.25,£0.50/100g,null,yogurts,2024-11-05
Oatly Strawberry Oatgurt 400G,£2.60,£0.65/100g,null,yogurts,2024-11-05
Yeo Valley Organic 0% Greek Recipe Yogurt 450g,null,null,Save 1/3 £2.00 Clubcard Price,yogurts,2024-11-05
Yeo Valley Organic 5% Greek Recipe Yogurt 450g,£3.00,£0.67/100g,Save 1/3 £2.00 Clubcard Price,yogurts,2024-11-05
Alpro Blueberry Dairy Free Soya Yoghurt Alternative 500g,£2.10,£0.42/100g,null,yogurts,2024-11-05
Alpro Strawberry Dairy Free Soya Yoghurt Alternative 500g,£2.10,£0.42/100g,null,yogurts,2024-11-05
Muller Light Strawberry Yogurt 160G,£0.90,£0.56/100g,Any 4 for £3 Clubcard Price - Selected Dairy Products,yogurts,2024-11-05
St Helen's Farm Natural Goats Milk Yogurt 450G,£2.40,£0.53/100g,null,yogurts,2024-11-05
Muller Rice Strawberry Low Fat Dessert 170G,£0.90,£0.53/100g,Any 4 for £3 Clubcard Price - Selected Dairy Products,yogurts,2024-11-05
Onken Natural Set Yogurt 1Kg,£2.50,£0.25/100g,null,yogurts,2024-11-05
Onken Biopot Natural Yogurt 1Kg,£2.50,£0.25/100g,null,yogurts,2024-11-05
Yeo Valley Organic Strawberry Yogurt 4X110g,£2.50,£0.57/100g,£1.75 Clubcard Price,yogurts,2024-11-05
Muller Corner Toffee Hoops Yogurt 124G,£0.90,£0.73/100g,Any 4 for £3 Clubcard Price - Selected Dairy Products,yogurts,2024-11-05
Yeo Valley Organic 0% Fat Natural Yogurt 450G,£2.00,£0.44/100g,null,yogurts,2024-11-05
Muller Corner Banana Yogurt With Chocolate Flakes 124G,£0.90,£0.73/100g,Any 4 for £3 Clubcard Price - Selected Dairy Products,yogurts,2024-11-05
Petits Filous Apple Pear & Banana No Added Sugar Kids Yoghurt Pots 6x47g,£1.95,£0.69/100g,null,yogurts,2024-11-05
The Collective Dairy Free Banana Suckies 85G,£1.00,£1.18/100g,null,yogurts,2024-11-05
The Collective Dairy Free Strawberry Suckies 85G,£1.00,£1.18/100g,null,yogurts,2024-11-05
The Collective Dairy Free Peach & Apricot Suckies 85G,£1.00,£1.18/100g,null,yogurts,2024-11-05
Muller Corner Strawberry Shortcake & Milk Chocolate Biscuit Yogurts 124g,£0.90,£0.73/100g,Any 4 for £3 Clubcard Price - Selected Dairy Products,yogurts,2024-11-05
Light & Free Sticky Toffee Greek Style Fat Free Yoghurt 4x115g,£2.50,£0.54/100g,null,yogurts,2024-11-05
Yeo Valley No Added Sugar Kids Yogurts Selection 6X42g,£2.00,£0.79/100g,null,yogurts,2024-11-05
Tesco Plant Chef Soya Alternative To Greek Style Yogurt 400G,£1.45,£0.36/100g,null,yogurts,2024-11-05
Yeo Valley Kefir Yogurt Mango & Passion Fruit 350G,£2.00,£0.57/100g,£1.25 Clubcard Price,yogurts,2024-11-05
The Collective Suckies No Added Sugar Mango & Peach Kids Yoghurt Pouch 90g,£0.95,£1.06/100g,null,yogurts,2024-11-05
The Collective Suckies Strawberry & Banana 90G,£0.95,£1.06/100g,null,yogurts,2024-11-05
Yeo Valley Little Yeos Mango & Vanilla Organic Yogurt 85G,£0.75,£0.88/100g,65p Clubcard Price,yogurts,2024-11-05
Yeo Valley Little Yeos Blueberry & Banana Organic Yogurt 85G,£0.75,£0.88/100g,65p Clubcard Price,yogurts,2024-11-05
Tesco Natural Yogurt 1Kg,£1.75,£0.18/100g,null,yogurts,2024-11-05
Creamfields Strawberry Low Fat Yogurt 450G,£0.95,£0.21/100g,null,yogurts,2024-11-05
Creamfields Mango Passion Fruit Low Fat Yogurt 450G,£0.95,£0.21/100g,null,yogurts,2024-11-05
Coconut Collab Dairy-Free Natural Coconut Yogurt 750g,£4.75,£0.63/100g,null,yogurts,2024-11-05
Biotiful Gut Health Kefir Drink Vanilla 1 Litre,£3.50,£0.35/100ml,null,yogurts,2024-11-05
The Collective Gourmet Raspberry Greek Style Yogurt 425G,£2.95,£0.69/100g,null,yogurts,2024-11-05
The Collective Gourmet Fudge Greek Style Yoghurt 425g,£2.95,£0.69/100g,null,yogurts,2024-11-05
The Collective Dairy Gourmet Morello Cherry Greek Style Yoghurt 425g,£2.95,£0.69/100g,null,yogurts,2024-11-05
The Collective Gourmet Mango Greek Style Yogurt 425G,£2.95,£0.69/100g,null,yogurts,2024-11-05
The Coconut Collaborative Plain Cultured Coconut Yogurt 350G,£2.75,£0.79/100g,null,yogurts,2024-11-05
Alpro Strawberry Gut Health Dairy Free Soya Yoghurt Alternative 4x125g,£2.50,£0.50/100g,null,yogurts,2024-11-05
Alpro Peach Gut Health Dairy Free Soya Yoghurt Alternative 4x125g,£2.50,£0.50/100g,null,yogurts,2024-11-05
Petits Filous Apricot Dairy Free Kids Yoghurt Pots 4x95g,£2.50,£0.66/100g,null,yogurts,2024-11-05
Alpro Strawberry Banana Peach Pear Soya Dairy Free Yoghurt Alternative 4x125g,£2.50,£0.50/100g,£1.75 Clubcard Price,yogurts,2024-11-05
Muller Light Banana Custard Yogurt 160G,£0.90,£0.56/100g,Any 4 for £3 Clubcard Price - Selected Dairy Products,yogurts,2024-11-05
Muller Rice Vanilla Custard Low Fat Dessert 170G,£0.90,£0.53/100g,Any 4 for £3 Clubcard Price - Selected Dairy Products,yogurts,2024-11-05
The Coconut Collaborative Cherry & Coconut Dairy-Free Yoghurt 4x100g,£2.95,£0.74/100g,Save 25% £2.20 Clubcard Price,yogurts,2024-11-05
Alpro Blueberry & Cherry Soya Dairy Free Yoghurt Alternative 4x125g,£2.50,£0.50/100g,£1.75 Clubcard Price,yogurts,2024-11-05
Alpro Blackberry Raspberry & Cranberry Soya Dairy Free Yoghurt Alternative 4x125g,£2.50,£0.50/100g,£1.75 Clubcard Price,yogurts,2024-11-05
Muller Light Vanilla Dark Chocolate Yogurt 160G,£0.90,£0.56/100g,Any 4 for £3 Clubcard Price - Selected Dairy Products,yogurts,2024-11-05
Koko Plant Based Plain Yogurt 400g,£2.20,£5.50/kg,null,yogurts,2024-11-05
The Coconut Collaborative Dairy Free Raspberry Coconut Yogurt 350G,£2.75,£0.79/100g,£1.95 Clubcard Price,yogurts,2024-11-05
The Coconut Collaborative Alphonso Mango Passion Fruit 360G,£2.75,£0.76/100g,£1.95 Clubcard Price,yogurts,2024-11-05
Muller Corner Vanilla Yogurt with Milk Chocolste Digestive 124g,£0.90,£0.73/100g,Any 4 for £3 Clubcard Price - Selected Dairy Products,yogurts,2024-11-05
Oddly Good Dreamy Berries Dessert 130g,£1.60,£12.31/kg,null,yogurts,2024-11-05
Onken Fat Free Vanilla Yogurt 450G,£1.95,£0.43/100g,£1.25 Clubcard Price,yogurts,2024-11-05
Onken 0% Fat Strawberry Yogurt 450G,£1.95,£0.43/100g,£1.25 Clubcard Price,yogurts,2024-11-05
Yeo Valley Organic Little Yeos No Added Sugar Banana Yogurt 4X85g,£2.15,£0.63/100g,£1.50 Clubcard Price,yogurts,2024-11-05
Tesco Lactose Free Greek Yogurt 400G,£1.60,£0.40/100g,null,yogurts,2024-11-05
Onken Natural Set Yogurt 450G,£1.75,£0.39/100g,£1.00 Clubcard Price,yogurts,2024-11-05
Tesco 0% Fat Natural Yogurt 1Kg,£1.75,£0.18/100g,null,yogurts,2024-11-05
The Coconut Collaborative Dairy Free Mango & Passion Fruit 100G,£1.00,£1.00/100g,"£5 Meal Deal Clubcard Price £5.50 Meal Deal Regular Price - Selected Drink + Snack + Tesco Finest* Or Branded Sandwich, Wrap, Roll, Salad Or Sushi",yogurts,2024-11-05
Benecol Peach Yogurt 4x115g,£4.00,£0.87/100g,null,yogurts,2024-11-05
Benecol Strawberry Yogurt 4x115g,£4.00,£0.87/100g,null,yogurts,2024-11-05
Yakult Original 8 X 65Ml,£3.70,£0.71/100ml,null,yogurts,2024-11-05
Yakult Balance 8 X 65Ml,£3.70,£0.71/100ml,null,yogurts,2024-11-05
Actimel Plus 100% Vitamin D Strawberry & Pomegranate Live Yoghurt Drink Multipack 8x100g,£3.85,£0.48/100g,null,yogurts,2024-11-05
Actimel Plus 100% Vitamin D Cherry & Elderberry Live Yoghurt Drink Multipack 8x100g,£3.85,£0.48/100g,null,yogurts,2024-11-05
Activia Fibre Walnut & Oat Low Fat Breakfast Gut Health Yoghurt Multipack 4x115g,£2.75,£0.60/100g,null,yogurts,2024-11-05
The Collective Suckies Strawberry Yogurt 4 X 90G,£3.40,£0.94/100g,null,yogurts,2024-11-05
Activia Fibre Muesli Low Fat Breakfast Gut Health Yoghurt Multipack 4x115g,£2.75,£0.60/100g,null,yogurts,2024-11-05
Activia Fibre Apple Cereals Low Fat Gut Health Yoghurt Multipack 4x115g,£2.75,£0.60/100g,null,yogurts,2024-11-05
FAGE FRUITS STRAWBERRY GREEK STRAINED YOGHURT 380g,£2.50,£0.66/100g,null,yogurts,2024-11-05
FAGE FRUITS MANGO & PASSION FRUIT GREEK STRAINED YOGHURT 380g,£2.50,£0.66/100g,null,yogurts,2024-11-05
Alpro 15g High Protein Tropical Fruit Dairy Free Soya Yoghurt Alternative 200g,£1.50,£7.50/kg,Save 1/3 £1.00 Clubcard Price,yogurts,2024-11-05
Alpro 15g High Protein Red Berries Dairy Free Soya Yoghurt Alternative 200g,£1.50,£7.50/kg,Save 1/3 £1.00 Clubcard Price,yogurts,2024-11-05
The Collective Dairy Free Peach & Vanilla Yoghurt Alternative 115g,£1.50,£1.30/100g,null,yogurts,2024-11-05
The Coconut Collab Protein Yog 350g,£2.75,£7.86/kg,£1.95 Clubcard Price,yogurts,2024-11-05
Biotiful Gut Health Kefir Protein Original 250g,£1.85,£0.74/100g,null,yogurts,2024-11-05
Graham's Protein 25G Passion Fruit & Mango Yogurt 200G,£1.25,£0.62/100g,"£5 Meal Deal Clubcard Price £5.50 Meal Deal Regular Price - Selected Drink + Snack + Tesco Finest* Or Branded Sandwich, Wrap, Roll, Salad Or Sushi",yogurts,2024-11-05
Yop Strawberry Multiserve Yoghurt Drink 825g,£2.00,£0.24/100g,Save 25% £1.50 Clubcard Price,yogurts,2024-11-05
Munch Bunch Squashums Strawberry Lunchbox Kids Yoghurt 5x60g,£2.00,£0.67/100g,Save 25% £1.50 Clubcard Price,yogurts,2024-11-05
GetPro 25g Strawberry High Protein Yoghurt Drink 300g,null,null,Any 3 for 2 Clubcard Price - Cheapest Product Free - Selected Danone Getpro,yogurts,2024-11-05
The Collective Poppin Choco Mixers Yoghurt 100g,£1.50,£1.50/100g,null,yogurts,2024-11-05
Yeo Valley Organic Little Yeos Cherry Banana & Peach Mango Yogurt 6x42g,£2.00,£0.79/100g,null,yogurts,2024-11-05
The Collective Crunchin' Strawb Mixers Strawberry Yoghurt 100g,£1.50,£1.50/100g,null,yogurts,2024-11-05
GetPro 25g Vanilla High Protein Yoghurt Drink 300g,£2.25,£0.75/100g,Any 3 for 2 Clubcard Price - Cheapest Product Free - Selected Danone Getpro,yogurts,2024-11-05
MUNCH BUNCH DOUBLE UP FROMAGE FRAIS NO ADDED SUGAR RASPBERRY AND PEACH 4X85G,£2.00,£0.59/100g,null,yogurts,2024-11-05
Yop Raspberry Yoghurt Drink 500g,£1.40,£0.28/100g,null,yogurts,2024-11-05
MUNCH BUNCH SQUASHUMS SHAPES NO ADDED SUGAR BLACKCURRANT 5X60G,£2.00,£0.67/100g,Save 25% £1.50 Clubcard Price,yogurts,2024-11-05
Yeo Valley Organic Kefir Mango & Passion Fruit Yogurt Drink 500ml,£2.25,£4.50/litre,£1.75 Clubcard Price,yogurts,2024-11-05
Yeo Valley Organic Kefir Natural Yogurt Drink 500ml,£2.25,£4.50/litre,£1.75 Clubcard Price,yogurts,2024-11-05
Bluey Strawberry Fromage Frais 6x45g,£1.50,£0.56/100g,null,yogurts,2024-11-05
Tesco Greek Style Plain Yogurt 4 x 90g,£1.15,£0.32/100g,null,yogurts,2024-11-05
Yeo Valley Organic Natural Kefir Yogurt 950g,£4.50,£0.47/100g,null,yogurts,2024-11-05
Bonne Maman Rhubarb Yoghurt 4x115g,£2.80,£0.61/100g,null,yogurts,2024-11-05
Bonne Maman Raspberry Yoghurt 4x115g,£2.80,£0.61/100g,null,yogurts,2024-11-05
Muller Corner Plant Based Yoghurt Crunchy Chocolate Balls 125g,£1.35,£10.80/kg,Save 25% £1.00 Clubcard Price,yogurts,2024-11-05
Muller Corner Plant Based Yoghurt Strawberry & Pomegranate 136g,£1.35,£9.93/kg,Save 25% £1.00 Clubcard Price,yogurts,2024-11-05
Arla Protein Mango Pouch Yogurt 200G,£1.25,£0.62/100g,null,yogurts,2024-11-05
The Collective Suckies Natural with Vitamin D Yoghurt Pouch 90g,£0.95,£1.06/100g,null,yogurts,2024-11-05
Arla Protein Vanilla Yogurt Pouch 200g,£1.25,£0.62/100g,null,yogurts,2024-11-05
GetPro 25g Banana High Protein Yoghurt Pouch 200g,£1.65,£0.82/100g,Any 3 for 2 Clubcard Price - Cheapest Product Free - Selected Danone Getpro,yogurts,2024-11-05
GetPro 25g Forest Fruits High Protein Yoghurt Pouch 200g,£1.65,£0.82/100g,Any 3 for 2 Clubcard Price - Cheapest Product Free - Selected Danone Getpro,yogurts,2024-11-05
Biotiful Gut Health Kefir Protein Cherry 250g,£1.85,£0.74/100g,null,yogurts,2024-11-05
GetPro 20g Chocolate High Protein Mousse 200g,£2.50,£1.25/100g,Any 3 for 2 Clubcard Price - Cheapest Product Free - Selected Danone Getpro,yogurts,2024-11-05
Activia Kefir Strawberry Gut Health Yoghurt Drink 280ml,null,null,null,yogurts,2024-11-05
Activia Kefir Natural Gut Health Yoghurt Drink 280ml,£1.60,£5.71/litre,null,yogurts,2024-11-05
GetPro 18g Chocolate & Hazelnut High Protein Pudding 180g,£1.85,£1.03/100g,Any 3 for 2 Clubcard Price - Cheapest Product Free - Selected Danone Getpro,yogurts,2024-11-05
GetPro 18g Caramel High Protein Pudding 180g,£1.85,£1.03/100g,Any 3 for 2 Clubcard Price - Cheapest Product Free - Selected Danone Getpro,yogurts,2024-11-05
GetPro 25g Mango High Protein Yoghurt Drink 300g,null,null,Any 3 for 2 Clubcard Price - Cheapest Product Free - Selected Danone Getpro,yogurts,2024-11-05
Lindahl's Pro Plus Banoffee Fat Free Quark 150G,£1.25,£8.33/kg,Any 4 for £3 Clubcard Price - Selected Dairy Products,yogurts,2024-11-05
Lindahls Pro+ Lemon Cheesecake Quark 150G,£1.25,£8.33/kg,Any 4 for £3 Clubcard Price - Selected Dairy Products,yogurts,2024-11-05
Lindahls PRO Kvarg Blueberry Muffin 150g,£1.25,£0.83/100g,Any 4 for £3 Clubcard Price - Selected Dairy Products,yogurts,2024-11-05
The Gym Kitchen Banoffee Pie Protein Yogurt 200g,£1.25,£0.62/100g,Any 4 for £3 Clubcard Price - Selected Dairy Products,yogurts,2024-11-05
The Gym Kitchen Sea Salted Caramel Protein Yogurt 200g,£1.25,£0.62/100g,Any 4 for £3 Clubcard Price - Selected Dairy Products,yogurts,2024-11-05
The Gym Kitchen Cherry Bakewell Protein Yogurt 200g,£1.25,£0.62/100g,Any 4 for £3 Clubcard Price - Selected Dairy Products,yogurts,2024-11-05
Muller Light Cheesecake Yogurt 6x140g,£4.00,£0.48/100g,null,yogurts,2024-11-05
MyProtein Pancakes Original 160g,£2.35,£1.47/100g,£2.00 Clubcard Price,yogurts,2024-11-05
MyProtein Pancakes Cocoa 160g,£2.35,£1.47/100g,£2.00 Clubcard Price,yogurts,2024-11-05
Muller Corner Originals Mississippi Mud Pie Yogurts 4x124g,£3.00,£0.60/100g,Save 1/3 £2.00 Clubcard Price,yogurts,2024-11-05
Muller Corner Originals Apple Crumble Yogurts 4x124g,£3.00,£0.60/100g,Save 1/3 £2.00 Clubcard Price,yogurts,2024-11-05
Muller Corner Originals Cherry Bakewell Yogurts 4x124g,£3.00,£0.60/100g,Save 1/3 £2.00 Clubcard Price,yogurts,2024-11-05
Bio&Me Mango Kefir Yoghurt 350g,£2.10,£0.60/100g,null,yogurts,2024-11-05
Bio&Me Original Kefir Yoghurt 350g,£2.10,£0.60/100g,null,yogurts,2024-11-05
Bio&Me Kefir Yoghurt Vanilla 350g,£2.10,£2.10/each,null,yogurts,2024-11-05
Activia Kefir Strawberry & Raspberry Gut Health Yoghurt Multipack 2x150g,£2.00,£0.67/100g,£1.25 Clubcard Price,yogurts,2024-11-05
Lindahls Protein Pudding Chocolate Brownie 140g,£1.25,£0.89/100g,"£5 Meal Deal Clubcard Price £5.50 Meal Deal Regular Price - Selected Drink + Snack + Tesco Finest* Or Branded Sandwich, Wrap, Roll, Salad Or Sushi",yogurts,2024-11-05
Muller Light Protein Choc Brownie Flavour Pudding 140g,£1.40,£1.00/100g,null,yogurts,2024-11-05
Muller Light Protein Chocolate Orange Flavour Pudding 140g,£1.40,£1.00/100g,null,yogurts,2024-11-05
Chocomel Plant Based 1 Litre,£3.20,£3.20/litre,£2.50 Clubcard Price,dairy_free,2024-11-05
Free From Violife Cream Cheese Alternative 200G,£2.75,£13.75/kg,£2.00 Clubcard Price,dairy_free,2024-11-05
Arla LactoFREE Long Life Semi Skimmed Milk Drink 1L,£2.00,£2.00/litre,null,dairy_free,2024-11-05
Alpro Soya Original Long Life Dairy Free Drink 1L,£2.00,£2.00/litre,null,dairy_free,2024-11-05
Alpro Soya No Sugar Long Life Dairy Free Drink 1L,£2.00,£2.00/litre,null,dairy_free,2024-11-05
Alpro Soya Growing Up Long Life Dairy Free Drink 1-3+ Years 1L,£2.00,£2.00/litre,null,dairy_free,2024-11-05
Oatly Barista Edition Oat Long Life Drink 1L,£2.10,£2.10/litre,null,dairy_free,2024-11-05
Koko Dairy Free Unsweetened Alternative Longlife Drink 1L,£1.80,£1.80/litre,null,dairy_free,2024-11-05
Arla LactoFREE Whole Milk Drink 1L,£1.85,£1.85/litre,null,dairy_free,2024-11-05
Arla LactoFREE Skimmed Milk Drink 1L,£1.85,£1.85/litre,null,dairy_free,2024-11-05
Almond Breeze Unsweetened Longlife Drink Alternative 1 Litre,£1.90,£1.90/litre,null,dairy_free,2024-11-05
Tesco Oat Drink 1 Litre,£1.45,£1.45/litre,null,dairy_free,2024-11-05
Tesco Longlife Soya Drink Unsweetened 1Ltr,£1.25,£1.25/litre,null,dairy_free,2024-11-05
Tesco Longlife Soya Drink Sweetened 1Ltr,£1.25,£1.25/litre,null,dairy_free,2024-11-05
Tesco Oat Drink 1L,£1.45,£1.45/litre,null,dairy_free,2024-11-05
Alpro Greek Style Plain Dairy Free Yoghurt Alternative 400g,£2.10,£0.52/100g,null,dairy_free,2024-11-05
Flora Lighter Spread With Natural Ingredients 1KG,£4.60,£4.60/kg,Save 1/3 £3.00 Clubcard Price,dairy_free,2024-11-05
Alpro Plain Natural Dairy Free Soya Yoghurt Alternative 500g,£2.10,£0.42/100g,null,dairy_free,2024-11-05
Alpro Vanilla Dairy Free Soya Yoghurt Alternative 500g,£2.10,£0.42/100g,null,dairy_free,2024-11-05
Alpro Almond No Sugar Long Life Dairy Free Drink 1L,£2.00,£2.00/litre,null,dairy_free,2024-11-05
Oatly Whole Oat Chilled Drink 1L,£2.10,£2.10/litre,null,dairy_free,2024-11-05
Oatly Semi Oat Chilled Drink 1L,£2.10,£2.10/litre,null,dairy_free,2024-11-05
Alpro Oat Original Long Life Dairy Free Drink 1L,£2.00,£2.00/litre,null,dairy_free,2024-11-05
Jus-Rol Gluten Free Puff Pastry Ready Rolled 280G,null,null,null,dairy_free,2024-11-05
Alpro Soya Chilled Drink 1 Litre,£2.00,£2.00/litre,null,dairy_free,2024-11-05
Alpro Soya No Sugar Chilled Dairy Free Drink 1L,£2.00,£2.00/litre,null,dairy_free,2024-11-05
Alpro Plain No Sugars Dairy Free Soya Yoghurt Alternative 500g,£2.10,£0.42/100g,null,dairy_free,2024-11-05
Alpro Oat No Sugar Long Life Dairy Free Drink 1L,£2.00,£2.00/litre,null,dairy_free,2024-11-05
Pure Dairy Free Buttery Spread 500G,£2.00,£4.00/kg,null,dairy_free,2024-11-05
Arla LactoFREE Semi Skimmed Milk Drink 1L,£1.85,£1.85/litre,null,dairy_free,2024-11-05
Alpro Oat No Sugar Chilled Dairy Free Drink 1L,£2.00,£2.00/litre,null,dairy_free,2024-11-05
Alpro Almond No Sugar Chilled Dairy Free Drink 1L,null,null,null,dairy_free,2024-11-05
Arla LactoFREE Mature Cheddar Cheese 200g,£2.50,£12.50/kg,null,dairy_free,2024-11-05
Alpro Barista Oat Long Life Dairy Free Drink 1L,£2.10,£2.10/litre,null,dairy_free,2024-11-05
Vitalite Dairy Free Spread 500G,£2.25,£4.50/kg,null,dairy_free,2024-11-05
Alpro Soya Long Life Dairy Free Alternative to Cream 250ml,£1.25,£0.50/100ml,null,dairy_free,2024-11-05
Oatly Creamy Oat Single Cream Alternative 250Ml,£1.25,£0.50/100ml,null,dairy_free,2024-11-05
Almond Breeze Unsweetened Fresh Drink 1 Litre,£1.90,£1.90/litre,null,dairy_free,2024-11-05
Tesco Soya Drink Unsweetened 1Ltr,£1.35,£1.35/litre,null,dairy_free,2024-11-05
Arla Protein Raspberry Yogurt 200G,£1.25,£0.62/100g,Any 4 for £3 Clubcard Price - Selected Dairy Products,dairy_free,2024-11-05
Arla Protein Strawberry Yogurt 200G,£1.25,£0.62/100g,Any 4 for £3 Clubcard Price - Selected Dairy Products,dairy_free,2024-11-05
Tesco Longlife Almond Drink Unsweetened 1Ltr,£1.25,£1.25/litre,null,dairy_free,2024-11-05
Arla LactoFREE Cream 250ml,£1.55,£0.62/100ml,null,dairy_free,2024-11-05
Alpro Vanilla Dairy Free Soya Custard 525g,£1.15,£0.22/100g,null,dairy_free,2024-11-05
Stork Original Baking Block 250G,£1.50,£6.00/kg,Save 1/3 £1.00 Clubcard Price,dairy_free,2024-11-05
Tesco Lactose Free Semi Skimmed Dairy Drink 1Ltr,£0.99,£0.99/litre,null,dairy_free,2024-11-05
Arla Protein Blueberry Yogurt 200G,£1.25,£0.62/100g,Any 4 for £3 Clubcard Price - Selected Dairy Products,dairy_free,2024-11-05
Arla Protein Passionfruit & Papaya Yogurt 200g,£1.25,£0.62/100g,Any 4 for £3 Clubcard Price - Selected Dairy Products,dairy_free,2024-11-05
Tesco Free From Raspberry Strawberry Soya Alternative 4X90g,£1.15,£0.32/100g,null,dairy_free,2024-11-05
Growers Harvest Unsweetened Soya Drink 1L,£0.50,£0.50/litre,null,dairy_free,2024-11-05
Oatly Skinny Oat Chilled Drink 1L,£2.10,£2.10/litre,null,dairy_free,2024-11-05
Koko Dairy Free Original Plus Calcium Longlife Drink 1L,£1.80,£1.80/litre,null,dairy_free,2024-11-05
Califia Farms Oat Barista Long Life Dairy Free Drink 1L,£2.10,£2.10/litre,null,dairy_free,2024-11-05
Arla LactoFREE Long Life Whole Milk Drink 1L,null,null,null,dairy_free,2024-11-05
Alpro Oat Growing Up Long Life Dairy Free Drink 1-3+ Years 1L,£2.00,£2.00/litre,null,dairy_free,2024-11-05
Oatly Organic Oat Long Life Drink 1L,£1.90,£1.90/litre,null,dairy_free,2024-11-05
Cathedral City Plant Based Mature Cheddar Cheese Flavour Vegan Block 280g,£3.60,£12.86/kg,null,dairy_free,2024-11-05
Alpro Greek Style Strawberry Raspberry Yoghurt Alternative 150g,£1.20,£0.80/100g,null,dairy_free,2024-11-05
Violife Epic Cheddar Cheese Alternative 200g,£2.75,£13.75/kg,null,dairy_free,2024-11-05
Alpro Greek Style Mango Dairy Free Yoghurt Alternative 150g,£1.20,£0.80/100g,null,dairy_free,2024-11-05
Applewood Vegan Smoky Cheese Alternative 200G,£2.40,£12.00/kg,null,dairy_free,2024-11-05
Alpro Soya Chocolate Long Life Dairy Free Drink Multipack 3x250ml,£2.10,£2.80/litre,null,dairy_free,2024-11-05
Food Heaven Whipped Spray Cream Vegan 200Ml,£2.20,£1.10/100ml,null,dairy_free,2024-11-05
Cathedral City Plant Based Mature Cheddar Cheese Flavour Vegan Grated 150g,£2.50,£16.67/kg,Any 2 for £4.50 Clubcard Price - Selected Sliced And Grated Cheese,dairy_free,2024-11-05
Petits Filous Raspberry Dairy Free Kids Yoghurt Pots 4x95g,£2.50,£0.66/100g,null,dairy_free,2024-11-05
Cathedral City Plant Based Mature Cheddar Cheese Flavour Vegan Slices 150g,£2.50,£16.67/kg,Any 2 for £4.50 Clubcard Price - Selected Sliced And Grated Cheese,dairy_free,2024-11-05
Minor Figures Barista Oat Drink 1L,£2.00,£2.00/litre,Half Price £1.00 Clubcard Price,dairy_free,2024-11-05
Plenish Organic Oat Longlife Dairy Free Drink 1L,£2.25,£2.25/litre,null,dairy_free,2024-11-05
Alpro Plain Coconut Dairy Free Soya Yoghurt Alternative 500g,£2.10,£0.42/100g,null,dairy_free,2024-11-05
Alpro Almond Original Long Life Dairy Free Drink 1L,£2.00,£2.00/litre,null,dairy_free,2024-11-05
Alpro Cherry Dairy Free Soya Yoghurt Alternative 500g,£2.10,£0.42/100g,null,dairy_free,2024-11-05
Alpro Blueberry Dairy Free Soya Yoghurt Alternative 500g,£2.10,£0.42/100g,null,dairy_free,2024-11-05
Alpro Strawberry Dairy Free Soya Yoghurt Alternative 500g,£2.10,£0.42/100g,null,dairy_free,2024-11-05
Rude Health Organic Almond Longlife Dairy Free Drink 1L,null,null,£1.80 Clubcard Price,dairy_free,2024-11-05
Free From Violife Cream Cheese Alternative 200G,£2.75,£13.75/kg,£2.00 Clubcard Price,dairy_free,2024-11-05
Minor Figures Organic Barista Oat Drink 1L,£2.00,£2.00/litre,Half Price £1.00 Clubcard Price,dairy_free,2024-11-05
Coconut Collaborative Dairy Free Natural Coconut Yogurt 350G,£2.50,£0.71/100g,£2.00 Clubcard Price,dairy_free,2024-11-05
Alpro Soya Vanilla Original Long Life Dairy Free Drink 1L,£2.00,£2.00/litre,null,dairy_free,2024-11-05
Alpro Soya Chocolate Longlife Drink Alternative 1 Litre,£2.00,£2.00/litre,null,dairy_free,2024-11-05
Oatly The Original Barista Edition Oat Chilled Drink 1L,£2.20,£2.20/litre,£1.70 Clubcard Price,dairy_free,2024-11-05
Alpro Barista Coconut Long Life Dairy Free Drink 1L,£2.10,£2.10/litre,null,dairy_free,2024-11-05
Alpro Almond Original Chilled Dairy Free Drink 1L,£2.00,£2.00/litre,null,dairy_free,2024-11-05
Alpro Oat Original Chilled Dairy Free Drink 1L,£2.00,£2.00/litre,null,dairy_free,2024-11-05
Alpro Dark Chocolate Dairy Free Vegan Soya Dessert 4x125g,£1.85,£0.37/100g,£1.50 Clubcard Price,dairy_free,2024-11-05
Alpro Chocolate Dairy Free Vegan Soya Dessert 4x125g,null,null,£1.50 Clubcard Price,dairy_free,2024-11-05
Alpro Vanilla Dairy Free Vegan Soya Dessert 4x125g,£1.85,£0.37/100g,£1.50 Clubcard Price,dairy_free,2024-11-05
Arla LactoFREE Mature Cheddar Grated Cheese 200g,£2.50,£12.50/kg,null,dairy_free,2024-11-05
Oatly Chocolate Oat Long Life Drink 1L,£1.90,£1.90/litre,null,dairy_free,2024-11-05
Arla LactoFREE Slightly Salted Spreadable Blend of Butter and Rapeseed Oil 250g,£2.25,£9.00/kg,null,dairy_free,2024-11-05
Cathedral City Lactose Free Mature Cheddar Cheese 200G,£2.85,£14.25/kg,£2.15 Clubcard Price,dairy_free,2024-11-05
Tesco Plant Chef Soya Alternative To Plain Yogurt 500G,£1.45,£0.29/100g,null,dairy_free,2024-11-05
Arla LactoFREE Soft Cheese 200g,£1.75,£8.75/kg,null,dairy_free,2024-11-05
Tesco Coconut Drink 1 Litre,£1.25,£1.25/litre,null,dairy_free,2024-11-05
Oatly Vanilla Custard 250Ml,£1.30,£0.52/100ml,null,dairy_free,2024-11-05
Alpro Soya Chilled Dairy Free Alternative to Cream 250ml,£1.25,£5.00/litre,null,dairy_free,2024-11-05
Arla LactoFREE Long Life Semi Skimmed Milk Drink 5 x 20ml,£0.80,£8.00/litre,null,dairy_free,2024-11-05
Tesco Free From Apricot & Banana Soya Yogurt 4X90g,£1.15,£0.32/100g,null,dairy_free,2024-11-05
Rude Health Oat Drink Organic 1 Litre,£2.30,£2.30/litre,£1.80 Clubcard Price,dairy_free,2024-11-05
Oatly Organic Oat Chilled Drink 1L,£2.10,£2.10/litre,£1.70 Clubcard Price,dairy_free,2024-11-05
Mighty Pea M.Lk Unsweetened Milk Alternative 1 Litre,£1.90,£1.90/litre,null,dairy_free,2024-11-05
Mighty Barista M.Lk Uht Drink 1 Litre,£2.00,£2.00/litre,null,dairy_free,2024-11-05
Tesco Soya Drink Sweetened 1Ltr,£1.35,£1.35/litre,null,dairy_free,2024-11-05
Violife Vegan Greek White Block 230G,£3.00,£13.04/kg,null,dairy_free,2024-11-05
Califia Farms Mocha Cold Brew Dairy Free Coffee Drink with Almond 750ml,£2.95,£3.93/litre,null,dairy_free,2024-11-05
Rude Health Coconut With Calcium Chilled Dairy Free Drink 1L,£2.30,£2.30/litre,null,dairy_free,2024-11-05
Califia Farms Oat Barista Chilled Dairy Free Drink 1L,£2.10,£2.10/litre,null,dairy_free,2024-11-05
Gu Free From Chocolate & Vanilla Cheesecake 2X82g,£3.95,£2.41/100g,Save 25% £2.95 Clubcard Price,dairy_free,2024-11-05
Oatly Greek Style Oatgurt 400G,£2.60,£0.65/100g,null,dairy_free,2024-11-05
Violife Plant Based Cheddarton 200G,£2.75,£13.75/kg,null,dairy_free,2024-11-05
Rude Health Almond With Calcium Chilled Dairy Free Drink 1L,£2.30,£2.30/litre,null,dairy_free,2024-11-05
Nando's Vegan Perinaise Peri Peri Mayonnaise 265G,£2.25,£0.85/100g,null,dairy_free,2024-11-05
Oatly Strawberry Oatgurt 400G,£2.60,£0.65/100g,null,dairy_free,2024-11-05
Alpro Soya Strawberry Longlife Drink 3 X250 Ml,£2.10,£2.80/litre,null,dairy_free,2024-11-05
Coconut Collaborative Little Chocolate Pots Dairy Free 4X45g,£2.95,£1.64/100g,Save 25% £2.20 Clubcard Price,dairy_free,2024-11-05
Plenish Organic Almond Chilled Dairy Free Drink 1L,£2.25,£2.25/litre,£2.00 Clubcard Price,dairy_free,2024-11-05
Alpro Coconut No Sugar Long Life Dairy Free Drink 1L,£2.00,£2.00/litre,null,dairy_free,2024-11-05
Alpro 50g High Protein Soya Chocolate Flavour Long Life Dairy Free Drink 1L,£2.30,£2.30/litre,null,dairy_free,2024-11-05
Alpro Coconut Longlife Drink Alternative 1 Litre,£2.00,£2.00/litre,null,dairy_free,2024-11-05
Alpro High Protein Soya Original Long Life Dairy Free Drink 1L,£2.30,£2.30/litre,null,dairy_free,2024-11-05
Alpro Hazelnut Longlife Drink Alternative 1 Litre,£2.00,£2.00/litre,null,dairy_free,2024-11-05
Plenish Organic Oat Chilled Dairy Free Drink 1L,£2.25,£2.25/litre,£1.75 Clubcard Price,dairy_free,2024-11-05
Heinz Seriously Good Vegan Mayonnaise 775G,£3.40,£0.44/100g,£3.00 Clubcard Price,dairy_free,2024-11-05
The Coconut Collaborative Dairy Free Raspberry Coconut Yogurt 350G,£2.75,£0.79/100g,£1.95 Clubcard Price,dairy_free,2024-11-05
Alpro Barista Almond Long Life Dairy Free Drink 1L,£2.10,£2.10/litre,null,dairy_free,2024-11-05
Koko Dairy Free Unsweetened Alternative Drink 1 Litre,£1.85,£1.85/litre,null,dairy_free,2024-11-05
Alpro Coconut Original Chilled Dairy Free Drink 1L,£2.00,£2.00/litre,null,dairy_free,2024-11-05
Oatly Chocolate Deluxe Oat Chilled Drink 1L,£2.10,£2.10/litre,£1.70 Clubcard Price,dairy_free,2024-11-05
Alpro Caramel Dairy Free Vegan Soya Dessert 4x125g,£1.85,£0.37/100g,£1.50 Clubcard Price,dairy_free,2024-11-05
Oatly Oat Drink Vanilla 1L,£1.90,£1.90/litre,null,dairy_free,2024-11-05
Alpro My Cuppa Soya Chilled Dairy Free Drink for Tea 750ml,£1.95,£2.60/litre,£1.50 Clubcard Price,dairy_free,2024-11-05
The Coconut Collaborative Vegan Double Cream 220Ml,£1.95,£0.89/100ml,£1.50 Clubcard Price,dairy_free,2024-11-05
Alpro Barista Oat Chilled Dairy Free Drink 750ml,£1.75,£2.33/litre,£1.25 Clubcard Price,dairy_free,2024-11-05
Oatly Whippable Creamy Oat 250Ml,£1.35,£0.54/100ml,null,dairy_free,2024-11-05
Tesco Plant Chef Soya Alternative To Greek Style Yogurt 400G,£1.45,£0.36/100g,null,dairy_free,2024-11-05
Alpro Soya Chocolate Chilled Dairy Free Drink 1L,£2.00,£2.00/litre,null,dairy_free,2024-11-05
Tesco Coconut Drink Sweetened 1Ltr,£1.25,£1.25/litre,null,dairy_free,2024-11-05
Tesco Lactose Free Greek Yogurt 400G,£1.60,£0.40/100g,null,dairy_free,2024-11-05
Oatly The Original Barista Edition Oat Chilled Drink 500ml,£1.30,£2.60/litre,null,dairy_free,2024-11-05
Tesco Free From Chocolate Sponge 115G,£1.25,£1.09/100g,null,dairy_free,2024-11-05
Tesco Free From Syrup Sponge 115G,£1.25,£1.09/100g,null,dairy_free,2024-11-05
"Starbucks Oat Based Vanilla Macchiato Iced Coffee, Plant-Based 220ml",£2.20,£1.00/100ml,null,dairy_free,2024-11-05
Rude Health Organic Brown Rice Longlife Dairy Free Drink 1L,£2.30,£2.30/litre,£1.80 Clubcard Price,dairy_free,2024-11-05
The Original Oatly No Sugars Oat Long Life Drink 1L,£1.90,£1.90/litre,null,dairy_free,2024-11-05
Plenish Organic Barista Gluten Free Oat Drink 1L,£2.25,£2.25/litre,£1.75 Clubcard Price,dairy_free,2024-11-05
Naturli Organic Dairy Free Vegan Spreadable Butter Alternative 450g,£4.00,£8.89/kg,£2.75 Clubcard Price,dairy_free,2024-11-05
Oatly Organic Oat Drink Barista Edition 1 Litre,£2.20,£2.20/litre,£1.70 Clubcard Price,dairy_free,2024-11-05
Costa Coffee Oat Latte Iced Coffee 750ml,£3.50,£4.67/litre,null,dairy_free,2024-11-05
The Original Oatly Whole Oat Long Life Drink 1L,£1.90,£1.90/litre,£1.50 Clubcard Price,dairy_free,2024-11-05
The Original Oatly Semi Oat Long Life Drink 1L,£1.90,£1.90/litre,£1.50 Clubcard Price,dairy_free,2024-11-05
The Coconut Collab White Chocolate Pots 4x45g,£2.95,£1.64/100g,null,dairy_free,2024-11-05
Flora Plant Butter Spreadable 400g,£3.00,£7.50/kg,null,dairy_free,2024-11-05
Califia Farms Caramel Cold Brew Dairy Free Coffee Drink with Oat 750ml,£2.95,£3.93/litre,null,dairy_free,2024-11-05
Califia Farms Pumpkin Spice Coffee With Almond 750Ml,£2.95,£3.93/litre,null,dairy_free,2024-11-05
The Coconut Collaborative Plain Cultured Coconut Yogurt 350G,£2.75,£0.79/100g,null,dairy_free,2024-11-05
Gu Free From Zillionaires Cheesecake 2X91.5G,£3.95,£2.16/100g,Save 25% £2.95 Clubcard Price,dairy_free,2024-11-05
Gu Free From Lemon Cheesecakes 2X92g,£3.95,£2.15/100g,Save 25% £2.95 Clubcard Price,dairy_free,2024-11-05
Gu Free From Salted Caramel Cheesecake 2 X 83G,£3.95,£2.38/100g,Save 25% £2.95 Clubcard Price,dairy_free,2024-11-05
Plenish Organic Barista Soya 1L,£2.25,£2.25/litre,null,dairy_free,2024-11-05
Alpro Strawberry Gut Health Dairy Free Soya Yoghurt Alternative 4x125g,£2.50,£0.50/100g,null,dairy_free,2024-11-05
Alpro Peach Gut Health Dairy Free Soya Yoghurt Alternative 4x125g,£2.50,£0.50/100g,null,dairy_free,2024-11-05
Chocomel Plant Based 1 Litre,£3.20,£3.20/litre,£2.50 Clubcard Price,dairy_free,2024-11-05
Plenish Organic Soya 1LTR,£2.25,£2.25/litre,null,dairy_free,2024-11-05
Plenish Organic Barista Gluten Free Oat Drink 1L,£2.25,£2.25/litre,null,dairy_free,2024-11-05
The Coconut Collaborative Chocolate & Cream Dairy Free Dessert 4X60g,£2.95,£1.23/100g,Save 25% £2.20 Clubcard Price,dairy_free,2024-11-05
Alpro Strawberry Banana Peach Pear Soya Dairy Free Yoghurt Alternative 4x125g,£2.50,£0.50/100g,£1.75 Clubcard Price,dairy_free,2024-11-05
Alpro Blueberry & Cherry Soya Dairy Free Yoghurt Alternative 4x125g,£2.50,£0.50/100g,£1.75 Clubcard Price,dairy_free,2024-11-05
Alpro Blackberry Raspberry & Cranberry Soya Dairy Free Yoghurt Alternative 4x125g,£2.50,£0.50/100g,£1.75 Clubcard Price,dairy_free,2024-11-05
The Coconut Collaborative Alphonso Mango Passion Fruit 360G,£2.75,£0.76/100g,£1.95 Clubcard Price,dairy_free,2024-11-05
Alpro 38g High Protein Soya Chilled Dairy Free Chocolate Drink 750ml,£2.00,£2.67/litre,null,dairy_free,2024-11-05
Oddly Good Dreamy Berries Dessert 130g,£1.60,£12.31/kg,null,dairy_free,2024-11-05
Arla Jord Chilled Oat Drink 1L,£1.90,£1.90/litre,Save 25% £1.40 Clubcard Price,dairy_free,2024-11-05
Flora Plant Cream Double 250ml,£1.55,£0.62/100ml,null,dairy_free,2024-11-05
Arla Jord Chilled Oat & Vanilla Drink 1L,£1.90,£1.90/litre,Save 25% £1.40 Clubcard Price,dairy_free,2024-11-05
Oddly Good Plant-Based Dreamy Lemon Dessert 130G,£1.60,£1.23/100g,null,dairy_free,2024-11-05
Oddly Good Dreamy Caramel Dessert 130G,£1.60,£12.31/kg,null,dairy_free,2024-11-05
Alpro Plant Protein 38g Soya Chilled drink 750ml,£2.00,£2.67/litre,null,dairy_free,2024-11-05
Alpro Barista Caramel Chilled Drink 750ml,£1.75,£2.33/litre,£1.25 Clubcard Price,dairy_free,2024-11-05
Califia Farms Organic Oat Drink 750ml,£2.45,£3.27/litre,£1.50 Clubcard Price,dairy_free,2024-11-05
The Coconut Collab Chocolate & Caramel Dessert 110g,£1.50,£1.36/100g,£1.25 Clubcard Price,dairy_free,2024-11-05
Flora Plant Butter Unsalted 200g,£1.65,£8.25/kg,£1.00 Clubcard Price,dairy_free,2024-11-05
Alpro Oat Original Long Life Dairy Free Drink 500ml,£1.30,£2.60/litre,£1.00 Clubcard Price,dairy_free,2024-11-05
Flora Plant Butter Salted 200g,£1.65,£8.25/kg,£1.00 Clubcard Price,dairy_free,2024-11-05
Oatly Oat Drink Chilled Whole 500ml,£1.20,£2.40/litre,null,dairy_free,2024-11-05
Oatly Semi Oat Chilled Drink 500ml,£1.20,£2.40/litre,null,dairy_free,2024-11-05
Coconut Collab Dairy-Free Natural Coconut Yogurt 750g,£4.75,£0.63/100g,null,dairy_free,2024-11-05
Cathedral City Plant Based Extra Mature Cheddar Cheese Flavour Vegan Block 280g,£3.60,£12.86/kg,null,dairy_free,2024-11-05
Tesco Free From Coconut Oil Alternative to Mature Cheddar 200g,£2.60,£13.00/kg,null,dairy_free,2024-11-05
Arla Lactofree Semi Skimmed Milk Drink 2L,£2.90,£1.45/litre,null,dairy_free,2024-11-05
Tesco Free From Coconut Oil Alternative to Grated Mozzarella 200g,£2.60,£13.00/kg,null,dairy_free,2024-11-05
Violife Cheddarton Extra Mature 200g,£2.75,£13.75/kg,null,dairy_free,2024-11-05
Tesco Free From Coconut Oil Alternative to Soft Cheese 150g,£2.00,£13.33/kg,null,dairy_free,2024-11-05
Plenish Organic Cashew Milk Dairy Alternative Long Life 1L,£2.25,£2.25/litre,null,dairy_free,2024-11-05
Muller Corner Plant Based Yoghurt Crunchy Chocolate Balls 125g,£1.35,£10.80/kg,Save 25% £1.00 Clubcard Price,dairy_free,2024-11-05
Tesco Free From Coconut Oil Alternative to Garlic and Herb Soft Cheese 150g,£2.00,£13.33/kg,null,dairy_free,2024-11-05
Muller Corner Plant Based Yoghurt Strawberry & Pomegranate 136g,£1.35,£9.93/kg,Save 25% £1.00 Clubcard Price,dairy_free,2024-11-05
Hellmann’s Vegan Garlic Mayonnaise Jar 270g,£2.60,£0.96/100g,null,dairy_free,2024-11-05
Plenish Organic Coconut Longlife Dairy Free Drink 1L,£2.25,£2.25/litre,£1.75 Clubcard Price,dairy_free,2024-11-05
Plenish Organic Barista Almond 1 Litre,£2.25,£2.25/litre,£2.00 Clubcard Price,dairy_free,2024-11-05
The Coconut Collaborative Cherry & Coconut Dairy-Free Yoghurt 4x100g,£2.95,£0.74/100g,Save 25% £2.20 Clubcard Price,dairy_free,2024-11-05
Alpro 15g High Protein Tropical Fruit Dairy Free Soya Yoghurt Alternative 200g,£1.50,£7.50/kg,Save 1/3 £1.00 Clubcard Price,dairy_free,2024-11-05
Philadelphia Vegan Almond & Oat Soft Cream Cheese Alternative 145G,£2.75,£18.97/kg,£2.00 Clubcard Price,dairy_free,2024-11-05
Alpro 15g High Protein Red Berries Dairy Free Soya Yoghurt Alternative 200g,£1.50,£7.50/kg,Save 1/3 £1.00 Clubcard Price,dairy_free,2024-11-05
Violife Vegan Creamy with Garlic & Herbs 150g,£2.75,£18.33/kg,£2.00 Clubcard Price,dairy_free,2024-11-05
The Collective Dairy Free Peach & Vanilla Yoghurt Alternative 115g,£1.50,£1.30/100g,null,dairy_free,2024-11-05
Violife Original Slices Vegan Cheese Alternative 175g,£2.50,£14.29/kg,£1.75 Clubcard Price,dairy_free,2024-11-05
The Coconut Collab Protein Yog 350g,£2.75,£7.86/kg,£1.95 Clubcard Price,dairy_free,2024-11-05
Violife Original Grated Vegan Cheese Alternative 175g,£2.50,£14.29/kg,£1.75 Clubcard Price,dairy_free,2024-11-05
Alpro Barista Coconut Chilled Dairy Free Drink 750ml,£1.75,£2.33/litre,£1.25 Clubcard Price,dairy_free,2024-11-05
Califia Farms Unsweetened Organic Almond Drink 750ml,£2.45,£3.27/litre,£1.50 Clubcard Price,dairy_free,2024-11-05
Alpro Almond No Sugar Long Life Dairy Free Drink 500ml,£1.30,£2.60/litre,£1.00 Clubcard Price,dairy_free,2024-11-05
Richmond 12 Thick Pork Sausages 615G,£3.60,£5.85/kg,£2.00 Clubcard Price,meat_poultry,2024-11-05
Richmond Roast Chicken Sausages 410g,£2.60,£6.34/kg,£2.00 Clubcard Price,meat_poultry,2024-11-05
Tesco Finest 10 Traditional Pork Sausages 667G,£5.00,£7.50/kg,null,meat_poultry,2024-11-05
Tesco British Large Whole Chicken 1.5Kg - 1.9Kg,£5.25,£3.50/kg,null,meat_poultry,2024-11-05
Tesco British Diced Chicken Breast 400G,null,null,null,meat_poultry,2024-11-05
Tesco Whole Chicken Extra Large 1.9Kg - 2.3Kg,£6.00,£3.16/kg,null,meat_poultry,2024-11-05
Tesco Mini Chicken Fillets 650G,£5.00,£7.69/kg,null,meat_poultry,2024-11-05
Tesco Finest 12 Pork British Chipolatas 375G,£3.25,£8.67/kg,Any 2 for £5 Clubcard Price - Selected Tesco Finest* Meat Products 90g-400g,meat_poultry,2024-11-05
Tesco Finest 6 British Pork & Caramelised Onion Sausages 400G,£3.25,£8.12/kg,Any 2 for £5 Clubcard Price - Selected Tesco Finest* Meat Products 90g-400g,meat_poultry,2024-11-05
Tesco Finest 6 Pork Sausages 400G,£3.25,£8.12/kg,Any 2 for £5 Clubcard Price - Selected Tesco Finest* Meat Products 90g-400g,meat_poultry,2024-11-05
Tesco Unsmoked Streaky Bacon 14 Rashers 300G,£2.29,£7.63/kg,null,meat_poultry,2024-11-05
Tesco Unsmoked Thick Cut Back Bacon 300G,£1.91,£6.37/kg,null,meat_poultry,2024-11-05
Tesco Smoked Thick Cut Back Bacon 300G,£1.91,£6.37/kg,null,meat_poultry,2024-11-05
Tesco Unsmoked Back Bacon 10 Rashers 300G,£1.89,£6.30/kg,null,meat_poultry,2024-11-05
Tesco British Chicken Breast Mini Fillets 400G,£3.75,£9.38/kg,£3.00 Clubcard Price,meat_poultry,2024-11-05
Tesco Lean Diced Beef 400G,null,null,£4.20 Clubcard Price,meat_poultry,2024-11-05
Tesco Finest 10 Pigs In Blankets 210G,£3.25,£15.48/kg,Any 2 for £5 Clubcard Price - Selected Tesco Finest* Meat Products 90g-400g,meat_poultry,2024-11-05
Tesco Smoked Back Bacon Rashers 300G,£1.89,£6.30/kg,null,meat_poultry,2024-11-05
Tesco Smoked Streaky Bacon 14 Rashers 300G,£2.29,£7.63/kg,null,meat_poultry,2024-11-05
Tesco British Chicken Breast Fillets 950G,£6.50,£6.84/kg,null,meat_poultry,2024-11-05
Tesco British Chicken Breast Portions 650G,£4.49,£6.91/kg,null,meat_poultry,2024-11-05
Tesco 2 British Chicken Breast Fillets 300G,£2.25,£7.50/kg,null,meat_poultry,2024-11-05
Tesco Lean Beef Steak Mince 5% Fat 250G,£2.19,£8.76/kg,null,meat_poultry,2024-11-05
Woodside Farms Unsmoked Back Bacon 300G,null,null,null,meat_poultry,2024-11-05
Woodside Farms Smoked Back Bacon 300G,null,null,null,meat_poultry,2024-11-05
Tesco Beef Lean Steak Mince 500G 5% Fat,£3.49,£6.98/kg,null,meat_poultry,2024-11-05
Tesco Beef Lean Steak Mince 5% Fat 750G,£4.99,£6.65/kg,null,meat_poultry,2024-11-05
Tesco Beef Mince 500G 20% Fat,£2.49,£4.98/kg,null,meat_poultry,2024-11-05
Tesco Lamb Whole Leg Joint,£39.19,£14.70/kg,null,meat_poultry,2024-11-05
Tesco Large Beef Roasting Joint With Basting Fat,£24.05,£13.00/kg,null,meat_poultry,2024-11-05
Tesco Medium Beef Roasting Joint With Basting Fat,£11.20,£14.00/kg,null,meat_poultry,2024-11-05
Tesco British Chicken Thigh Fillets 600G,£5.00,£8.33/kg,null,meat_poultry,2024-11-05
Tesco British Chicken Thigh Fillets 1Kg,£6.50,£6.50/kg,null,meat_poultry,2024-11-05
Tesco Smoked Bacon Lardons 200G,£2.60,£13.00/kg,null,meat_poultry,2024-11-05
Tesco Finest British 10 Cumberland Sausages 667G,£5.00,£7.50/kg,£4.00 Clubcard Price,meat_poultry,2024-11-05
Tesco Finest 6 British Pork Cumberland Sausages 400G,null,null,Any 2 for £5 Clubcard Price - Selected Tesco Finest* Meat Products 90g-400g,meat_poultry,2024-11-05
Tesco British Pork Sausage Meat 400G,£2.70,£6.75/kg,null,meat_poultry,2024-11-05
Richmond 8 Thick Pork Sausages 410G,£2.60,£6.34/kg,null,meat_poultry,2024-11-05
Tesco British Chicken Thighs 1Kg,£3.40,£3.40/kg,null,meat_poultry,2024-11-05
Tesco British Diced Chicken Breast 650G,£5.00,£7.69/kg,£4.45 Clubcard Price,meat_poultry,2024-11-05
Tesco Finest Pork Sausage Meat 350G,£3.25,£9.29/kg,Any 2 for £5 Clubcard Price - Selected Tesco Finest* Meat Products 90g-400g,meat_poultry,2024-11-05
Tesco Beef Rump Steak 255G,£3.84,£15.06/kg,null,meat_poultry,2024-11-05
Willow Farm Chicken Breast Portions 900G -1.2Kg,null,null,null,meat_poultry,2024-11-05
Tesco British Whole Medium Chicken 1.2Kg -1.5Kg,£4.10,£3.42/kg,Any 3 for £10 Clubcard Price - Selected Meat Products,meat_poultry,2024-11-05
Tesco Diced Beef 400G,£4.19,£10.48/kg,null,meat_poultry,2024-11-05
Tesco Chicken Thighs 2Kg,£5.00,£2.50/kg,null,meat_poultry,2024-11-05
Tesco Finest Unsmoked Dry Cure Back Bacon 8 Pack 240G,£3.50,£14.58/kg,Any 2 for £5 Clubcard Price - Selected Tesco Finest* Meat Products 90g-400g,meat_poultry,2024-11-05
Tesco Finest Smoked Dry Cure Back Bacon 8 Pack 240G,£3.50,£14.58/kg,Any 2 for £5 Clubcard Price - Selected Tesco Finest* Meat Products 90g-400g,meat_poultry,2024-11-05
Tesco Finest Smoked Dry Cure Streaky Bacon 240G,£3.50,£14.58/kg,Any 2 for £5 Clubcard Price - Selected Tesco Finest* Meat Products 90g-400g,meat_poultry,2024-11-05
Willow Farm Chicken Wings 900G - 1.2Kg,£2.09,£1.99/kg,null,meat_poultry,2024-11-05
Tesco British Pork Sausages 8 Pack 454G,£1.79,£3.94/kg,null,meat_poultry,2024-11-05
Tesco Pork Lean Mince 5% Fat 500G,£2.59,£5.18/kg,null,meat_poultry,2024-11-05
Tesco Large Chicken Fillet Pack 1.6Kg,£9.95,£6.22/kg,£9.25 Clubcard Price,meat_poultry,2024-11-05
Tesco 4 Beef Quarter Pounders 454g,£2.49,£5.48/kg,null,meat_poultry,2024-11-05
Tesco Beef Steak Mince 750G 15% Fat,£4.95,£6.60/kg,null,meat_poultry,2024-11-05
Tesco Sirloin Steak 227G,£4.75,£20.92/kg,null,meat_poultry,2024-11-05
Tesco Lean Diced Beef 600G,£7.00,£11.67/kg,null,meat_poultry,2024-11-05
Tesco Thin Cut Pork Loin Steaks 6 Pack 600G,£4.50,£7.50/kg,null,meat_poultry,2024-11-05
Tesco 12 Beef Meatballs 336G,£3.35,£9.97/kg,null,meat_poultry,2024-11-05
Tesco Finest 4 Beef Dripping Yorkshire Puddings 190G,£2.35,£1.24/100g,null,meat_poultry,2024-11-05
Tesco Finest 6 Pork & Apple Sausages 400G,£3.25,£8.12/kg,Any 2 for £5 Clubcard Price - Selected Tesco Finest* Meat Products 90g-400g,meat_poultry,2024-11-05
Tesco Finest Aberdeen Angus Steak Mince 500G,£5.00,£10.00/kg,null,meat_poultry,2024-11-05
Tesco Finest Sirloin Steak 227G,£6.10,£26.87/kg,null,meat_poultry,2024-11-05
Richmond 12 Thin Pork Sausages 340G,£2.60,£7.65/kg,£2.00 Clubcard Price,meat_poultry,2024-11-05
Tesco Finest Unsmoked Wiltshire Cured Back Bacon 8 Pack 240G,£3.50,£14.58/kg,Any 2 for £5 Clubcard Price - Selected Tesco Finest* Meat Products 90g-400g,meat_poultry,2024-11-05
Tesco Finest Smoked Wiltshire Cured Back Bacon 8 Pack 240G,£3.50,£14.58/kg,Any 2 for £5 Clubcard Price - Selected Tesco Finest* Meat Products 90g-400g,meat_poultry,2024-11-05
Tesco 24 Beef Meatballs 672G,£4.80,£7.14/kg,null,meat_poultry,2024-11-05
Tesco British Chicken Legs 1Kg,£2.55,£2.55/kg,null,meat_poultry,2024-11-05
Tesco Finest Unsmoked Dry Cure Streaky Bacon 240G,£3.50,£14.58/kg,Any 2 for £5 Clubcard Price - Selected Tesco Finest* Meat Products 90g-400g,meat_poultry,2024-11-05
Bury Black Pudding 4 Slices 230G,£1.20,£5.22/kg,null,meat_poultry,2024-11-05
Willow Farm Whole Chicken 1.2Kg - 1.6Kg,£3.23,£2.69/kg,null,meat_poultry,2024-11-05
Tesco 12 Pork Sausages 681G,£2.65,£3.89/kg,null,meat_poultry,2024-11-05
Tesco British Cumberland Sausages 8 Pack 454G,£1.79,£3.94/kg,null,meat_poultry,2024-11-05
Tesco 2 Beef Medallion Steaks 340G,£4.25,£12.50/kg,null,meat_poultry,2024-11-05
Tesco Gammon Joint With Honey Glaze 620G,£6.00,£9.68/kg,Any 2 for £7 Clubcard Price - Selected Tesco Meat Products 302g-458g,meat_poultry,2024-11-05
Tesco Stewing Steak 400G,£3.99,£9.98/kg,null,meat_poultry,2024-11-05
Tesco Thin Cut Beef Steaks 395G,£4.05,£10.25/kg,null,meat_poultry,2024-11-05
Tesco Finest Beef Roasting Joint,£27.20,£16.00/kg,null,meat_poultry,2024-11-05
Tesco Finest Diced Beef 400G,£5.55,£13.88/kg,null,meat_poultry,2024-11-05
Heck Chicken 10 Italia Sausages 340G,£3.20,£9.41/kg,null,meat_poultry,2024-11-05
Tesco Unsmoked Lardons 200G,£2.60,£13.00/kg,null,meat_poultry,2024-11-05
TESCO FINEST BEEF DRIPPING GRAVY 500G,£3.00,£0.60/100g,£2.70 Clubcard Price,meat_poultry,2024-11-05
Tesco Finest 20 Mini Meatballs 336G,£3.75,£11.16/kg,null,meat_poultry,2024-11-05
TESCO FINEST ROAST CHICKEN GRAVY 500G,null,null,null,meat_poultry,2024-11-05
Tesco Yorkshire Puddings 6 Pack 180G,£2.20,£1.22/100g,null,meat_poultry,2024-11-05
Tesco Finest 12 Cumberland Chipolatas 375G,null,null,Any 2 for £5 Clubcard Price - Selected Tesco Finest* Meat Products 90g-400g,meat_poultry,2024-11-05
Tesco Large Pork Shoulder Joint,£9.75,£5.00/kg,Save 1/3 per kg Clubcard Price,meat_poultry,2024-11-05
Tesco Finest British 6 Lincolnshire Sausages 400G,£3.25,£8.12/kg,Any 2 for £5 Clubcard Price - Selected Tesco Finest* Meat Products 90g-400g,meat_poultry,2024-11-05
Tesco Lamb Half Leg Joint,£20.58,£14.70/kg,null,meat_poultry,2024-11-05
Tesco Finest 12 Beef & Herb Meatballs 336G,£3.70,£11.01/kg,£3.00 Clubcard Price,meat_poultry,2024-11-05
Heck 6 97% Pork Sausages 400G,£3.20,£8.00/kg,£2.50 Clubcard Price,meat_poultry,2024-11-05
Tesco British Lamb Mince 20% Fat 500G,£6.90,£13.80/kg,null,meat_poultry,2024-11-05
Tesco Finest* 12 Pork Sage And Onion Stuffing Balls 350G,£3.25,£9.29/kg,Any 2 for £5 Clubcard Price - Selected Tesco Finest* Meat Products 90g-400g,meat_poultry,2024-11-05
Tesco Lamb Leg Steaks 300G,£5.90,£19.67/kg,null,meat_poultry,2024-11-05
Tesco Finest 5% Aberdeen Angus Steak Mince 500G,null,null,£4.75 Clubcard Price,meat_poultry,2024-11-05
Tesco 12 Pork Chipolatas Chipolatas 375G,£1.97,£5.25/kg,null,meat_poultry,2024-11-05
Willow Farm Chicken Thighs 900G - 1.2Kg,£2.99,£2.85/kg,null,meat_poultry,2024-11-05
Woodside Farms 8 Pork Sausages 454G,£1.50,£3.30/kg,null,meat_poultry,2024-11-05
Tesco Beef Ribeye Steak 227G,£5.35,£23.57/kg,null,meat_poultry,2024-11-05
Tesco Beef Fillet Steak 170G,£6.25,£36.76/kg,null,meat_poultry,2024-11-05
Tesco Unsmoked Boneless Gammon Joint,£12.70,£6.25/kg,null,meat_poultry,2024-11-05
Tesco Pork Loin Joint,£14.00,£7.00/kg,null,meat_poultry,2024-11-05
67. Tesco Finest Garnish Pack 1.48kg (Serves 6),£13.50,£9.12/kg,null,meat_poultry,2024-11-05
32. Tesco Turkey Crown Medium 2.3kg-3.19kg (Serves 8-11),£30.31,£9.50/kg,null,meat_poultry,2024-11-05
Tesco Beef Brisket,£9.60,£12.00/kg,null,meat_poultry,2024-11-05
Tesco Finest Sirloin Steak 454G,£11.65,£25.66/kg,null,meat_poultry,2024-11-05
Tesco Roast In Bag Ready Basted Whole Chicken 1.5Kg,£6.10,£4.07/kg,null,meat_poultry,2024-11-05
Tesco Roast In Bag Butter Basted Whole Chicken 1.5Kg,£6.10,£4.07/kg,null,meat_poultry,2024-11-05
Tesco Beef Stir Fry Strips 357G,£5.25,£14.71/kg,null,meat_poultry,2024-11-05
Tesco Finest Rump Steak 255G,£5.40,£21.18/kg,null,meat_poultry,2024-11-05
Richmond 12 Skinless Pork Sausages 319G,£2.60,£8.15/kg,null,meat_poultry,2024-11-05
Tesco Room To Roam British Chicken Breast Portions 300G,£3.95,£13.17/kg,null,meat_poultry,2024-11-05
Tesco Unsmoked Gammon Steaks 2 Pack 450G,£4.50,£10.00/kg,Any 3 for £10 Clubcard Price - Selected Meat Products,meat_poultry,2024-11-05
Tesco Diced Lamb Shoulder 300G,null,null,null,meat_poultry,2024-11-05
Woodside Farms Pork Chops 700G,£3.99,£5.70/kg,null,meat_poultry,2024-11-05
Woodside Farms Pork Belly Slices 500G,£3.39,£6.78/kg,null,meat_poultry,2024-11-05
Tesco Finest Gluten Free 18 British Pork Cocktail Sausages 270G,£3.25,£12.04/kg,Any 2 for £5 Clubcard Price - Selected Tesco Finest* Meat Products 90g-400g,meat_poultry,2024-11-05
Tesco Chicken Mince 5% Fat 500G,£2.49,£4.98/kg,null,meat_poultry,2024-11-05
Tesco Finest Ribeye Steak 227G,£6.55,£28.86/kg,null,meat_poultry,2024-11-05
Tesco British Chicken Sausages 6 Pack 400G,£2.65,£6.62/kg,null,meat_poultry,2024-11-05
Willow Farm Chicken Drumsticks 900G - 1.2Kg,£2.09,£1.99/kg,null,meat_poultry,2024-11-05
Tesco Lamb Chops 300G,£5.95,£19.83/kg,null,meat_poultry,2024-11-05
Woodside Farms Cooking Bacon 500G,null,null,null,meat_poultry,2024-11-05
Tesco 8 Reduced Fat Pork Sausages 454G,£1.79,£3.94/kg,null,meat_poultry,2024-11-05
Tesco Beef Steak Mince 15% Fat 500G,£3.40,£6.80/kg,null,meat_poultry,2024-11-05
Tesco Finest Fillet Steak 210G,£8.40,£40.00/kg,null,meat_poultry,2024-11-05
Tesco Smoked Boneless Gammon Joint,£12.70,£6.25/kg,null,meat_poultry,2024-11-05
Tesco Lamb Diced Leg 300G,£7.00,£23.33/kg,null,meat_poultry,2024-11-05
Tesco Roast In The Bag Rotisserie Style Whole Chicken 1.5Kg,£6.10,£4.07/kg,null,meat_poultry,2024-11-05
Tesco Finest Pork Chops 500G,£5.00,£10.00/kg,null,meat_poultry,2024-11-05
Tesco Pork Shoulder Steaks 700G,£5.55,£7.93/kg,null,meat_poultry,2024-11-05
Porky Whites 6 Surreys Premium British Pork Sausages 400G,£3.50,£8.75/kg,£3.00 Clubcard Price,meat_poultry,2024-11-05
Tesco Basted Pork Loin Joint 800G,£7.00,£8.75/kg,null,meat_poultry,2024-11-05
Tesco Finest British Cornfed Free Range Thigh Fillets 430G,£4.75,£11.05/kg,null,meat_poultry,2024-11-05
Tesco British Chicken Drumsticks 1Kg,null,null,null,meat_poultry,2024-11-05
TESCO FINEST PEPPERCORN SAUCE 180G,£1.80,£1.00/100g,null,meat_poultry,2024-11-05
Simon Howie Drycure Smoked Back Bacon 220G(L),£3.00,£13.64/kg,null,meat_poultry,2024-11-05
TESCO FINEST PARSLEY SAUCE 180G,null,null,null,meat_poultry,2024-11-05
Tesco Bacon Strips 50G,£2.85,£5.70/100g,null,meat_poultry,2024-11-05
TESCO FINEST DIANE SAUCE 180G,£1.80,£1.00/100g,null,meat_poultry,2024-11-05
Woodside Farms Unsmoked Gammon Steaks 300G,null,null,null,meat_poultry,2024-11-05
Tesco Lamb Sliced Liver,£2.48,£5.50/kg,null,meat_poultry,2024-11-05
Tesco Lamb Leg Steaks 450G,£8.55,£19.00/kg,null,meat_poultry,2024-11-05
Tesco Beef Medallion Steak 227G,£3.15,£13.88/kg,null,meat_poultry,2024-11-05
Tesco British Cumberland Sausages 12 Pack 681G,£2.65,£3.89/kg,null,meat_poultry,2024-11-05
Tesco British Lincolnshire Sausages 8 Pack 454G,£1.79,£3.94/kg,null,meat_poultry,2024-11-05
Tesco Reduced Fat Cumberland Sausage 454G,£1.79,£3.94/kg,null,meat_poultry,2024-11-05
Tesco Crackling Pork Loin Joint 637G,£6.00,£9.42/kg,Any 2 for £7 Clubcard Price - Selected Tesco Meat Products 302g-458g,meat_poultry,2024-11-05
Tesco Finest British Cornfed Free Range Whole Chicken 1Kg-2.3Kg,£10.23,£6.20/kg,null,meat_poultry,2024-11-05
48. Tesco Maple & Bourbon Crackling Gammon Joint 2.8kg (Serves approx 13),£25.00,£8.93/kg,£22.00 Clubcard Price,meat_poultry,2024-11-05
Tesco Room To Roam British Chicken Breast Fillets 650G,£7.60,£11.69/kg,null,meat_poultry,2024-11-05
Tesco Roast In Bag Whole Chicken Pork Sage And Onion Stuffed 1.5Kg,£6.10,£4.07/kg,null,meat_poultry,2024-11-05
Tesco Finest Dry Cure Bacon Lardons 180G,£3.65,£20.28/kg,null,meat_poultry,2024-11-05
Gressingham Aromatic Half Duck 570G,£8.00,£14.04/kg,null,meat_poultry,2024-11-05
Highland Game Diced Venison 300G,£4.00,£13.33/kg,null,meat_poultry,2024-11-05
Tesco Finest Pork Loin Steaks 400G,£5.25,£13.12/kg,Any 3 for £10 Clubcard Price - Selected Meat Products,meat_poultry,2024-11-05
Tesco Finest Unsmoked 6 Dry Cure Thick Cut Bacon 240G,null,null,Any 2 for £5 Clubcard Price - Selected Tesco Finest* Meat Products 90g-400g,meat_poultry,2024-11-05
Simon Howie Black Pudding 200G,£1.75,£8.75/kg,null,meat_poultry,2024-11-05
Tesco Lamb Shank In Mint Gravy 450G,£5.25,£11.67/kg,null,meat_poultry,2024-11-05
Tesco Pork Ribs 700G,£5.50,£7.86/kg,null,meat_poultry,2024-11-05
Tesco Gammon Steaks 450G 2 Pack - Smoked,£4.50,£10.00/kg,Any 3 for £10 Clubcard Price - Selected Meat Products,meat_poultry,2024-11-05
Tesco British Lamb Mince 10% Fat 250G,£4.35,£17.40/kg,null,meat_poultry,2024-11-05
Tesco Beef Brisket In Gravy 380G,£5.15,£13.55/kg DR.WT,Any 3 for £10 Clubcard Price - Selected Meat Products,meat_poultry,2024-11-05
Simon Howie Black Pudding 240G (L),£1.50,£6.25/kg,null,meat_poultry,2024-11-05
Tesco British Pork Sliced Liver,£1.58,£3.15/kg,null,meat_poultry,2024-11-05
Tesco Pork Fillet,£3.71,£8.25/kg,null,meat_poultry,2024-11-05
Tesco Meat & Vegetable Beef Mince 500G,£2.85,£5.70/kg,null,meat_poultry,2024-11-05
Tesco Organic 2 Chicken Fillets,£7.80,£19.50/kg,null,meat_poultry,2024-11-05
Tesco Room To Roam Large British Whole Chicken 1.4Kg-1.8Kg,£8.40,£5.25/kg,null,meat_poultry,2024-11-05
30. Tesco Finest Free Range Bronze Turkey Crown Medium 2kg-2.99kg (Serves 9-14),£53.82,£18.00/kg,£16.00 per kg Clubcard Price,meat_poultry,2024-11-05
50. Tesco Finest Dry Cured Gammon Joint with a Muscovado Glaze 1kg (Serves 6),£13.00,£13.00/kg,£11.00 Clubcard Price,meat_poultry,2024-11-05
Tesco Finest British Cornfed Free Range Thigh & Drumsticks 1Kg,£6.05,£6.05/kg,null,meat_poultry,2024-11-05
Tesco Finest 8 Unsmoked Bacon Medallions 200G,£4.10,£20.50/kg,null,meat_poultry,2024-11-05
Tesco Finest Dry Cured Pancetta 22 Rashers 180G,£3.50,£19.44/kg,null,meat_poultry,2024-11-05
Finne Brogue 6 Naked Unsmoked Back Bacon 200G,£3.60,£18.00/kg,null,meat_poultry,2024-11-05
Highland Game Venison Grill Steaks 300G,null,null,null,meat_poultry,2024-11-05
Tesco Lamb Half Shoulder Joint,£12.40,£12.40/kg,null,meat_poultry,2024-11-05
Tesco Maple Bbq Pork Loin Steaks 600G,£5.45,£9.08/kg,£4.85 Clubcard Price,meat_poultry,2024-11-05
Tesco Gammon Steak With Cheese & Pineapple 345G,£4.50,£13.04/kg,Any 2 for £7 Clubcard Price - Selected Tesco Meat Products 302g-458g,meat_poultry,2024-11-05
Simon Howie Original Haggis 454G,£2.75,£6.06/kg,null,meat_poultry,2024-11-05
20. Tesco Whole Turkey Medium 4.5kg-5.99kg (Serves 11-14),£29.95,£5.00/kg,null,meat_poultry,2024-11-05
The Real Yorkshire Pudding Co. 4 Large Gluten Free Yorkshire Puddings 160G,£2.25,£1.41/100g,null,meat_poultry,2024-11-05
Woodside Farms Pork Loin Steaks 720G,£4.31,£5.99/kg,null,meat_poultry,2024-11-05
Tesco Organic Beef Steak Mince 15% Fat 500G,£5.25,£10.50/kg,null,meat_poultry,2024-11-05
Tesco Pork Stir Fry 500G,£4.00,£8.00/kg,null,meat_poultry,2024-11-05
Tesco 2 Lamb Rump Steaks 300G,£5.90,£19.67/kg,null,meat_poultry,2024-11-05
Tesco Slow Roasting Beef Joint,£20.40,£12.00/kg,null,meat_poultry,2024-11-05
Tesco Large Pork Leg Joint,£12.00,£6.00/kg,null,meat_poultry,2024-11-05
Highland Game Venison Steaks 250G,£7.50,£30.00/kg,null,meat_poultry,2024-11-05
Tesco Room To Roam British Chicken Thigh Fillets 600G,£5.80,£9.67/kg,null,meat_poultry,2024-11-05
Tesco 2 Beef Ranch Steaks With Garlic & Chilli 250G,£5.20,£20.80/kg,null,meat_poultry,2024-11-05
Tesco Finest 8 Smoked Bacon Medallions 200G,£4.10,£20.50/kg,null,meat_poultry,2024-11-05
Gressingham Duck Fat 250G,£3.15,£12.60/kg,null,meat_poultry,2024-11-05
Tesco 2X Lamb Shanks In Red Wine Gravy 780G,£8.60,£11.03/kg,null,meat_poultry,2024-11-05
Heck Simply Chicken Chipolatas 340G,£3.20,£9.41/kg,null,meat_poultry,2024-11-05
21. Tesco Whole Turkey Large 6kg-7.49kg (Serves 15-18),£37.45,£5.00/kg,null,meat_poultry,2024-11-05
Gressingham Duck Legs 462G,£4.80,£10.39/kg,Any 3 for £10 Clubcard Price - Selected Meat Products,meat_poultry,2024-11-05
Tesco Finest 4 Breakfast Pork Patties 320G,£3.25,£10.16/kg,Any 2 for £5 Clubcard Price - Selected Tesco Finest* Meat Products 90g-400g,meat_poultry,2024-11-05
Tesco Lamb Chops 550G,£9.90,£18.00/kg,£8.90 Clubcard Price,meat_poultry,2024-11-05
Tesco Lambs Hearts,£2.81,£7.30/kg,null,meat_poultry,2024-11-05
Tesco Finest Dry Cured Back Bacon 6 Rashers 240G,null,null,Any 2 for £5 Clubcard Price - Selected Tesco Finest* Meat Products 90g-400g,meat_poultry,2024-11-05
Tesco Organic British Beef Steak Mince 5% Fat 500G,£5.50,£1.10/100g,null,meat_poultry,2024-11-05
Tesco Finest Unsmoked Wiltshire Cured Crackling Gammon Joint,£9.00,£9.00/kg,Save 1/3 per kg Clubcard Price,meat_poultry,2024-11-05
Tesco Finest Smoked Wiltshire Cured Crackling Gammon Joint,null,null,Save 1/3 per kg Clubcard Price,meat_poultry,2024-11-05
57. Tesco Finest Free Range Whole Chicken 1.9kg-2.3kg (Serves 5-6),£12.50,£6.58/kg,£11.00 Clubcard Price,meat_poultry,2024-11-05
41. Tesco Finest 30-Day Matured Beef Tomahawk Steak 0.95-1.4kg (Serves 4 to 6),£28.00,£20.00/kg,Save 25% per kg Clubcard Price,meat_poultry,2024-11-05
31. Tesco Finest Free Range Bronze Turkey Crown Large 3kg-3.99kg) (Serves 15-18),£71.82,£18.00/kg,£16.00 per kg Clubcard Price,meat_poultry,2024-11-05
29. Tesco Finest Free Range Bronze Turkey Crown Small 1kg-1.99kg (Serves 4-8),£35.82,£18.00/kg,£16.00 per kg Clubcard Price,meat_poultry,2024-11-05
33. Tesco Turkey Crown Large 3.2kg-4.09kg (Serves 12-15),£38.86,£9.50/kg,null,meat_poultry,2024-11-05
Heck Chicken Italia Burgers 228G,£2.90,£12.72/kg,null,meat_poultry,2024-11-05
Tesco Finest Unsmoked Wiltshire Cured Gammon Steaks 2 Pack 460G,£6.00,£13.04/kg,null,meat_poultry,2024-11-05
Porky Lights 6 Premium British Low Fat Pork Sausages 400G,£3.50,£8.75/kg,null,meat_poultry,2024-11-05
Finne Brogue Naked 6 Smoked Back Bacon 200G,£3.60,£18.00/kg,null,meat_poultry,2024-11-05
Tesco British Pork Belly Joint,£7.20,£7.20/kg,null,meat_poultry,2024-11-05
Tesco 2 Minted Lamb Steaks 250G,£5.90,£23.60/kg,null,meat_poultry,2024-11-05
Tesco 12 British Turkey Meatballs 336G,£3.35,£9.97/kg,null,meat_poultry,2024-11-05
Simon Howie Premium Pork Sausages 300G,null,null,null,meat_poultry,2024-11-05
Tesco Finest Rump Joint Cornish Sea Salt & Pepper 500G,£8.70,£17.40/kg,£7.75 Clubcard Price,meat_poultry,2024-11-05
Tesco Chicken Drumsticks 2Kg,£4.70,£2.35/kg,Any 3 for £10 Clubcard Price - Selected Meat Products,meat_poultry,2024-11-05
Gressingham Duck Breast Fillets 397G,£8.00,£20.15/kg,Save 25% £6.00 Clubcard Price,meat_poultry,2024-11-05
Jolly Hog 6 British Pork Sausages Gluten Free 400G,£3.75,£9.38/kg,Save 1/3 £2.50 Clubcard Price,meat_poultry,2024-11-05
Tesco Lamb Whole Shoulder Joint,£24.80,£12.40/kg,null,meat_poultry,2024-11-05
Tesco British Lamb Neck Fillets,£7.51,£22.75/kg,null,meat_poultry,2024-11-05
Tesco Finest 6 Aberdeen Angus Beef Sausages 340G,£3.25,£9.56/kg,Any 2 for £5 Clubcard Price - Selected Tesco Finest* Meat Products 90g-400g,meat_poultry,2024-11-05
Tesco Finest Thick Cut Ribeye Steak 350G,£9.60,£27.43/kg,null,meat_poultry,2024-11-05
Tesco British Lamb Boneless Rolled Breast Joint,£8.10,£8.10/kg,null,meat_poultry,2024-11-05
46. Tesco Finest 30-Day Matured Chateaubriand 0.6-1kg (Serves 4 to 5),£50.00,£50.00/kg,£45.00 per kg Clubcard Price,meat_poultry,2024-11-05
45. Tesco Finest 30-Day Matured Beef Wellington 0.9-1.2kg (Serves 4),£54.00,£45.00/kg,£40.00 per kg Clubcard Price,meat_poultry,2024-11-05
Tesco Organic Beef Roasting Joint,£17.60,£16.00/kg,null,meat_poultry,2024-11-05
39. Tesco Finest 30-Day Matured Sirloin Wing Rib 1.5-2.5kg (Serves 7 to 12),£75.00,£30.00/kg,£25.00 per kg Clubcard Price,meat_poultry,2024-11-05
Tesco Finest Salt Aged Crackling Pork Loin Joint,£8.56,£9.25/kg,null,meat_poultry,2024-11-05
Tesco Organic British Drumsticks & Thighs 500G,£6.85,£13.70/kg,null,meat_poultry,2024-11-05
Tesco 4 British Turkey Burgers 454G,£4.00,£8.81/kg,null,meat_poultry,2024-11-05
Tesco Room To Roam British Chicken Drumsticks 1Kg,£3.50,£3.50/kg,null,meat_poultry,2024-11-05
Gressingham Spatchcock Poussin 450G,£4.00,£8.89/kg,null,meat_poultry,2024-11-05
Walls 8 Thick Pork Sausages 410G,£2.75,£6.71/kg,null,meat_poultry,2024-11-05
Jolly Hog Unsmoked Bacon 200G,£3.50,£17.50/kg,£2.50 Clubcard Price,meat_poultry,2024-11-05
Tesco Pork Fillet Medallions 300G,£3.85,£12.83/kg,null,meat_poultry,2024-11-05
Jolly Hog Smoked Bacon 200G,£3.50,£17.50/kg,£2.50 Clubcard Price,meat_poultry,2024-11-05
Tesco Finest Sirloin Steak With Garlic & Onion Butter 220G,£6.20,£28.18/kg,null,meat_poultry,2024-11-05
Tesco Hunters Gammon Steaks 345G,£4.50,£13.04/kg,Any 2 for £7 Clubcard Price - Selected Tesco Meat Products 302g-458g,meat_poultry,2024-11-05
Highland Game Venison Meatballs300g(L),£2.60,£8.67/kg,£2.10 Clubcard Price,meat_poultry,2024-11-05
Tesco Lambs Kidneys,£2.81,£7.30/kg,null,meat_poultry,2024-11-05
Jolly Hog 12 British Chipolatas Gluten Free 340G,£3.75,£11.03/kg,Save 1/3 £2.50 Clubcard Price,meat_poultry,2024-11-05
Gressingham Duck Fillets 250G,£4.75,£19.00/kg,Any 3 for £10 Clubcard Price - Selected Meat Products,meat_poultry,2024-11-05
Tesco 2 Lightly Seasoned Lamb Grill Steaks 300G,£3.65,£12.17/kg,null,meat_poultry,2024-11-05
Tesco Finest Slow Cooked Beef Bourguignon 540G,£8.00,£14.82/kg,Any 3 for £10 Clubcard Price - Selected Meat Products,meat_poultry,2024-11-05
Tesco Finest Thick Cut Sirloin Steak 350G,£8.75,£25.00/kg,null,meat_poultry,2024-11-05
Tesco Honey Cured Gammon Joint 800G,£9.00,£1.12/100g,null,meat_poultry,2024-11-05
Tesco Finest Slow Cooked Chicken Legs 635G,£8.00,£12.60/kg,null,meat_poultry,2024-11-05
Tesco Finest Slow Cooked Pork Belly With Crackling 985G,£12.60,£12.79/kg,null,meat_poultry,2024-11-05
Tesco Finest Slow Cooked Duck Legs With Redcurrant Jus 525G,£8.00,£15.24/kg,null,meat_poultry,2024-11-05
Tesco Finest 2 Beef Rump Steaks 510G,£10.25,£20.10/kg,null,meat_poultry,2024-11-05
Tesco Finest Sirloin Joint,£27.50,£25.00/kg,null,meat_poultry,2024-11-05
Gressingham Whole Guinea Fowl 1.05Kg,£9.00,£8.57/kg,null,meat_poultry,2024-11-05
Tesco Finest Salt Aged Pork Belly Joint 709G,null,null,null,meat_poultry,2024-11-05
Tesco Room To Roam British Diced Chicken Breast 400G,£5.15,£12.88/kg,null,meat_poultry,2024-11-05
Tesco Bbq Pork Riblets 300G,£3.95,£13.17/kg,null,meat_poultry,2024-11-05
Tgi Fridays Buffalo Chicken Wings 500G,£4.50,£9.00/kg,null,meat_poultry,2024-11-05
Tesco Swedish Style Meatballs 600G,£5.25,£8.75/kg,null,meat_poultry,2024-11-05
Tesco Shawarma Style Chicken Thighs 700G,£6.90,£9.86/kg,null,meat_poultry,2024-11-05
Tgi Smoked Pork Ribs With Bourbon Bbq Sauce 450G,£5.50,£12.22/kg,null,meat_poultry,2024-11-05
Tesco Finest Smoked Wiltshire Cured Gammon Steaks 2 Pack 460G,£6.00,£13.04/kg,null,meat_poultry,2024-11-05
"Tesco Finest Lamb Leg Steak , Sage & Rosemary Butter 200G",£5.20,£26.00/kg,null,meat_poultry,2024-11-05
Tesco Teriyaki Beef Brisket 370G,£5.15,£13.92/kg,null,meat_poultry,2024-11-05
The Jolly Hog Bbq Pulled Pork 376G,£5.00,£13.30/kg,null,meat_poultry,2024-11-05
Heck Steak & Butter Burger 320G,£3.65,£11.41/kg,null,meat_poultry,2024-11-05
Kings Aberdeen Angus Steak Strips 60G,£3.00,£50.00/kg,null,meat_poultry,2024-11-05
Tahira Hot & Spicy Beef & Chicken Sausages 500G,£2.75,£0.55/100g,null,meat_poultry,2024-11-05
Kleinkaroo 2 Ostrich Fillet Steaks 250G,£5.50,£22.00/kg,null,meat_poultry,2024-11-05
Jolly Hog Porky Black Sausages 400G,£3.75,£9.38/kg,null,meat_poultry,2024-11-05
Tesco Sage & Onion Pork Steaks With Apple Sauce 360G,£4.50,£12.50/kg,Any 2 for £7 Clubcard Price - Selected Tesco Meat Products 302g-458g,meat_poultry,2024-11-05
Tesco Finest 2 Mini Beef Rump Joints 323G,£5.65,£17.49/kg,null,meat_poultry,2024-11-05
Tesco Roast In Tray Minted Lamb Leg Joint 511G,£11.25,£22.02/kg,null,meat_poultry,2024-11-05
Tesco 8 Turkey Sausages 454G,£3.00,£6.61/kg,null,meat_poultry,2024-11-05
Tesco 18 Pork Sausages 1.022Kg,£3.85,£3.77/kg,null,meat_poultry,2024-11-05
Tesco Organic Beef Small Rump Steak,£6.29,£26.75/kg,null,meat_poultry,2024-11-05
Tesco Organic Beef Ribeye Steak,£8.63,£34.50/kg,null,meat_poultry,2024-11-05
Jolly Hog 6 Pork & Bramley Apple Sausages 400G,£3.75,£9.38/kg,Save 1/3 £2.50 Clubcard Price,meat_poultry,2024-11-05
Tesco Organic Beef Sirloin Steak,£6.02,£26.75/kg,null,meat_poultry,2024-11-05
Tesco Organic British Lamb Leg Steaks 300G,£6.40,£21.33/kg,null,meat_poultry,2024-11-05
Tesco Finest Slow Cooked Coq Au Vin 775G,£8.00,£10.32/kg,null,meat_poultry,2024-11-05
Tesco Beef & Ale Stew 580G,£6.00,£10.34/kg,null,meat_poultry,2024-11-05
Riverway Foods 10 British Pork Sausages 568G,£4.40,£7.75/kg,null,meat_poultry,2024-11-05
Heck Steak & Butter Meatball 12 Pack 300G,£4.00,£13.33/kg,null,meat_poultry,2024-11-05
Tesco Finest Korean Style Soy & Ginger Beef Ribs 480G,£7.20,£15.00/kg,null,meat_poultry,2024-11-05
Gressingham Whole Duck With Giblets 1.8Kg,£9.00,£5.00/kg,null,meat_poultry,2024-11-05
Tgi Fridays Bbq Beef Brisket 400G,£5.50,£13.75/kg,null,meat_poultry,2024-11-05
Porky Whites 6 Traditional Pork Sausages 400G,£3.30,£8.25/kg,null,meat_poultry,2024-11-05
Heck 10 Pork Chipolatas 340G,£3.15,£9.26/kg,null,meat_poultry,2024-11-05
Tesco Finest 4 Signature Pork Sausages 440g,£4.00,£9.09/kg,Any 3 for £10 Clubcard Price - Selected Meat Products,meat_poultry,2024-11-05
Gressingham Duck Breasts In Plum Sauce 400G,£7.40,£18.50/kg,null,meat_poultry,2024-11-05
"Tesco Finest 4 Pork, Bramley Apple & Kentish Cider Sausages 440g",£4.00,£9.09/kg,Any 3 for £10 Clubcard Price - Selected Meat Products,meat_poultry,2024-11-05
"Tesco Finest 4 Pork, Coastal Cheddar & Confit Onion Sausages 440g",£4.00,£9.09/kg,Any 3 for £10 Clubcard Price - Selected Meat Products,meat_poultry,2024-11-05
"Tesco Finest 4 Pork, Fennel & Chilli Sausages 440g",£4.00,£9.09/kg,Any 3 for £10 Clubcard Price - Selected Meat Products,meat_poultry,2024-11-05
"Tesco Finest 6 Pork, Honey & Wholegrain Mustard Sausages 400g",£3.25,£8.12/kg,Any 2 for £5 Clubcard Price - Selected Tesco Finest* Meat Products 90g-400g,meat_poultry,2024-11-05
Tesco Finest Lamb Rump Joint With Rosemary & Mint,£7.70,£19.25/kg,null,meat_poultry,2024-11-05
Tesco Finest 2 Cumberland Sausage Swirls 360g,£4.00,£11.11/kg,Any 3 for £10 Clubcard Price - Selected Meat Products,meat_poultry,2024-11-05
Tesco Finest 6 Festive Bangers 400g,£3.25,£8.12/kg,Any 2 for £5 Clubcard Price - Selected Tesco Finest* Meat Products 90g-400g,meat_poultry,2024-11-05
Richmond Minis Pork Sausages 90G,£1.35,£1.50/100g,Save 25% £1.00 Clubcard Price,meat_poultry,2024-11-05
Tesco British Pork Loin Crackling Joint 700g-1.3kg,£8.25,£7.50/kg,null,meat_poultry,2024-11-05
Tesco Finest British S/A Crackling Pork Rib Eye Shoulder Roast 800G-1.2Kg,£8.00,£8.00/kg,null,meat_poultry,2024-11-05
Tesco Finest 20 British Pork Chipolatas 625G,£5.00,£8.00/kg,null,meat_poultry,2024-11-05
Tesco 2 Hot & Spicy Chicken Burgers 200g,£3.75,£18.75/kg,null,meat_poultry,2024-11-05
Tesco Breaded Chicken Goujons 270g,null,null,null,meat_poultry,2024-11-05
Tesco Finest Wild Garlic Chicken Kievs 385g,£5.50,£14.29/kg,null,meat_poultry,2024-11-05
Tesco Hot & Spicy Chicken Tenders 305g,£3.75,£12.30/kg,null,meat_poultry,2024-11-05
Tesco Panko Chicken Tenders 305g,£3.75,£12.30/kg,null,meat_poultry,2024-11-05
Tesco 2 Cheese and Bacon Chicken Kievs 260g,£3.00,£11.54/kg,null,meat_poultry,2024-11-05
Tesco 2 Garlic and Herb Chicken Kievs 270g,£3.00,£11.11/kg,null,meat_poultry,2024-11-05
Porky Whites 6 Pork Sausages with Tumeric and Coconut 400g,£3.50,£8.75/kg,null,meat_poultry,2024-11-05
Tesco Buttermilk Chicken Tenders 305g,£3.75,£12.30/kg,null,meat_poultry,2024-11-05
Tesco Finest Cordon Bleu Chicken Kievs 430g,£5.50,£12.79/kg,null,meat_poultry,2024-11-05
Tesco 4 Southern Fried Chicken Steaks 505g,null,null,null,meat_poultry,2024-11-05
Tesco 4 Breaded Chicken Steaks 505g,£3.60,£7.13/kg,£3.00 Clubcard Price,meat_poultry,2024-11-05
Tesco Tempura Chicken Tenders 305g,£3.75,£12.30/kg,£3.00 Clubcard Price,meat_poultry,2024-11-05
Tesco Waffle and Maple Chicken Tenders 335g,£4.00,£11.94/kg,null,meat_poultry,2024-11-05
Tesco Southern Fried Chicken Tenders 305g,£3.75,£12.30/kg,£3.00 Clubcard Price,meat_poultry,2024-11-05
Tesco Garlic & Herb Chicken Kievs 375g,£4.50,£12.00/kg,£4.00 Clubcard Price,meat_poultry,2024-11-05
Richmond Extra Tasty 6 Signature Pork Sausages 400g,£2.75,£6.88/kg,null,meat_poultry,2024-11-05
Richmond Extra Tasty 6 Caramelised Red Onion Pork Sausages 400g,£2.75,£6.88/kg,null,meat_poultry,2024-11-05
Tesco Siracha Chicken Tenders 330g,null,null,null,meat_poultry,2024-11-05
Willow Farm Chicken Breast Pieces 500g,£3.70,£7.40/kg,null,meat_poultry,2024-11-05
Tesco 2 10X Unsmoked Back Bacon Rashers 600G,£3.75,£6.25/kg,Any 3 for £10 Clubcard Price - Selected Meat Products,meat_poultry,2024-11-05
Tesco Finest Lamb Rack With Cornish Sea Salt & Black Pepper,£18.60,£30.00/kg,null,meat_poultry,2024-11-05
Tesco 2x10 Smoked Back Bacon Rashers 600g,£3.75,£6.25/kg,Any 3 for £10 Clubcard Price - Selected Meat Products,meat_poultry,2024-11-05
Tesco British 10 Unsmoked Back Bacon Rashers 300G,£2.50,£8.33/kg,£2.20 Clubcard Price,meat_poultry,2024-11-05
Tesco British 10 Smoked Back Bacon Rashers 300G,null,null,£2.20 Clubcard Price,meat_poultry,2024-11-05
Tesco Finest Boneless Lamb Leg With Cornish Sea Salt & Black Pepper,£14.58,£20.25/kg,null,meat_poultry,2024-11-05
Tesco British Chicken Breast Portions 525G,£3.65,£6.95/kg,Any 3 for £10 Clubcard Price - Selected Meat Products,meat_poultry,2024-11-05
Tesco Finest Lamb Shoulder Cornish Sea Salt & Black Pepper,£20.85,£15.25/kg,null,meat_poultry,2024-11-05
Tesco Finest Dry Cured Honey Gammon Joint 1kg,£12.25,£12.25/kg,£10.00 Clubcard Price,meat_poultry,2024-11-05
49. Tesco Finest Dry Cured Gammon Joint with a Spiced Orange Glaze 1kg (Serves 4),£13.00,£12.74/kg,£11.00 Clubcard Price,meat_poultry,2024-11-05
Tesco Finest 30 Day Matured AA Thick Cut T-Bone Sharing Steak,£15.73,£22.00/kg,null,meat_poultry,2024-11-05
Tesco Finest AA Salt Dry Aged Beef Rump Steak,£9.28,£26.50/kg,£23.50 per kg Clubcard Price,meat_poultry,2024-11-05
Tesco Finest AA Bone In Sirloin Sharing Steak,£9.00,£20.00/kg,null,meat_poultry,2024-11-05
The Jolly Hog Smoked Streaky Bacon 180g,£3.50,£19.44/kg,£2.50 Clubcard Price,meat_poultry,2024-11-05
Tesco Unsmoked Gammon Joint 750G,null,null,Save 1/3 £3.15 Clubcard Price,meat_poultry,2024-11-05
Tesco Finest 30 Day Matured AA Cote Du Boeuf Sharing Steak,£19.60,£28.00/kg,null,meat_poultry,2024-11-05
Tesco Finest AA Salt Dry Aged Beef Sirloin Steak,£13.23,£37.80/kg,£34.00 per kg Clubcard Price,meat_poultry,2024-11-05
Tesco Finest AA Salt Dry Aged Beef Ribeye Steak,£13.60,£38.85/kg,£34.75 per kg Clubcard Price,meat_poultry,2024-11-05
Tesco Finest Thick Cut Rump Steak 350g,£7.45,£21.29/kg,null,meat_poultry,2024-11-05
Tesco Quick Cook Sirloin Beef Steak 150g,£3.50,£23.33/kg,£3.00 Clubcard Price,meat_poultry,2024-11-05
Tesco Finest AA Prime Cut Fillet Steak,£13.20,£48.00/kg,null,meat_poultry,2024-11-05
43. Tesco Finest Aberdeen Angus Beef Fillet & Rib Joint 1.1-1.55kg (Serves 4 to 6),£54.25,£35.00/kg,£30.00 per kg Clubcard Price,meat_poultry,2024-11-05
Tesco Large Beef Brisket Joint,null,null,Save 1/3 per kg Clubcard Price,meat_poultry,2024-11-05
The Real Greek Gyros Style Chicken 350g,£7.00,£20.00/kg,null,meat_poultry,2024-11-05
Tesco Slow Cooked Chicken & Vegetable Dhal 420G,£5.50,£13.10/kg,null,meat_poultry,2024-11-05
Tesco Piri Piri Half Chicken 880G,£6.55,£7.44/kg,null,meat_poultry,2024-11-05
Tesco Slow Cooked BBQ Chicken Wings 795g,£5.50,£6.92/kg,null,meat_poultry,2024-11-05
Uptown Diner Oak-Smoked BBQ Half Chicken 762g,£5.00,£6.56/kg,"UPTOWN DINER Meal Deal for £7 Clubcard Price - Buy 1 Main, 1 Side & 1 Extra",meat_poultry,2024-11-05
"Tesco Mango, Lime & Coconut Diced Chicken 300G",£3.45,£11.50/kg,null,meat_poultry,2024-11-05
Tesco Lemon & Herb Spatchcock 1.2kg,£5.50,£4.58/kg,null,meat_poultry,2024-11-05
Tesco Stir Fry Tikka Chicken 650G,£5.00,£7.69/kg,null,meat_poultry,2024-11-05
Tesco Slow Cooked Chicken Chasseur 475g,£5.50,£11.58/kg,null,meat_poultry,2024-11-05
Tesco Stir Fry Chinese Style Chicken 650g,£5.00,£7.69/kg,null,meat_poultry,2024-11-05
Tesco Piri Piri Chicken Escalopes 302G,£4.50,£14.90/kg,Any 2 for £7 Clubcard Price - Selected Tesco Meat Products 302g-458g,meat_poultry,2024-11-05
Tesco Slow Cooked Teriyaki Chicken 465g,£5.50,£11.83/kg,null,meat_poultry,2024-11-05
Tesco Sweet Chilli Chicken Escalopes 316G,£4.50,£14.24/kg,Any 2 for £7 Clubcard Price - Selected Tesco Meat Products 302g-458g,meat_poultry,2024-11-05
Tesco Cheese & Bacon Mini Chicken Fillets 300G,£3.45,£11.50/kg,null,meat_poultry,2024-11-05
Tesco Peri Peri Spatchcock with Sauce 1.2kg,£5.50,£4.58/kg,null,meat_poultry,2024-11-05
Tesco Stir Fry Teriyaki Chicken 650g,£5.00,£7.69/kg,null,meat_poultry,2024-11-05
Tesco Cheese & Bacon En Croute 410G,£4.50,£10.98/kg,Any 2 for £7 Clubcard Price - Selected Tesco Meat Products 302g-458g,meat_poultry,2024-11-05
Tesco Slow Cooked Sweet Chilli Chicken Wings 310g,£2.50,£8.06/kg,£2.00 Clubcard Price,meat_poultry,2024-11-05
Tesco Slow Cooked Beef Casserole 330g,£3.60,£10.91/kg,null,meat_poultry,2024-11-05
Tesco Katsu Chicken Breasts 362g,£4.50,£12.43/kg,Any 2 for £7 Clubcard Price - Selected Tesco Meat Products 302g-458g,meat_poultry,2024-11-05
Tesco Hunters Chicken Breast Fillets 430g,£4.50,£10.46/kg,Any 2 for £7 Clubcard Price - Selected Tesco Meat Products 302g-458g,meat_poultry,2024-11-05
Tesco Cajun Chicken Escalopes 350g,£4.50,£12.86/kg,Any 2 for £7 Clubcard Price - Selected Tesco Meat Products 302g-458g,meat_poultry,2024-11-05
Tesco Garlic Mushroom Chicken 382G,£4.50,£11.78/kg,Any 2 for £7 Clubcard Price - Selected Tesco Meat Products 302g-458g,meat_poultry,2024-11-05
Tesco Spinach and Ricotta Chicken Breasts 360g,£4.50,£12.50/kg,Any 2 for £7 Clubcard Price - Selected Tesco Meat Products 302g-458g,meat_poultry,2024-11-05
Tesco Tandoori Style Butter Chicken 344g,null,null,Any 2 for £7 Clubcard Price - Selected Tesco Meat Products 302g-458g,meat_poultry,2024-11-05
Tesco Hunters Chicken Mini Fillets 820g,£6.55,£7.99/kg,null,meat_poultry,2024-11-05
Willow Farms Chicken Drumstick Fillets 600g,£2.79,£4.65/kg,null,meat_poultry,2024-11-05
Tesco Cheese Leek & Bacon Chicken Breasts 390G,£4.50,£11.54/kg,Any 2 for £7 Clubcard Price - Selected Tesco Meat Products 302g-458g,meat_poultry,2024-11-05
Tesco Coronation Chicken Escalopes 357g,£4.50,£12.60/kg,Any 2 for £7 Clubcard Price - Selected Tesco Meat Products 302g-458g,meat_poultry,2024-11-05
Tesco Korean Style Chicken Thigh Fillets 390g,null,null,Any 2 for £7 Clubcard Price - Selected Tesco Meat Products 302g-458g,meat_poultry,2024-11-05
Tesco Tikka Chicken Breasts 355g,£4.50,£12.68/kg,Any 2 for £7 Clubcard Price - Selected Tesco Meat Products 302g-458g,meat_poultry,2024-11-05
Tesco Mini Roast Chicken Dinner 458G,£4.70,£10.26/kg,Any 2 for £7 Clubcard Price - Selected Tesco Meat Products 302g-458g,meat_poultry,2024-11-05
Tesco 2 Gammon Steaks with BBQ Glaze 300g,£4.50,£15.00/kg,null,meat_poultry,2024-11-05
Tesco 2 Gammon Steaks with Rarebit Cheese Melt 300g,£4.50,£15.00/kg,null,meat_poultry,2024-11-05
Tesco Finest Pork Cutlet 300-520g,£5.74,£14.00/kg,null,meat_poultry,2024-11-05
Tesco Finest Aberdeen Angus 2 Beef Burgers 340g,£4.00,£11.76/kg,null,meat_poultry,2024-11-05
Tesco Finest British S/A Pork Belly Slices 500G,£5.25,£10.50/kg,null,meat_poultry,2024-11-05
Tesco Korean BBQ Inspired Pork Belly Slices 400g,£5.00,£12.50/kg,null,meat_poultry,2024-11-05
Tesco Buttered Chicken Breast Joint 565g,£6.00,£10.62/kg,£5.00 Clubcard Price,meat_poultry,2024-11-05
Tesco British Pork Chops 350g,£3.75,£10.71/kg,Any 3 for £10 Clubcard Price - Selected Meat Products,meat_poultry,2024-11-05
Tesco British Pork Chops 700G 700G,£5.50,£7.86/kg,null,meat_poultry,2024-11-05
Tesco Finest 2 Pork Shoulder Steaks 400g,null,null,null,meat_poultry,2024-11-05
Tesco British Pork Loin Medallion Steaks 400g,£4.25,£10.62/kg,null,meat_poultry,2024-11-05
"Tesco Chicken, Cheese, Leek and Bacon 772g",£6.00,£7.77/kg,null,meat_poultry,2024-11-05
Tesco 4 Char Sui Pork Loin Steaks 600g,£5.45,£9.08/kg,null,meat_poultry,2024-11-05
Tesco Finest Quarter Pounders 454g,£4.25,£9.36/kg DR.WT,null,meat_poultry,2024-11-05
Tesco Finest Caramelised Onion Burgers 454g,£4.25,£9.36/kg,null,meat_poultry,2024-11-05
Tesco Hot Honey BBQ Chicken Breasts 316g,£4.50,£14.24/kg,Any 2 for £7 Clubcard Price - Selected Tesco Meat Products 302g-458g,meat_poultry,2024-11-05
Tesco Yakitori Style Chicken Breasts 332g,null,null,Any 2 for £7 Clubcard Price - Selected Tesco Meat Products 302g-458g,meat_poultry,2024-11-05
Tesco Traybake Chicken Korma 800g,£6.00,£7.50/kg,null,meat_poultry,2024-11-05
Tesco Sweet & Sour Chicken 800g,£6.00,£7.50/kg,null,meat_poultry,2024-11-05
Tesco Italian Style Chicken 727g,£6.00,£8.25/kg,null,meat_poultry,2024-11-05
Tesco British Pork Loin Steaks 500g,£4.50,£9.00/kg,Any 3 for £10 Clubcard Price - Selected Meat Products,meat_poultry,2024-11-05
Tesco Finest Extra Mature Cheddar 4 Beef Burgers 454g,£4.25,£9.36/kg,Any 3 for £10 Clubcard Price - Selected Meat Products,meat_poultry,2024-11-05
Tesco Pork Loin Steaks 1kg,£7.50,£7.50/kg,£5.25 Clubcard Price,meat_poultry,2024-11-05
Tesco Sweet Chilli Chicken Bites 400g,£4.50,£11.25/kg,Any 2 for £7 Clubcard Price - Selected Tesco Meat Products 302g-458g,meat_poultry,2024-11-05
Tesco Finest Wagyu Beef Burgers 454g,£6.00,£13.22/kg,null,meat_poultry,2024-11-05
Tesco BBQ Chicken Bites 400g,£4.50,£11.25/kg,Any 2 for £7 Clubcard Price - Selected Tesco Meat Products 302g-458g,meat_poultry,2024-11-05
25. Tesco Finest East Anglian Gold Free Range Turkey Crown Small 1kg-1.99kg (Serves 4-8),£45.77,£23.00/kg,£20.00 per kg Clubcard Price,meat_poultry,2024-11-05
Tesco Slow Cooked Chilli Beef Nachos 520g,£6.00,£11.54/kg,null,meat_poultry,2024-11-05
Tesco Finest Sugar Pit Pork Belly 650g,£9.00,£13.85/kg,null,meat_poultry,2024-11-05
Tesco Breaded Chicken Goujons 540g,£4.50,£8.33/kg,Any 3 for £10 Clubcard Price - Selected Meat Products,meat_poultry,2024-11-05
Tesco Southern Fried Chicken Goujons 270g,null,null,null,meat_poultry,2024-11-05
Tesco Free From Breaded Chicken Goujons 270g,£3.00,£11.11/kg,null,meat_poultry,2024-11-05
Tesco Finest 5% Pork Mince 500g,null,null,null,meat_poultry,2024-11-05
Tesco Slw/Ck Salt Beef With Piccalilli 385G,£5.50,£14.29/kg,null,meat_poultry,2024-11-05
19. Tesco Finest East Anglian Gold Free Range Whole Turkey Large 5.5kg-7kg (Serves 15-18),£119.00,£17.00/kg,£13.00 per kg Clubcard Price,meat_poultry,2024-11-05
18. Tesco Finest East Anglian Gold Free Range Whole Turkey Medium 4kg-5.49kg (Serves 10-14),£93.33,£17.00/kg,£13.00 per kg Clubcard Price,meat_poultry,2024-11-05
Tesco Italian Style Meatballs 600G,£5.25,£8.75/kg,null,meat_poultry,2024-11-05
17. Tesco Finest Free Range Organic Bronze Whole Turkey 3kg-7kg (Serves 7-17),£112.00,£16.00/kg,£14.00 per kg Clubcard Price,meat_poultry,2024-11-05
Tesco Finest Beef Stroganoff 550g,£8.00,£14.54/kg,null,meat_poultry,2024-11-05
Tesco Free From Whole Fillet Chicken Tenders 305g,£3.75,£12.30/kg,null,meat_poultry,2024-11-05
23. Tesco Finest Free Range Bronze Whole Turkey Medium 4kg-5.99kg (Serves 10-14),£62.90,£10.50/kg,£9.00 per kg Clubcard Price,meat_poultry,2024-11-05
24. Tesco Finest Free Range Bronze Whole Turkey Large 6kg-7.49kg (Serves 15-18),£78.65,£10.50/kg,£9.00 per kg Clubcard Price,meat_poultry,2024-11-05
22. Tesco Finest Free Range Bronze Whole Turkey Small 2kg-3.99kg (Serves 4-9),£41.90,£10.50/kg,£9.00 per kg Clubcard Price,meat_poultry,2024-11-05
Tesco Beef Steaks with Peppercorn Sauce 320g,null,null,Any 2 for £7 Clubcard Price - Selected Tesco Meat Products 302g-458g,meat_poultry,2024-11-05
Tesco Pork Mince 20% Fat 500G,£2.50,£5.00/kg,null,meat_poultry,2024-11-05
Tesco Finest 8 Signature Pigs in Blankets 336g,£4.50,£13.39/kg,null,meat_poultry,2024-11-05
Tesco Finest Slow Cooked Beef Short Ribs 600G,£8.90,£14.83/kg,null,meat_poultry,2024-11-05
Tesco Beef Steaks With A Stroganoff Sauce 320G,null,null,Any 2 for £7 Clubcard Price - Selected Tesco Meat Products 302g-458g,meat_poultry,2024-11-05
35. Tesco Finest Slow Cooked Turkey with all the Trimmings 3.48kg (Serves 4),£60.00,£17.22/kg,£50.00 Clubcard Price,meat_poultry,2024-11-05
"37. Tesco Finest Easy Carve Turkey with Pork, Cranberry & Chestnut Stuffing 2.87kg (Serves 12)",£40.00,£13.94/kg,£35.00 Clubcard Price,meat_poultry,2024-11-05
"28. Tesco Finest British Free Range Bronze Turkey Crown with a Pork, Cranberry & Chestnut Stuffing 2.36kg-2.9kg (Serves 10-12)",£78.30,£27.00/kg,£22.00 per kg Clubcard Price,meat_poultry,2024-11-05
"27. Tesco Finest British Free Range Bronze Turkey Crown with a Pork, Cranberry & Chestnut Stuffing 1.85-2.35kg (Serves 8-10)",£63.45,£27.00/kg,£22.00 per kg Clubcard Price,meat_poultry,2024-11-05
"38. Tesco Slow Cooked Turkey Thighs with Pork, Sage & Onion Stuffing & Gravy 795g (Serves 4)",£14.00,£17.61/kg,£12.00 Clubcard Price,meat_poultry,2024-11-05
26. Tesco Finest East Anglian Gold Free Range Turkey Crown Medium 2kg -3kg (Serves 9 to 13),£69.00,£23.00/kg,£20.00 per kg Clubcard Price,meat_poultry,2024-11-05
Tesco Slow Cooked Smoky BBQ Pulled Pork 410g,£5.15,£12.56/kg,null,meat_poultry,2024-11-05
The Real Greek Gyros Style Pork 350g,£7.00,£20.00/kg,null,meat_poultry,2024-11-05
Tesco Pulled Pork Baos Meal Kit 440g,£6.00,£13.64/kg,null,meat_poultry,2024-11-05
Tesco Sweet BBQ Pulled Pork 410g,£4.50,£10.98/kg,null,meat_poultry,2024-11-05
Tesco Slow Cooked Chinese BBQ Spare Ribs 400g,£4.25,£10.62/kg,null,meat_poultry,2024-11-05
UPTOWN DINER FULLY LOADED HOTDOG KIT 416G,null,null,"UPTOWN DINER Meal Deal for £7 Clubcard Price - Buy 1 Main, 1 Side & 1 Extra",meat_poultry,2024-11-05
Heck Sweet Chilli Chicken Chipolatas 10 Pack 340G,£3.20,£9.41/kg,null,meat_poultry,2024-11-05
Tesco Slow Cooked Hog Roast With S/On Stuffing 420G,£5.15,£12.26/kg,null,meat_poultry,2024-11-05
UPTOWN DINER BBQ PULLED PORK SANDWICH KIT 458G,£6.00,£13.10/kg,"UPTOWN DINER Meal Deal for £7 Clubcard Price - Buy 1 Main, 1 Side & 1 Extra",meat_poultry,2024-11-05
Tesco Pepper Crusted Pork Chops 322g,£4.50,£13.98/kg,Any 2 for £7 Clubcard Price - Selected Tesco Meat Products 302g-458g,meat_poultry,2024-11-05
UPTOWN DINER SMOKY BBQ RIB RACK 460G,£5.00,£10.87/kg,"UPTOWN DINER Meal Deal for £7 Clubcard Price - Buy 1 Main, 1 Side & 1 Extra",meat_poultry,2024-11-05
Tesco Slow Cooked Gammon Shanks Honey And Mustard 545G,£5.50,£10.09/kg,null,meat_poultry,2024-11-05
Tesco Slow Cooked Large Smoky BBQ Pulled Pork 700g,£6.00,£8.57/kg,null,meat_poultry,2024-11-05
Tesco Sweet BBQ Ribs 460g,£4.50,£9.78/kg,null,meat_poultry,2024-11-05
Tesco Slow Cooked Large Classic BBQ Ribs 646g,£6.25,£9.68/kg,null,meat_poultry,2024-11-05
Tesco Smoky BBQ Rib Rack 460g,£4.50,£9.78/kg,£4.00 Clubcard Price,meat_poultry,2024-11-05
Tesco 6 Bao Buns 168g,£2.50,£14.88/kg,null,meat_poultry,2024-11-05
Richmond Roast Chicken Sausages 410g,£2.60,£6.34/kg,£2.00 Clubcard Price,meat_poultry,2024-11-05
Tesco Slow Cooked Tennesse Style Boneless Beef 370g,£5.15,£13.92/kg,Any 3 for £10 Clubcard Price - Selected Meat Products,meat_poultry,2024-11-05
58. Tesco Finest Slow Cooked Spatchcock Duck with a Dark Fruit & Balsamic Glaze 2kg (Serves 4),£37.00,£18.50/kg,£32.00 Clubcard Price,meat_poultry,2024-11-05
"36. Tesco Finest Slow Cooked Two Bird Roast with a Pork, Duck & Plum Stuffing 1.1kg (Serves 4)",£37.00,£33.64/kg,£30.00 Clubcard Price,meat_poultry,2024-11-05
"59. Tesco Finest Easy Carve Duck with a Pork, Balsamic & Plum Stuffing 1.64kg (Serves 6)",£34.00,£21.25/kg,£30.00 Clubcard Price,meat_poultry,2024-11-05
Tesco Garlic & Herb Pork Loin Joint 1kg,£9.00,£9.00/kg,null,meat_poultry,2024-11-05
Tesco British Turkey Thigh Joint 1.25Kg,null,null,null,meat_poultry,2024-11-05
Tesco Finest Spiced Fruit Lamb Tagine 530g,£8.00,£15.09/kg,null,meat_poultry,2024-11-05
Gressingham Bistro Duck Legs in Port and Orange Sauce 530g,£6.70,£12.64/kg,null,meat_poultry,2024-11-05
Tesco Finest Duck Breast Supreme With Redcurrant Jus 560g,£9.50,£16.96/kg,null,meat_poultry,2024-11-05
Tesco Duck Breast Portions Cherry Balsamic Sauce 315g,£5.50,£17.46/kg,null,meat_poultry,2024-11-05
Tesco Mini Turkey Breast Fillets 400G,£4.75,£11.88/kg,null,meat_poultry,2024-11-05
Tesco Reduced Fat & Salt 8 Bacon Unsmoked Medallions 240G,null,null,null,meat_poultry,2024-11-05
Tesco Reduced Fat & Salt 8 Bacon Smoked Medallions 240G,null,null,null,meat_poultry,2024-11-05
Tesco Duck Crown With A Sticky Plum & Blackberry Glaze 1.21kg,£8.50,£7.02/kg,null,meat_poultry,2024-11-05
Tesco Finest Lamb Shawarma Style 310g-460g,£7.59,£18.50/kg,null,meat_poultry,2024-11-05
Mattessons 6 Smoked Turkey Rashers 150g,£2.20,£14.67/kg,null,meat_poultry,2024-11-05
Tesco British Turkey Breast Mince 2% Fat 500G,£4.50,£9.00/kg,null,meat_poultry,2024-11-05
Tesco Turkey Thigh Mince 7% Fat 500G,£4.00,£8.00/kg,null,meat_poultry,2024-11-05
Tesco British Turkey Breast Steaks 380G,£5.00,£13.16/kg,null,meat_poultry,2024-11-05
Tesco British Turkey Drumsticks,£2.96,£3.70/kg,null,meat_poultry,2024-11-05
Tesco Slow Cooked Lamb Shoulder Garlic Rosemary 400G,£6.00,£15.00/kg,null,meat_poultry,2024-11-05
Tesco 12 Cumberland Chicken Chipolatas 375g,£2.65,£7.07/kg,null,meat_poultry,2024-11-05
Tesco British Diced Pork 500G,£4.25,£8.50/kg,Any 3 for £10 Clubcard Price - Selected Meat Products,meat_poultry,2024-11-05
Tesco Finest Slow Cooked Smoky Beef Ribs with Truffle & Mustard Sauce 1.05Kg,null,null,Save 1/3 £10.00 Clubcard Price,meat_poultry,2024-11-05
Tesco Finest Slow Cooked Pork Belly with Calvados & Bramley Apple Jus 820g,£10.00,£12.20/kg,null,meat_poultry,2024-11-05
Tesco Finest Slow Cooked Osso Bucco with Bone Marrow gravy & Gremolata Crumb 805g,£15.00,£18.63/kg,null,meat_poultry,2024-11-05
34. Tesco Finest Free Range Medium Goose 4kg-6kg (Serves 8-12),£84.00,£14.00/kg,£12.00 per kg Clubcard Price,meat_poultry,2024-11-05
Tesco 2 Buttermilk Chicken Burgers 200g,£3.75,£18.75/kg,null,meat_poultry,2024-11-05
Tesco Breaded Chicken Poppers 300g,£3.50,£11.67/kg,null,meat_poultry,2024-11-05
Tesco Finest 2 Bhaji Style Crispy Chicken Breasts with Tikka Sauce 360g,£5.50,£15.28/kg,null,meat_poultry,2024-11-05
TESCO FINEST ONION GRAVY 500G,£3.00,£0.60/100g,£2.70 Clubcard Price,meat_poultry,2024-11-05
Tesco Tempura Chicken Nuggets 300g,£3.50,£11.67/kg,£3.00 Clubcard Price,meat_poultry,2024-11-05
Tesco Slow Cooked Duck Wings With A Plum Sauce 660g,£4.50,£6.82/kg,null,meat_poultry,2024-11-05
Tesco Finest Parmigiana Crispy Chicken Breasts 395g,£5.50,£13.92/kg,null,meat_poultry,2024-11-05
Tesco Finest Crispy Katsu Chicken Breasts 400g,£5.50,£13.75/kg,£4.50 Clubcard Price,meat_poultry,2024-11-05
Tesco Hot & Spicy Chicken Wings 350g,£3.00,£8.57/kg,£2.50 Clubcard Price,meat_poultry,2024-11-05
Tesco Southern Fried Chicken Thighs & Drumsticks 800g,£4.50,£5.62/kg,null,meat_poultry,2024-11-05
TESCO FINEST FISH PIE SAUCE 300G,£1.85,£0.62/100g,null,meat_poultry,2024-11-05
Tesco Southern Fried Chicken Breast Fillets 350g,£3.75,£10.71/kg,null,meat_poultry,2024-11-05
"Tesco Pork, Mozzarella & Tomato Meatballs 336g",£3.50,£10.42/kg,null,meat_poultry,2024-11-05
Tesco Crispy Chicken Breast Fillets 350g,£3.75,£10.71/kg,null,meat_poultry,2024-11-05
Tesco Finest Peppercorn Sauce 180G,£2.00,£1.11/100g,£1.75 Clubcard Price,meat_poultry,2024-11-05
Tesco Crispy Chicken Bites 300g,£3.50,£11.67/kg,null,meat_poultry,2024-11-05
Tesco British Pork Belly Slices 550g,£4.50,£8.18/kg,null,meat_poultry,2024-11-05
Tesco 12 Lamb Meatballs 336g,£3.30,£9.82/kg,null,meat_poultry,2024-11-05
"Tesco Finest Smoked Paprika Butter with Chilli, Garlic & Smoked Salt 90g",£1.70,£18.89/kg,£1.50 Clubcard Price,meat_poultry,2024-11-05
Tesco Finest Garlic & Mixed Herb Butter With Onion 90g,£1.70,£18.89/kg,£1.50 Clubcard Price,meat_poultry,2024-11-05
Tesco 12 British Pork Meatballs 336g,£3.00,£8.93/kg,Save 1/3 £2.00 Clubcard Price,meat_poultry,2024-11-05
"Tesco Finest Butter with Truffle Flavoured Olive Oil, Black Pepper, Garlic & Onion 90g",£1.70,£18.89/kg,£1.50 Clubcard Price,meat_poultry,2024-11-05
Leap Free Not Farmed Albacore Tuna 220G,£6.45,£29.32/kg,£5.80 Clubcard Price,seafood,2024-11-05
Mowi 4 Smoked Scottish Salmon Slices 100G,£5.50,£5.50/100g,£4.75 Clubcard Price,seafood,2024-11-05
Leap Wild Smoked Sockeye Salmon 100G,£7.30,£7.30/100g,£6.00 Clubcard Price,seafood,2024-11-05
Tesco Boneless Smoked Haddock 280G,£5.55,£19.82/kg,null,seafood,2024-11-05
Tesco Fish Pie Mix 340G,£4.65,£13.68/kg,null,seafood,2024-11-05
Tesco Lightly Dusted Haddock Fillets 255G,£3.95,£15.49/kg,null,seafood,2024-11-05
Tesco Finest Raw Jumbo King Prawns 165G,£4.00,£2.42/100g,null,seafood,2024-11-05
Tesco Finest Cooked Jumbo King Prawns 150G,£4.20,£28.00/kg,£3.75 Clubcard Price,seafood,2024-11-05
Tesco 2 Boneless Sea Bass Fillets 180G,£4.25,£23.61/kg,null,seafood,2024-11-05
Tesco 2 Sweet Chill Hot Smoked Salmon Fillets 180G,£5.50,£3.06/100g,null,seafood,2024-11-05
Tesco Cooked And Peeled King Prawns 150G,£3.50,£2.33/100g,null,seafood,2024-11-05
Tesco Finest Skinless & Boneless Cod Loins 280G,£5.90,£21.07/kg,null,seafood,2024-11-05
Tesco Prawn Cocktail 170G,£2.50,£1.47/100g,null,seafood,2024-11-05
The Real Seafood Co. Crayfish Tails Ready To Eat 100G,£3.95,£3.95/100g,null,seafood,2024-11-05
Tesco 2 Lemon & Pepper Sea Bass Fillets 200G,£4.50,£22.50/kg,null,seafood,2024-11-05
Cecile's Cuisine 16 Cocktail Blinis 135G,£2.20,£1.63/100g,null,seafood,2024-11-05
Tesco Lightly Dusted Cod Fillets 255G,£3.95,£15.49/kg,Any 3 for £10 Clubcard Price - Selected Meat Products,seafood,2024-11-05
Tesco Finest 2 Cod & Parsley Fishcakes 290G,£3.00,£10.34/kg,Any 2 for £5 Clubcard Price - Selected Tesco Finest* Meat Products 90g-400g,seafood,2024-11-05
Tesco Finest 2 Cod & Chorizo Fishcakes 290G,£3.00,£10.34/kg,Any 2 for £5 Clubcard Price - Selected Tesco Finest* Meat Products 90g-400g,seafood,2024-11-05
Tesco Cold Water Prawns 150G,£2.90,£19.33/kg,null,seafood,2024-11-05
Tesco Finest Prawn Cocktail 170G,£3.00,£1.76/100g,null,seafood,2024-11-05
Tesco 2 Skinless & Boneless Basa Fillets 250G,£2.70,£10.80/kg,null,seafood,2024-11-05
Tesco Finest 2 Salmon Spinach & Lemon Fishcakes 290G,£3.00,£10.34/kg,Any 2 for £5 Clubcard Price - Selected Tesco Finest* Meat Products 90g-400g,seafood,2024-11-05
Tesco Finest 2 Smoked Haddock Fishcakes 290G,£3.00,£10.34/kg,Any 2 for £5 Clubcard Price - Selected Tesco Finest* Meat Products 90g-400g,seafood,2024-11-05
Tesco Finest Mild & Delicate Scottish Smoked Salmon 100G,£4.60,£4.60/100g,null,seafood,2024-11-05
Tesco Boneless Half Salmon Side 500G,£9.20,£18.40/kg,null,seafood,2024-11-05
Tesco Smoked Salmon 150g,£5.30,£3.53/100g,£4.75 Clubcard Price,seafood,2024-11-05
Tesco 2 Breaded Chunky Cod Fillets 350G,£3.80,£10.86/kg,null,seafood,2024-11-05
Seachill Cooked& Peeled King Prawns 150G,£2.39,£1.59/100g,null,seafood,2024-11-05
Tesco Smoked Salmon 100g,£3.65,£3.65/100g,null,seafood,2024-11-05
Tesco 2 Boneless Cod Fillets 280G,£5.40,£19.29/kg,£4.75 Clubcard Price,seafood,2024-11-05
Tesco Battered Cod Fillet Bites 200G,£2.75,£13.75/kg,£2.25 Clubcard Price,seafood,2024-11-05
Tesco 2 Cod Fishcakes 270G,£1.80,£6.67/kg,null,seafood,2024-11-05
Tesco 2 Skinless Smoked Basa Fillets 240G,£2.70,£11.25/kg,£2.35 Clubcard Price,seafood,2024-11-05
Tesco Boneless Salmon Fillet 130G,£2.75,£21.15/kg,null,seafood,2024-11-05
Tesco 16 Seafood Sticks 250G,£1.20,£0.48/100g,95p Clubcard Price,seafood,2024-11-05
Tesco 12 Smoked Salmon Canapes 100G,£2.50,£2.50/100g,null,seafood,2024-11-05
Seachill Cooked& Peeled Cold Water Prawns 150G,£1.99,£1.33/100g,null,seafood,2024-11-05
Tesco Finest Strong And Robust Scottish Smoked Salmon 100G,£4.60,£4.60/100g,null,seafood,2024-11-05
Tesco Smoked Mackerel,£3.45,£13.25/kg,null,seafood,2024-11-05
Tesco 2 Boneless Salmon Fillets 260G,£4.85,£18.65/kg,£4.00 Clubcard Price,seafood,2024-11-05
Tesco Smoked Kippers With Butter,£1.58,£7.50/kg,null,seafood,2024-11-05
Tesco Smoked Salmon 50g,£1.85,£3.70/100g,null,seafood,2024-11-05
Tesco Salmon Tails 260G,£4.50,£17.31/kg,Any 3 for £10 Clubcard Price - Selected Meat Products,seafood,2024-11-05
Tesco Finest 2 Wild Caught Sockeye Salmon Fillets 230G,£8.90,£38.70/kg,null,seafood,2024-11-05
Tesco Organic 2 Boneless Salmon Fillets 265G,£7.75,£29.24/kg,null,seafood,2024-11-05
11. Tesco Finest Jumbo King Prawn Cocktail 430g  (Serves4),£8.00,£18.60/kg,£7.20 Clubcard Price,seafood,2024-11-05
Tesco Finest Sweetcure Smoked Mackerel Fillets 160G,£4.40,£2.75/100g,null,seafood,2024-11-05
Fish Said Fred 2 Big Cod Fillets 320G,£6.75,£21.09/kg,null,seafood,2024-11-05
Tesco Raw King Prawns 165G,null,null,null,seafood,2024-11-05
Tesco Finest Scottish Smoked Salmon Fillets 240G,£6.40,£26.67/kg,null,seafood,2024-11-05
Tesco Steamed Salmon Fillets 180G,£5.50,£3.06/100g,null,seafood,2024-11-05
Tesco Finest Canadian Cooked Prawns 150G,£3.95,£2.63/100g,null,seafood,2024-11-05
Tesco Finest 2 Scottish Loch Trout Fillets 260G,£5.70,£21.92/kg,null,seafood,2024-11-05
Tesco Hot Smoked Salmon Fillets 180G,£5.50,£3.06/100g,null,seafood,2024-11-05
Tesco 4 Boneless Salmon Fillets 520G,£9.70,£18.65/kg,null,seafood,2024-11-05
Mowi 4 Smoked Scottish Salmon Slices 100G,£5.50,£5.50/100g,£4.75 Clubcard Price,seafood,2024-11-05
Tesco Finest 2 Yellow Fin Tuna Steaks 240G,£8.20,£34.17/kg,null,seafood,2024-11-05
Lykkeberg Herring Bites In Dill Marinade 265G,£2.50,£0.94/100g,null,seafood,2024-11-05
Leap Wild Smoked Sockeye Salmon 100G,£7.30,£7.30/100g,£6.00 Clubcard Price,seafood,2024-11-05
Leap Free Not Farmed Albacore Tuna 220G,£6.45,£29.32/kg,£5.80 Clubcard Price,seafood,2024-11-05
Tesco Garlic Scottish Mussels 500G,£2.95,£0.59/100g,null,seafood,2024-11-05
Tesco White Wine Scottish Mussels 500G,£2.95,£5.90/kg,null,seafood,2024-11-05
Tesco Chilli & Lime King Prawns 150G,null,null,null,seafood,2024-11-05
Tesco Lemon & Garlic King Prawns 150G,null,null,null,seafood,2024-11-05
Tesco 30% Reduced Fat Prawn Cocktail 170G,null,null,null,seafood,2024-11-05
Tesco Cooked & Peeled King Prawns 210g,£4.55,£2.17/100g,null,seafood,2024-11-05
Tesco 2 Battered Cod Fillets 300G,£3.60,£12.00/kg,null,seafood,2024-11-05
Tesco 4 Boneless Sea Bass Fillets 360G,£7.50,£20.83/kg,null,seafood,2024-11-05
Tesco Lemon & Parsley Smoked Mackerel Strips 200G,£3.60,£1.80/100g,null,seafood,2024-11-05
Tesco Lightly Dusted Plaice Fillets 265G,£3.95,£14.91/kg,null,seafood,2024-11-05
Tesco Battered Haddock Goujons 200G,£3.25,£16.25/kg,Any 2 for £5 Clubcard Price - Selected Tesco Finest* Meat Products 90g-400g,seafood,2024-11-05
Tesco Smoked Mackerel Flakes 120G,£2.40,£2.00/100g,null,seafood,2024-11-05
Tesco Boneless Haddock Fillets 280G,£5.40,£19.29/kg,Any 3 for £10 Clubcard Price - Selected Meat Products,seafood,2024-11-05
Tesco 2 Cape Hake Fillets 240G,null,null,null,seafood,2024-11-05
Tesco Finest 2 Thai Inspired Salmon & Cod F/Cakes 290G,£3.00,£10.34/kg,Any 2 for £5 Clubcard Price - Selected Tesco Finest* Meat Products 90g-400g,seafood,2024-11-05
Tesco 2 Breaded Chunky Haddock Fillets 350G,£3.80,£10.86/kg,Any 3 for £10 Clubcard Price - Selected Meat Products,seafood,2024-11-05
Tesco Large Seafood Stick 50G,null,null,null,seafood,2024-11-05
Tesco 2 Sweet Chilli & Lime Infused Salmon 230G,£4.80,£20.87/kg,null,seafood,2024-11-05
Tesco Finest 2 Beer Battered Cod Fillets 380G,£4.95,£13.03/kg,null,seafood,2024-11-05
Tesco Sweetcure Smoked Mackerel Strips 200G,£3.60,£1.80/100g,£3.00 Clubcard Price,seafood,2024-11-05
Tesco Peppered Smoked Mackerel Fillets,£4.04,£13.25/kg,null,seafood,2024-11-05
Tesco Breaded Salmon Fishcakes 270G,£1.80,£6.67/kg,null,seafood,2024-11-05
Tesco 6 Boneless Salmon Fillets 780G,£14.00,£17.95/kg,null,seafood,2024-11-05
Hearty Food Co. 4 Breaded Fish Fillets 600G,£2.99,£4.98/kg,null,seafood,2024-11-05
Tesco Tempura Prawns 200G,£3.00,£15.00/kg,Any 2 for £5 Clubcard Price - Selected Tesco Finest* Meat Products 90g-400g,seafood,2024-11-05
Seafood & Eat It White Crab meat 100g,£6.50,£6.50/100g,null,seafood,2024-11-05
Fish Said Fred 2 Tip Top Whole Sea Bass 520G,£7.50,£14.42/kg,null,seafood,2024-11-05
Seafood & Eat It Fifty Fifty Crab meat 100g,£5.00,£5.00/100g,£4.50 Clubcard Price,seafood,2024-11-05
Tesco Finest Raw Extra Large Canadian Scallops 150g,£7.00,£46.67/kg,null,seafood,2024-11-05
Tesco Finest Smoked Haddock Loins 280g,£5.90,£21.07/kg,null,seafood,2024-11-05
Tesco Honey Roast Salmon Flakes 80G,£3.50,£4.38/100g,null,seafood,2024-11-05
Tesco Sweet Chilli Salmon Flakes 80G,£3.50,£4.38/100g,null,seafood,2024-11-05
Tesco Free From 2 Breaded Cod 300G,£4.50,£1.50/100g,null,seafood,2024-11-05
Tesco 2 Boneless Mackerel Fillets 160G,null,null,null,seafood,2024-11-05
Tesco Finest Raw Argentinian Red Shrimp 180G,null,null,null,seafood,2024-11-05
Tesco Finest 2 Beer Battered Haddock Fillets 365G,£4.95,£13.56/kg,null,seafood,2024-11-05
Tesco RTE Lemon and Parsley Steamed Salmon Fillets 180g,£5.50,£3.06/100g,null,seafood,2024-11-05
Tesco Finest Mediterranean Inspired Sea Bass Fillets 301G,£5.50,£18.27/kg,null,seafood,2024-11-05
Tesco Boneless Smoked Haddock 560g,£8.75,£15.62/kg,null,seafood,2024-11-05
Tesco Finest Cooked Crevettes 200g,£5.50,£2.75/100g,£4.95 Clubcard Price,seafood,2024-11-05
Whitby Seafoods Jumbo Scampi 200g,£3.50,£17.50/kg,null,seafood,2024-11-05
Tesco Ready To Eat Honey Hot Smoked Salmon Fillets 180g,£5.50,£3.06/100g,null,seafood,2024-11-05
Hearty Food Co. 2 Breaded Cod Fillets 300g,£2.85,£9.50/kg,null,seafood,2024-11-05
Tesco Raw Scallops 150G,£4.00,£26.67/kg,null,seafood,2024-11-05
"Tesco Finest 6 Cod, Serrano Ham and Manchego Croquettes 210g",£3.55,£16.90/kg,Any 2 for £5 Clubcard Price - Selected Tesco Finest* Meat Products 90g-400g,seafood,2024-11-05
Tesco Finest Scottish Gravadlax Smoked Salmon 140G,£5.60,£4.00/100g,null,seafood,2024-11-05
Tesco Finest Teriyaki Scottish Salmon Fillets 290G,£5.50,£18.97/kg,null,seafood,2024-11-05
Tesco 2 Lemon Parsley Butterflied Sea Bass Fillets 255G,£5.50,£21.57/kg,£4.75 Clubcard Price,seafood,2024-11-05
The Real Seafood Co. Smoked Salmon 100G,null,null,£2.95 Clubcard Price,seafood,2024-11-05
Hearty Food Co. 4 Pollock Fishcakes 340g,£2.15,£6.32/kg,null,seafood,2024-11-05
Tesco Finest 2 Katsu Cod and King Prawn Melting Middle Fishcakes 290g,£3.00,£10.34/kg,Any 2 for £5 Clubcard Price - Selected Tesco Finest* Meat Products 90g-400g,seafood,2024-11-05
Tesco Finest 12 Scottish Smoked Salmon Canapes 120g,£5.00,£4.17/100g,null,seafood,2024-11-05
Tesco Finest Scottish Smoked Salmon 50g,£2.50,£5.00/100g,null,seafood,2024-11-05
Tesco Free From Cod & Parsley Fishcake 270G,£1.80,£6.67/kg,null,seafood,2024-11-05
Tesco Free From Breaded Cod Bites 200g,£3.00,£15.00/kg,Any 2 for £5 Clubcard Price - Selected Tesco Finest* Meat Products 90g-400g,seafood,2024-11-05
Bay Fishmongers Salmon,£4.56,£11.40/kg,null,seafood,2024-11-05
Tesco Boneless Salmon Side,£24.00,£24.00/kg,null,seafood,2024-11-05
Tesco Finest 2 Scottish Salmon Fillets 260g,£6.50,£25.00/kg,null,seafood,2024-11-05
Tesco Finest Scottish Salmon Half Side 500g,£10.00,£20.00/kg,null,seafood,2024-11-05
Tesco Salmon & Cheddar En Croute 450G,£5.25,£11.67/kg,null,seafood,2024-11-05
Foppen Smoked & Sliced Norwegian Salmon Loin 100g,£5.50,£5.50/100g,£4.95 Clubcard Price,seafood,2024-11-05
Foppen Smoked & Roasted Norwegian Salmon Slices 100g,£5.50,£5.50/100g,£4.95 Clubcard Price,seafood,2024-11-05
Tesco Cod Mornay 360g,£5.00,£13.89/kg,null,seafood,2024-11-05
Tesco Cooked and Peeled Organic King Prawns 150g,£4.50,£3.00/100g,null,seafood,2024-11-05
Tesco Finest Thick Cut Asian Inspired Smoked Salmon 140g,£5.60,£4.00/100g,null,seafood,2024-11-05
Tesco 2 Smoked Salmon Mousse Terrines 100g,£2.50,£2.50/100g,null,seafood,2024-11-05
Tesco Finest Live Scottish Mussels 1Kg,null,null,null,seafood,2024-11-05
Real Seafood Company Seafood Selection 200g,£3.60,£1.80/100g,null,seafood,2024-11-05
The Real Seafood Company Ready to Eat Cooked Mussel Meat 150g,£2.00,£1.33/100g,null,seafood,2024-11-05
Tesco Breaded Sweet & Spicy King Prawns 200g,£3.00,£15.00/kg,Any 2 for £5 Clubcard Price - Selected Tesco Finest* Meat Products 90g-400g,seafood,2024-11-05
Tesco Finest Scottish Smoked Salmon 100g,£4.60,£4.60/100g,null,seafood,2024-11-05
Fridge Raiders Variety Chicken Bites Mini Packs 7 X 22.5G,£2.80,£1.78/100g,null,cooked_meat_antipasti_dips,2024-11-05
Fridge Raiders Slow Roasted Chicken Bites 165G,£2.20,£1.33/100g,£1.95 Clubcard Price,cooked_meat_antipasti_dips,2024-11-05
Do Goodly Chip Shop Curry Sauce 150g,£2.25,£1.50/100g,Save 1/3 £1.50 Clubcard Price,cooked_meat_antipasti_dips,2024-11-05
Tesco 2 Roast Cooked Chicken Breast Fillets 245 G,£3.55,£1.45/100g,null,cooked_meat_antipasti_dips,2024-11-05
Peperami Original Mini Salami 10 X 10G,£3.00,£3.00/100g,null,cooked_meat_antipasti_dips,2024-11-05
Tesco Sliced Roast Cooked Chicken Breast 180G,£3.50,£1.94/100g,£3.00 Clubcard Price,cooked_meat_antipasti_dips,2024-11-05
Tesco Continental Meat Platter 120G,£3.00,£2.50/100g,Any 2 for £5 Clubcard Price - Selected Tesco Deli Sharing 72g - 500g,cooked_meat_antipasti_dips,2024-11-05
Tesco Smoked Pancetta 2 X 65G,£2.00,£1.54/100g,null,cooked_meat_antipasti_dips,2024-11-05
Tesco Houmous 300G,£1.50,£0.50/100g,null,cooked_meat_antipasti_dips,2024-11-05
Tesco Finest Spanish Chorizo Ring 225G,£2.50,£1.11/100g,£2.25 Clubcard Price,cooked_meat_antipasti_dips,2024-11-05
Herta Classic Frankfurter Hot Dogs 10 Pack 350G,£2.55,£0.73/100g,£2.00 Clubcard Price,cooked_meat_antipasti_dips,2024-11-05
Tesco Houmous 200G,null,null,Any 2 for £2.30 Clubcard Price - Selected Tesco Dips 163g - 211g,cooked_meat_antipasti_dips,2024-11-05
Eastman's Sliced Cooked Chicken 240G,£1.99,£0.83/100g,null,cooked_meat_antipasti_dips,2024-11-05
Tesco Reduced Fat Houmous 200G,£1.35,£0.68/100g,Any 2 for £2.30 Clubcard Price - Selected Tesco Dips 163g - 211g,cooked_meat_antipasti_dips,2024-11-05
Tesco Organic Houmous 200G,£1.65,£0.82/100g,Any 2 for £2.30 Clubcard Price - Selected Tesco Dips 163g - 211g,cooked_meat_antipasti_dips,2024-11-05
Tesco Wafer Thin Honey Roast Ham 125G,£1.45,£1.16/100g,null,cooked_meat_antipasti_dips,2024-11-05
Tesco Onion & Garlic Dip 200G,£1.35,£0.68/100g,Any 2 for £2.30 Clubcard Price - Selected Tesco Dips 163g - 211g,cooked_meat_antipasti_dips,2024-11-05
Tesco Tzatziki Dip 200G,£1.35,£0.68/100g,Any 2 for £2.30 Clubcard Price - Selected Tesco Dips 163g - 211g,cooked_meat_antipasti_dips,2024-11-05
Tesco Salsa 200G,£1.35,£0.68/100g,Any 2 for £2.30 Clubcard Price - Selected Tesco Dips 163g - 211g,cooked_meat_antipasti_dips,2024-11-05
Tesco Sour Cream & Chive Dip 200G,£1.35,£0.68/100g,Any 2 for £2.30 Clubcard Price - Selected Tesco Dips 163g - 211g,cooked_meat_antipasti_dips,2024-11-05
Eastman's Sliced Cooked Chicken Tikka 240G,£1.99,£0.83/100g,null,cooked_meat_antipasti_dips,2024-11-05
Tesco Houmous Red Pepper 182G,£1.35,£0.74/100g,Any 2 for £2.30 Clubcard Price - Selected Tesco Dips 163g - 211g,cooked_meat_antipasti_dips,2024-11-05
Tesco Cheddar Cheese & Chive Dip 200G,£1.35,£0.68/100g,Any 2 for £2.30 Clubcard Price - Selected Tesco Dips 163g - 211g,cooked_meat_antipasti_dips,2024-11-05
Fridge Raiders Roast Chicken Bites 3X22.5G,£1.60,£2.37/100g,£1.25 Clubcard Price,cooked_meat_antipasti_dips,2024-11-05
Tesco Wafer Thin Honey Roast Ham 400G,£2.29,£0.57/100g,null,cooked_meat_antipasti_dips,2024-11-05
Eastmans Wafer Thin Cooked Ham 125G,£1.15,£0.92/100g,null,cooked_meat_antipasti_dips,2024-11-05
Eastmans Wafer Thin Cooked Chicken 125G,£0.97,£0.78/100g,null,cooked_meat_antipasti_dips,2024-11-05
Tesco Prime Cuts Roast Beef 90G,£2.00,£2.22/100g,Any 2 for £3.50 Clubcard Price - Selected Tesco Sliced Cooked Meat 90g-150g,cooked_meat_antipasti_dips,2024-11-05
Tesco Guacamole Dip 163G,£1.35,£0.83/100g,Any 2 for £2.30 Clubcard Price - Selected Tesco Dips 163g - 211g,cooked_meat_antipasti_dips,2024-11-05
Tesco British Corned Beef 110g,£2.00,£1.82/100g,Any 2 for £3.50 Clubcard Price - Selected Tesco Sliced Cooked Meat 90g-150g,cooked_meat_antipasti_dips,2024-11-05
Tesco 16 Spicy Chorizo Slices 80G,£1.00,£1.25/100g,null,cooked_meat_antipasti_dips,2024-11-05
Eastman's Cooked Ham 125G,£0.92,£0.74/100g,null,cooked_meat_antipasti_dips,2024-11-05
Tesco 16 Honey Roast Ham 400G,£2.29,£0.57/100g,null,cooked_meat_antipasti_dips,2024-11-05
Eastmans Wafer Thin Cooked Ham 400G,£2.09,£0.52/100g,null,cooked_meat_antipasti_dips,2024-11-05
Tesco 12 Salami Slices 100g,£1.10,£1.10/100g,null,cooked_meat_antipasti_dips,2024-11-05
Eastman's Cooked Ham 30 Slices 400G,£1.99,£0.50/100g,null,cooked_meat_antipasti_dips,2024-11-05
Tesco Pizza Pepperoni 120G,null,null,null,cooked_meat_antipasti_dips,2024-11-05
Tesco 6 Prosciutto Crudo Slices 84G,£1.32,£1.57/100g,null,cooked_meat_antipasti_dips,2024-11-05
Tesco German Style Salami 12 Slices 125G,£0.92,£0.74/100g,null,cooked_meat_antipasti_dips,2024-11-05
Eastmans Corned Beef Slices 150G,£1.24,£0.83/100g,null,cooked_meat_antipasti_dips,2024-11-05
Tesco 4 Roast Cooked Chicken Breast Fillets 485G,£5.50,£1.13/100g,null,cooked_meat_antipasti_dips,2024-11-05
Tesco Finest 14 Month Genuine Parma Ham 78G,£3.35,£4.30/100g,null,cooked_meat_antipasti_dips,2024-11-05
Tesco Diced Chorizo 130G,£2.55,£1.96/100g,null,cooked_meat_antipasti_dips,2024-11-05
Tesco Prosciutto Crudo & Salami Platter 120G,£3.00,£2.50/100g,£2.50 Clubcard Price,cooked_meat_antipasti_dips,2024-11-05
Tesco British Honey Roast Ham 400G,£4.25,£1.06/100g,null,cooked_meat_antipasti_dips,2024-11-05
Tesco Mozzarella Balls Tomatoes 200G,£3.00,£1.50/100g,Any 2 for £5 Clubcard Price - Selected Tesco Deli Sharing 72g - 500g,cooked_meat_antipasti_dips,2024-11-05
Tesco Italian Unsmoked Pancetta 2 X65g,£2.00,£1.54/100g,null,cooked_meat_antipasti_dips,2024-11-05
Tesco Spanish Inspired Selection 120G,£3.00,£2.50/100g,Any 2 for £5 Clubcard Price - Selected Tesco Deli Sharing 72g - 500g,cooked_meat_antipasti_dips,2024-11-05
Tesco Prime Cuts Cumberland Sausage Slices 150G,£2.25,£1.50/100g,Any 2 for £3.50 Clubcard Price - Selected Tesco Sliced Cooked Meat 90g-150g,cooked_meat_antipasti_dips,2024-11-05
Tesco Wafer Thin Roast Chicken 125G,£1.45,£1.16/100g,null,cooked_meat_antipasti_dips,2024-11-05
Tesco Honey Roast Ham 125G,£1.45,£1.16/100g,null,cooked_meat_antipasti_dips,2024-11-05
Tesco Wafer Thin Smoked Ham 125G,£1.45,£1.16/100g,null,cooked_meat_antipasti_dips,2024-11-05
Tesco Finest Charred Topside Beef 90G,£3.50,£3.89/100g,Any 2 for £5 Clubcard Price - Selected Tesco Finest* Meat Products 90g-400g,cooked_meat_antipasti_dips,2024-11-05
Tesco Crumbed Ham 400G,£2.29,£0.57/100g,null,cooked_meat_antipasti_dips,2024-11-05
Eastman's Chicken Roll Slices 250G,£1.43,£0.57/100g,null,cooked_meat_antipasti_dips,2024-11-05
Tesco 10 Chicken Satay Bites 120G,£2.20,£1.83/100g,Any 2 for £3.50 Clubcard Price - Selected Tesco Bite Size 120g - 300g,cooked_meat_antipasti_dips,2024-11-05
Billy Bear Slices 100G,£1.25,£1.25/100g,null,cooked_meat_antipasti_dips,2024-11-05
Tesco Sweet Chilli Houmous 182G,£1.35,£0.74/100g,Any 2 for £2.30 Clubcard Price - Selected Tesco Dips 163g - 211g,cooked_meat_antipasti_dips,2024-11-05
Tesco Aioli Dip 200G,£1.35,£0.68/100g,Any 2 for £2.30 Clubcard Price - Selected Tesco Dips 163g - 211g,cooked_meat_antipasti_dips,2024-11-05
Eastman's Houmous 200G,£0.99,£0.50/100g,null,cooked_meat_antipasti_dips,2024-11-05
Eastman's Reduced Fat Houmous 200G,£0.99,£0.50/100g,null,cooked_meat_antipasti_dips,2024-11-05
Fridge Raiders Southern Style Chicken Bites 3X22.5G,£1.60,£2.37/100g,£1.25 Clubcard Price,cooked_meat_antipasti_dips,2024-11-05
Tesco 36 Wafer Thin Roast Chicken Slices 400G,£2.29,£0.57/100g,null,cooked_meat_antipasti_dips,2024-11-05
Tesco Wafer Thin Brunswick Ham 125G,£2.00,£1.60/100g,null,cooked_meat_antipasti_dips,2024-11-05
Tesco Spanish Serrano Ham 80G,£1.51,£1.89/100g,null,cooked_meat_antipasti_dips,2024-11-05
Tesco British Pastrami Slices 100G,£2.00,£2.00/100g,Any 2 for £3.50 Clubcard Price - Selected Tesco Sliced Cooked Meat 90g-150g,cooked_meat_antipasti_dips,2024-11-05
Eastman's Pork Luncheon Meat 250G,£1.15,£0.46/100g,null,cooked_meat_antipasti_dips,2024-11-05
Tesco Spanish Chorizo Sausage Slices 150G,£1.24,£0.83/100g,null,cooked_meat_antipasti_dips,2024-11-05
Tesco Smoked Prosciutto & Salami Plat 200G,£4.65,£2.32/100g,null,cooked_meat_antipasti_dips,2024-11-05
Tesco Finest Salami Milano 90G,£2.95,£3.28/100g,null,cooked_meat_antipasti_dips,2024-11-05
Ramona's Heavenly Houmous Original 500G,£3.50,£0.70/100g,null,cooked_meat_antipasti_dips,2024-11-05
Tesco Italian Salami Selection Platter 120G,£3.00,£2.50/100g,null,cooked_meat_antipasti_dips,2024-11-05
Sabra Houmous Extra 200G,£2.50,£1.25/100g,null,cooked_meat_antipasti_dips,2024-11-05
Tesco German Style Smoked Selection 120G,£3.00,£2.50/100g,Any 2 for £5 Clubcard Price - Selected Tesco Deli Sharing 72g - 500g,cooked_meat_antipasti_dips,2024-11-05
Mattessons Smoked Pork Sausage Original 260G,£3.00,£1.15/100g,null,cooked_meat_antipasti_dips,2024-11-05
Tesco British Crumbed Ham Slices Big Pack 400 G,£4.25,£1.06/100g,null,cooked_meat_antipasti_dips,2024-11-05
Tesco 8 Gouda & Chorizo Rollitos 88G,£3.00,£3.41/100g,Any 2 for £5 Clubcard Price - Selected Tesco Deli Sharing 72g - 500g,cooked_meat_antipasti_dips,2024-11-05
Tesco Italian Inspired Smoked Selection 120G,£3.00,£2.50/100g,Any 2 for £5 Clubcard Price - Selected Tesco Deli Sharing 72g - 500g,cooked_meat_antipasti_dips,2024-11-05
Tesco German Salami Selection 120G,£2.80,£2.33/100g,null,cooked_meat_antipasti_dips,2024-11-05
Tesco Spanish Style Tortilla 500G,£3.00,£6.00/kg,Any 2 for £5 Clubcard Price - Selected Tesco Deli Sharing 72g - 500g,cooked_meat_antipasti_dips,2024-11-05
Tesco Sliced Roast Cooked Chicken Breast 360G,£4.50,£1.25/100g,null,cooked_meat_antipasti_dips,2024-11-05
Tesco Meat & Cheese Snacking Selection 105G,£3.00,£2.86/100g,Any 2 for £5 Clubcard Price - Selected Tesco Deli Sharing 72g - 500g,cooked_meat_antipasti_dips,2024-11-05
Tesco Flamegrilled Cooked Chicken Breast Mini Fillets 170G,£3.00,£1.76/100g,£2.50 Clubcard Price,cooked_meat_antipasti_dips,2024-11-05
Cauldron Foods Falafel 200G,£2.50,£12.50/kg,null,cooked_meat_antipasti_dips,2024-11-05
Tesco Mediterranean Inspired Platter 230G,£3.00,£1.30/100g,Any 2 for £5 Clubcard Price - Selected Tesco Deli Sharing 72g - 500g,cooked_meat_antipasti_dips,2024-11-05
Tesco Finest Spanish Spicy Chorizo Ring 225G,null,null,null,cooked_meat_antipasti_dips,2024-11-05
Herta Chicken Frankfurter Hot Dogs 10 Pack 350G,£2.55,£0.73/100g,£2.00 Clubcard Price,cooked_meat_antipasti_dips,2024-11-05
Mattessons Smoked Pork Sausages Reduced Fat 160G,£2.25,£1.41/100g,£1.75 Clubcard Price,cooked_meat_antipasti_dips,2024-11-05
Mattessons Smoked Pork Sausage Original 160G,£2.25,£1.41/100g,£1.75 Clubcard Price,cooked_meat_antipasti_dips,2024-11-05
Tesco Shredded Ham Hock 100G,£2.25,£2.25/100g,Any 2 for £3.50 Clubcard Price - Selected Tesco Sliced Cooked Meat 90g-150g,cooked_meat_antipasti_dips,2024-11-05
Tesco Prosciutto Cotto 100G,£2.00,£2.00/100g,null,cooked_meat_antipasti_dips,2024-11-05
Paw Patrol Slices 100G,£1.25,£1.25/100g,null,cooked_meat_antipasti_dips,2024-11-05
Tesco Prime Cuts Roast Chicken & Stuffing 4 Slices 100G,£2.00,£2.00/100g,Any 2 for £3.50 Clubcard Price - Selected Tesco Sliced Cooked Meat 90g-150g,cooked_meat_antipasti_dips,2024-11-05
Tesco Mushroom Pate 100G,£1.40,£1.40/100g,£1.25 Clubcard Price,cooked_meat_antipasti_dips,2024-11-05
Tesco German Smoked Ham 130G,£1.51,£1.16/100g,null,cooked_meat_antipasti_dips,2024-11-05
Tesco German Style Peppered Salami 11 Slices 110G,£0.81,£0.74/100g,null,cooked_meat_antipasti_dips,2024-11-05
91. Tesco Mediterranean-Inspired Sharing Platter 580g (Serves 10),£8.50,£1.47/100g,null,cooked_meat_antipasti_dips,2024-11-05
Vadasz Raw Kimchi 400G,£4.50,£1.12/100g,null,cooked_meat_antipasti_dips,2024-11-05
Tesco Finest Mortadella 140G,£2.95,£2.11/100g,null,cooked_meat_antipasti_dips,2024-11-05
Ramona's Heavenly Houmous Jalapeno 500G,£3.50,£0.70/100g,null,cooked_meat_antipasti_dips,2024-11-05
Tesco Finest Smoked Pancetta Slices 110G,£2.95,£2.68/100g,null,cooked_meat_antipasti_dips,2024-11-05
Tesco Fajita Cooked Chicken Breast Mini Fillets 170G,£3.00,£1.76/100g,null,cooked_meat_antipasti_dips,2024-11-05
Peperami & Cheese Snack Box 50G,£1.65,£33.00/kg,null,cooked_meat_antipasti_dips,2024-11-05
Tesco German Sausages Selection 115G,£2.80,£2.44/100g,null,cooked_meat_antipasti_dips,2024-11-05
Sabra Houmous Garlic Red Pepper 200G,£2.50,£1.25/100g,null,cooked_meat_antipasti_dips,2024-11-05
Tesco Finest Moroccan Inspired Houmous 170G,£2.25,£1.32/100g,null,cooked_meat_antipasti_dips,2024-11-05
Tesco Chorizo Sausages For Cooking 200G,null,null,null,cooked_meat_antipasti_dips,2024-11-05
Tesco 3 Houmous Stack 180G,£2.00,£1.11/100g,null,cooked_meat_antipasti_dips,2024-11-05
Herta Jumbo Frankfuter Hot Dogs 4 Pack 360G,£3.15,£0.88/100g,null,cooked_meat_antipasti_dips,2024-11-05
Tesco Italian Pitted Nocellara Olives 140G,£3.00,£2.14/100g,Any 2 for £5 Clubcard Price - Selected Tesco Deli Sharing 72g - 500g,cooked_meat_antipasti_dips,2024-11-05
Tesco Chargrilled Artichokes 140G,£3.00,£2.14/100g,Any 2 for £5 Clubcard Price - Selected Tesco Deli Sharing 72g - 500g,cooked_meat_antipasti_dips,2024-11-05
Holy Moly Guacamole Original 150G,£2.20,£1.47/100g,null,cooked_meat_antipasti_dips,2024-11-05
Herta Original Frankfurter Classics 4S 140G,£1.70,£1.21/100g,null,cooked_meat_antipasti_dips,2024-11-05
Tesco Marinated Anchovies 140G,£3.00,£2.14/100g,Any 2 for £5 Clubcard Price - Selected Tesco Deli Sharing 72g - 500g,cooked_meat_antipasti_dips,2024-11-05
Peperami Tender Jerky Original 50G,£2.15,£4.30/100g,null,cooked_meat_antipasti_dips,2024-11-05
Tesco Lamb & Chicken Koftas 152G,£3.00,£1.97/100g,Any 2 for £5 Clubcard Price - Selected Tesco Deli Sharing 72g - 500g,cooked_meat_antipasti_dips,2024-11-05
Bernard Matthews Wafer Thin Turkey Ham 230G,£1.90,£0.83/100g,null,cooked_meat_antipasti_dips,2024-11-05
Cypressa Olive Oil Grissini 150g,£2.00,£13.33/kg,Any 3 for 2 Clubcard Price - Cheapest Product Free - Selected Deli Grab Go,cooked_meat_antipasti_dips,2024-11-05
Tesco Green Olives With Herbs 60G,£1.30,£2.17/100g,"£5 Meal Deal Clubcard Price £5.50 Meal Deal Regular Price - Selected Drink + Snack + Tesco Finest* Or Branded Sandwich, Wrap, Roll, Salad Or Sushi",cooked_meat_antipasti_dips,2024-11-05
Tesco Prime Cuts Garlic & Herb Ham 130G,£2.00,£1.54/100g,Any 2 for £3.50 Clubcard Price - Selected Tesco Sliced Cooked Meat 90g-150g,cooked_meat_antipasti_dips,2024-11-05
Tesco Saucisson Sec Slices 70G,£1.50,£2.14/100g,null,cooked_meat_antipasti_dips,2024-11-05
Tesco Reduced Fat 10 Salami Slices 100G,£1.10,£1.10/100g,null,cooked_meat_antipasti_dips,2024-11-05
Vadasz Raw Garlic & Dill Sauerkraut 400G,£4.50,£1.12/100g,null,cooked_meat_antipasti_dips,2024-11-05
The Jolly Hog Outdoor Bred Black Treacle Ham 100G,£3.50,£3.50/100g,null,cooked_meat_antipasti_dips,2024-11-05
Tesco Trio Of Spanish Olives 300G,£4.00,£1.33/100g,£3.50 Clubcard Price,cooked_meat_antipasti_dips,2024-11-05
The Jolly Hog Outdoor Bred Roasted Ham 100G,£3.50,£3.50/100g,null,cooked_meat_antipasti_dips,2024-11-05
Dino's Famous Big Dogs 1030G,£4.49,£0.62/100g DR.WT,null,cooked_meat_antipasti_dips,2024-11-05
Tesco Meat & Antipasti Sharing Platter 325G,£5.35,£1.65/100g,null,cooked_meat_antipasti_dips,2024-11-05
Tesco Finest Halkidiki & Kalamata Olives 160G,£3.25,£2.03/100g,null,cooked_meat_antipasti_dips,2024-11-05
Tesco Finest Italian Pepperoni 90G,£2.95,£3.28/100g,null,cooked_meat_antipasti_dips,2024-11-05
Tesco Finest Porchetta 120G,£2.95,£2.46/100g,null,cooked_meat_antipasti_dips,2024-11-05
Tesco Finest Prosciutto Cotto With Herbs 100G,£2.95,£2.95/100g,null,cooked_meat_antipasti_dips,2024-11-05
Tesco Finest Bresaola 8 Slices 70G,£3.10,£4.43/100g,null,cooked_meat_antipasti_dips,2024-11-05
Tesco Finest Nduja 70G,£2.95,£4.21/100g,null,cooked_meat_antipasti_dips,2024-11-05
Tesco Finest Double Stuffed Halkidiki Olives Red Pepper 160G,£3.25,£2.03/100g,null,cooked_meat_antipasti_dips,2024-11-05
Tesco Reduced Fat 3 Houmous Stacker 180G,£2.00,£1.11/100g,null,cooked_meat_antipasti_dips,2024-11-05
Holy Moly Minis Guacamole Original 3X57g,£2.70,£1.58/100g,null,cooked_meat_antipasti_dips,2024-11-05
Beretta Prosciutto Crudo Truffle 80G,£3.00,£3.75/100g,Any 3 for 2 Clubcard Price - Cheapest Product Free - Selected Deli Grab Go,cooked_meat_antipasti_dips,2024-11-05
Herta 4 Chicken Frankfurter Hot Dog 140G,£1.70,£1.21/100g,null,cooked_meat_antipasti_dips,2024-11-05
Beretta Whole Salami Milano 120G,£2.50,£2.08/100g,Any 3 for 2 Clubcard Price - Cheapest Product Free - Selected Deli Grab Go,cooked_meat_antipasti_dips,2024-11-05
Taste Inc. 100% Chargrilled Chicken Fillet Bbq 35G,£1.30,£3.71/100g,"£5 Meal Deal Clubcard Price £5.50 Meal Deal Regular Price - Selected Drink + Snack + Tesco Finest* Or Branded Sandwich, Wrap, Roll, Salad Or Sushi",cooked_meat_antipasti_dips,2024-11-05
Noel Sliced Tapas Selection 120G,£3.00,£2.50/100g,Any 3 for 2 Clubcard Price - Cheapest Product Free - Selected Deli Grab Go,cooked_meat_antipasti_dips,2024-11-05
Peperami Red Hot Stick 22.5G,£1.30,£5.78/100g,"£5 Meal Deal Clubcard Price £5.50 Meal Deal Regular Price - Selected Drink + Snack + Tesco Finest* Or Branded Sandwich, Wrap, Roll, Salad Or Sushi",cooked_meat_antipasti_dips,2024-11-05
Peperami Tikka Chicken Bites 4X25g,£2.00,£2.00/100g,Save 25% £1.50 Clubcard Price,cooked_meat_antipasti_dips,2024-11-05
Peperami Original Salami 22.5G,£1.30,£5.78/100g,"£5 Meal Deal Clubcard Price £5.50 Meal Deal Regular Price - Selected Drink + Snack + Tesco Finest* Or Branded Sandwich, Wrap, Roll, Salad Or Sushi",cooked_meat_antipasti_dips,2024-11-05
New Tahira Chicken Mortadella Paprika 200G,£1.20,£0.60/100g,null,cooked_meat_antipasti_dips,2024-11-05
Beretta Antipasto 120G,£3.00,£2.50/100g,Any 3 for 2 Clubcard Price - Cheapest Product Free - Selected Deli Grab Go,cooked_meat_antipasti_dips,2024-11-05
Peperami Tikka Chicken Bites 50G,£1.00,£2.00/100g,null,cooked_meat_antipasti_dips,2024-11-05
Tesco Green Olives With Garlic & Herbs 300G,£4.00,£1.33/100g,£3.50 Clubcard Price,cooked_meat_antipasti_dips,2024-11-05
Tesco Finest Italian Antipasto Platter 188G,£5.25,£2.79/100g,null,cooked_meat_antipasti_dips,2024-11-05
Tesco Finest Wiltshire Cured Ham 240g,£5.00,£2.08/100g,null,cooked_meat_antipasti_dips,2024-11-05
Better Naked Finely Sliced Ham Slices 120G,£3.30,£2.75/100g,null,cooked_meat_antipasti_dips,2024-11-05
Tesco Finest Lomo 80G,£2.95,£3.69/100g,null,cooked_meat_antipasti_dips,2024-11-05
Beretta Spianata Italiana 80G,£3.00,£3.75/100g,Any 3 for 2 Clubcard Price - Cheapest Product Free - Selected Deli Grab Go,cooked_meat_antipasti_dips,2024-11-05
Tesco Finest Spanish Meat & Cheese Selection 200G,£5.25,£2.62/100g,null,cooked_meat_antipasti_dips,2024-11-05
Premier Deli Cooked Ham Trimmings 400G,£2.75,£0.69/100g,null,cooked_meat_antipasti_dips,2024-11-05
Tesco Mozzarella With Pesto 125G,£3.00,£2.40/100g,Any 2 for £5 Clubcard Price - Selected Tesco Deli Sharing 72g - 500g,cooked_meat_antipasti_dips,2024-11-05
Morliny Masurian Sausage 520G,£3.00,£0.58/100g,null,cooked_meat_antipasti_dips,2024-11-05
Tesco Finest Dry Cured Cooked Ham Slices 130g,£4.00,£3.08/100g,Any 3 for 2 Clubcard Price - Cheapest Product Free - Selected Deli Grab Go,cooked_meat_antipasti_dips,2024-11-05
The Real Greek Houmous 200g,£2.25,£1.12/100g,null,cooked_meat_antipasti_dips,2024-11-05
Beretta Coppa 80G,£3.00,£3.75/100g,Any 3 for 2 Clubcard Price - Cheapest Product Free - Selected Deli Grab Go,cooked_meat_antipasti_dips,2024-11-05
Noel Chorizo Iberico 70G,£4.00,£5.71/100g,Any 3 for 2 Clubcard Price - Cheapest Product Free - Selected Deli Grab Go,cooked_meat_antipasti_dips,2024-11-05
Tesco British Roast Chicken 120g,£2.00,£1.67/100g,Any 2 for £3.50 Clubcard Price - Selected Tesco Sliced Cooked Meat 90g-150g,cooked_meat_antipasti_dips,2024-11-05
Tesco Finest Roast Dry Cured Ham 120g,£3.25,£2.71/100g,Any 2 for £5 Clubcard Price - Selected Tesco Finest* Meat Products 90g-400g,cooked_meat_antipasti_dips,2024-11-05
Tesco Finest 2 Thick Whole Slices Roast Ham 120g,£3.25,£2.71/100g,Any 2 for £5 Clubcard Price - Selected Tesco Finest* Meat Products 90g-400g,cooked_meat_antipasti_dips,2024-11-05
Tesco British Cooked Ham 120g,£2.00,£1.67/100g,Any 2 for £3.50 Clubcard Price - Selected Tesco Sliced Cooked Meat 90g-150g,cooked_meat_antipasti_dips,2024-11-05
Tesco British Honey Roast Ham 120g,£2.00,£1.67/100g,Any 2 for £3.50 Clubcard Price - Selected Tesco Sliced Cooked Meat 90g-150g,cooked_meat_antipasti_dips,2024-11-05
Fridge Raiders Slow Roasted Chicken Bites 165G,£2.20,£1.33/100g,£1.95 Clubcard Price,cooked_meat_antipasti_dips,2024-11-05
Tesco 5 Pork & Egg Roll Slices 125g,£1.50,£1.20/100g,null,cooked_meat_antipasti_dips,2024-11-05
Tesco Torchon Ham 200G,£2.60,£1.30/100g,null,cooked_meat_antipasti_dips,2024-11-05
Tesco Jalapeno & Red Pepper Houmous 182G,£1.35,£0.74/100g,Any 2 for £2.30 Clubcard Price - Selected Tesco Dips 163g - 211g,cooked_meat_antipasti_dips,2024-11-05
Tesco British Thick Cut Lean Ham on the Bone 120g,£2.00,£1.67/100g,Any 2 for £3.50 Clubcard Price - Selected Tesco Sliced Cooked Meat 90g-150g,cooked_meat_antipasti_dips,2024-11-05
Do Goodly Dips Roasted Red Pepper Dip 150G,£2.20,£1.47/100g,£1.50 Clubcard Price,cooked_meat_antipasti_dips,2024-11-05
Do Goodly Dips Superstar Salsa 150G,£2.20,£1.47/100g,£1.50 Clubcard Price,cooked_meat_antipasti_dips,2024-11-05
16. Tesco Finest Pate Kilner Selection 3 x 125g (Serves 9),£12.00,£3.20/100g,£10.00 Clubcard Price,cooked_meat_antipasti_dips,2024-11-05
Saint Agaune Saucisson 200G,£5.00,£2.50/100g,null,cooked_meat_antipasti_dips,2024-11-05
Tesco Coronation Chicken Sandwich Filler 423g,£3.30,£0.78/100g,null,cooked_meat_antipasti_dips,2024-11-05
Tesco Flamegrilled Roast Chicken Slices 160g,£3.00,£1.88/100g,null,cooked_meat_antipasti_dips,2024-11-05
Tesco BBQ Roast Chicken Slices 160g,£3.00,£1.88/100g,null,cooked_meat_antipasti_dips,2024-11-05
Tesco Piri Piri Roast Chicken Slices 160g,£3.00,£1.88/100g,null,cooked_meat_antipasti_dips,2024-11-05
Beretta 4 Salami Piccanti 150G,£3.00,£2.00/100g,null,cooked_meat_antipasti_dips,2024-11-05
Beretta 4 Gnometti 150G,£3.00,£2.00/100g,null,cooked_meat_antipasti_dips,2024-11-05
Tesco Coronation Roast Chicken Slices 160g,£3.00,£1.88/100g,£2.50 Clubcard Price,cooked_meat_antipasti_dips,2024-11-05
Beretta Salami Strolghino 180G,£3.50,£1.94/100g,null,cooked_meat_antipasti_dips,2024-11-05
Properoni Classic Sliced Pepperoni 80g,£3.00,£3.75/100g,null,cooked_meat_antipasti_dips,2024-11-05
Properoni Chorizo Original 180g,£3.60,£2.00/100g,null,cooked_meat_antipasti_dips,2024-11-05
Beretta Salami With Truffle 120G,£2.50,£2.08/100g,null,cooked_meat_antipasti_dips,2024-11-05
"Tesco Finest Roast Chicken Breast with Pork, Sage & Onion Stuffing 120g",£3.50,£2.92/100g,Any 2 for £5 Clubcard Price - Selected Tesco Finest* Meat Products 90g-400g,cooked_meat_antipasti_dips,2024-11-05
Tesco Egg Mayonnaise Sandwich Filler 235g,£2.00,£0.85/100g,null,cooked_meat_antipasti_dips,2024-11-05
Tesco Finest Butter Basted Roast Chicken Breast Slices 130g,null,null,Any 3 for 2 Clubcard Price - Cheapest Product Free - Selected Deli Grab Go,cooked_meat_antipasti_dips,2024-11-05
Tesco Sweet Chilli Roast Chicken Slices 160g,£3.00,£1.88/100g,£2.50 Clubcard Price,cooked_meat_antipasti_dips,2024-11-05
Tesco Finest Wiltshire Crumbed Ham 120g,£3.25,£2.71/100g,Any 2 for £5 Clubcard Price - Selected Tesco Finest* Meat Products 90g-400g,cooked_meat_antipasti_dips,2024-11-05
Casa Toscana Finocchiona Igp 100G,£3.50,£35.00/kg,Any 3 for 2 Clubcard Price - Cheapest Product Free - Selected Deli Grab Go,cooked_meat_antipasti_dips,2024-11-05
Beretta Cacciatore Salametto 90G,£3.50,£38.89/kg,Any 3 for 2 Clubcard Price - Cheapest Product Free - Selected Deli Grab Go,cooked_meat_antipasti_dips,2024-11-05
The Real Greek Tzatziki 200g,£2.25,£11.25/kg,null,cooked_meat_antipasti_dips,2024-11-05
Tesco British Crumbed Ham 120g,£2.00,£1.67/100g,Any 2 for £3.50 Clubcard Price - Selected Tesco Sliced Cooked Meat 90g-150g,cooked_meat_antipasti_dips,2024-11-05
Properoni Pepperoni Hot Paprika Sliced 80g,£3.00,£3.75/100g,Save 1/3 £2.00 Clubcard Price,cooked_meat_antipasti_dips,2024-11-05
Tesco Egg & Bacon Sandwich Filler 235g,£2.00,£0.85/100g,null,cooked_meat_antipasti_dips,2024-11-05
Tesco Seafood Cocktail Sandwich Filler 235g,£2.00,£0.85/100g,null,cooked_meat_antipasti_dips,2024-11-05
Beretta Cacciatore Salamini 150G,£3.00,£2.00/100g,null,cooked_meat_antipasti_dips,2024-11-05
Peperami Tapas Choizo 50g,£2.00,£4.00/100g,Save 25% £1.50 Clubcard Price,cooked_meat_antipasti_dips,2024-11-05
Peperami Tapas Salami 50g,£2.00,£4.00/100g,Save 25% £1.50 Clubcard Price,cooked_meat_antipasti_dips,2024-11-05
Tesco Finest Roast Chicken 120g,£3.25,£2.71/100g,Any 2 for £5 Clubcard Price - Selected Tesco Finest* Meat Products 90g-400g,cooked_meat_antipasti_dips,2024-11-05
Eastman's Hot & Spicy Sliced Chicken 240G,£1.99,£0.83/100g,null,cooked_meat_antipasti_dips,2024-11-05
Beretta Antipasto Emiliano 100G,null,null,Any 3 for 2 Clubcard Price - Cheapest Product Free - Selected Deli Grab Go,cooked_meat_antipasti_dips,2024-11-05
Beretta Salami Sticks 60G,£1.50,£2.50/100g,null,cooked_meat_antipasti_dips,2024-11-05
Fridge Raiders Poppers Garlic Herb 68g,£1.25,£1.84/100g,null,cooked_meat_antipasti_dips,2024-11-05
Tesco Smooth Chicken Liver Pate 170g,£1.15,£0.68/100g,null,cooked_meat_antipasti_dips,2024-11-05
Vadasz Super Beet Kimchi 400G,£4.50,£1.12/100g,null,cooked_meat_antipasti_dips,2024-11-05
Vandasz Hot & Sweet Jalapeno Relish 400g,£4.50,£1.12/100g,null,cooked_meat_antipasti_dips,2024-11-05
Unearthed Stuffed Green Peppers 150g,£3.65,£2.43/100g,null,cooked_meat_antipasti_dips,2024-11-05
Unearthed Spanish Potato Omelette 500g,£4.00,£0.80/100g,Any 3 for 2 Clubcard Price - Cheapest Product Free - All Unearthed Products 95g - 500g,cooked_meat_antipasti_dips,2024-11-05
Noe; El Clerzo Chorizo De Aragon 225G,null,null,null,cooked_meat_antipasti_dips,2024-11-05
Tesco Egg Mayonnaise Sandwich Filler 423g,£3.30,£0.78/100g,null,cooked_meat_antipasti_dips,2024-11-05
Tesco Tuna Sweetcorn Sandwich Filler 423g,£3.30,£0.78/100g,null,cooked_meat_antipasti_dips,2024-11-05
Unearthed Bavarian Frankfurters 200g,£4.00,£2.00/100g,Any 3 for 2 Clubcard Price - Cheapest Product Free - All Unearthed Products 95g - 500g,cooked_meat_antipasti_dips,2024-11-05
Unearthed Serrano Ham Croquetas 180g,£4.50,£2.50/100g,Any 3 for 2 Clubcard Price - Cheapest Product Free - All Unearthed Products 95g - 500g,cooked_meat_antipasti_dips,2024-11-05
Beretta Pancetta 250g,£5.00,£20.00/kg,Any 3 for 2 Clubcard Price - Cheapest Product Free - Selected Deli Grab Go,cooked_meat_antipasti_dips,2024-11-05
Unearthed Spanish Omelette with Spinach 250g,£3.25,£1.30/100g,Any 3 for 2 Clubcard Price - Cheapest Product Free - All Unearthed Products 95g - 500g,cooked_meat_antipasti_dips,2024-11-05
Noel Fuet With Black Pepper 150G,£3.00,£20.00/kg,null,cooked_meat_antipasti_dips,2024-11-05
Unearthed Stuffed Pepper Platter 210g,£4.50,£2.14/100g,Any 3 for 2 Clubcard Price - Cheapest Product Free - All Unearthed Products 95g - 500g,cooked_meat_antipasti_dips,2024-11-05
Noel Fuet With Manchego Cheese 150G,£3.00,£20.00/kg,null,cooked_meat_antipasti_dips,2024-11-05
Tesco Stuffed Vine Leaves 162g,£3.00,£3.00/each,Any 2 for £5 Clubcard Price - Selected Tesco Deli Sharing 72g - 500g,cooked_meat_antipasti_dips,2024-11-05
Tesco Chicken & Bacon Sandwich Filler 423G,£3.30,£0.78/100g,null,cooked_meat_antipasti_dips,2024-11-05
Tesco 6 Bratwurst Sausages 540g,£3.50,£0.65/100g,null,cooked_meat_antipasti_dips,2024-11-05
Tesco Soft Cheese Stuffed Peppers 145g,£3.00,£2.07/100g,Any 2 for £5 Clubcard Price - Selected Tesco Deli Sharing 72g - 500g,cooked_meat_antipasti_dips,2024-11-05
Tesco Chicken & Sweetcorn Sandwich Filler 235g,£2.00,£0.85/100g,null,cooked_meat_antipasti_dips,2024-11-05
Tesco Sundried Tomatoes 170g,£3.00,£1.76/100g,Any 2 for £5 Clubcard Price - Selected Tesco Deli Sharing 72g - 500g,cooked_meat_antipasti_dips,2024-11-05
Tesco Finest Dry Cured Oak Smoked Ham Slices 130g,£4.00,£3.08/100g,Any 3 for 2 Clubcard Price - Cheapest Product Free - Selected Deli Grab Go,cooked_meat_antipasti_dips,2024-11-05
Tesco Finest Dry Cured Old English Ham 130g,£4.00,£3.08/100g,Any 3 for 2 Clubcard Price - Cheapest Product Free - Selected Deli Grab Go,cooked_meat_antipasti_dips,2024-11-05
Tesco Tuna Sweetcorn Sandwich Filler 235g,£2.00,£0.85/100g,null,cooked_meat_antipasti_dips,2024-11-05
Tesco Cheese & Onion Sandwich Filler 235g,£2.00,£0.85/100g,null,cooked_meat_antipasti_dips,2024-11-05
Tesco Coronation Chicken Sandwich Filler 235g,£2.00,£0.85/100g,null,cooked_meat_antipasti_dips,2024-11-05
Tesco Feta & Spinach Pastries 130g,£3.00,£2.31/100g,Any 2 for £5 Clubcard Price - Selected Tesco Deli Sharing 72g - 500g,cooked_meat_antipasti_dips,2024-11-05
Tesco Finest Apple Wood Smoked Finely Sliced Ham 120g,£3.25,£2.71/100g,Any 2 for £5 Clubcard Price - Selected Tesco Finest* Meat Products 90g-400g,cooked_meat_antipasti_dips,2024-11-05
Tesco Liver Sausage 8 Slice 100g,£1.40,£1.40/100g,null,cooked_meat_antipasti_dips,2024-11-05
Tesco 10 Garlic Sausage Slices 125g,£1.50,£1.20/100g,null,cooked_meat_antipasti_dips,2024-11-05
Tesco Finest Finely Sliced Wiltshire Cured Ham 120g,£3.25,£2.71/100g,Any 2 for £5 Clubcard Price - Selected Tesco Finest* Meat Products 90g-400g,cooked_meat_antipasti_dips,2024-11-05
"Unearthed Tarte Flambee with Lardons, Onion & Creme Fraiche 180g",£3.90,£2.17/100g,Any 3 for 2 Clubcard Price - Cheapest Product Free - All Unearthed Products 95g - 500g,cooked_meat_antipasti_dips,2024-11-05
Tesco Slow Roasted Tomato & Pesto Chicken Sandwich Filler 235g,£2.00,£0.85/100g,null,cooked_meat_antipasti_dips,2024-11-05
Tesco BBQ Chicken Sandwich Filler 235g,£2.00,£0.85/100g,null,cooked_meat_antipasti_dips,2024-11-05
Tesco British Smoked Ham 120g,£2.00,£1.67/100g,Any 2 for £3.50 Clubcard Price - Selected Tesco Sliced Cooked Meat 90g-150g,cooked_meat_antipasti_dips,2024-11-05
Tesco Chicken & Bacon Sandwich Filler 235g,£2.00,£0.85/100g,null,cooked_meat_antipasti_dips,2024-11-05
Unearthed Spanish Omelette with Red Pepper 250g,£3.25,£1.30/100g,Any 3 for 2 Clubcard Price - Cheapest Product Free - All Unearthed Products 95g - 500g,cooked_meat_antipasti_dips,2024-11-05
Tesco British Wafer Thin Cooked Ham 120g,£2.00,£1.67/100g,Any 2 for £3.50 Clubcard Price - Selected Tesco Sliced Cooked Meat 90g-150g,cooked_meat_antipasti_dips,2024-11-05
Tesco British Wafer Thin Oak Smoked Ham 120g,£2.00,£1.67/100g,Any 2 for £3.50 Clubcard Price - Selected Tesco Sliced Cooked Meat 90g-150g,cooked_meat_antipasti_dips,2024-11-05
Tesco Frittata 300G,£3.00,£1.00/100g,Any 2 for £5 Clubcard Price - Selected Tesco Deli Sharing 72g - 500g,cooked_meat_antipasti_dips,2024-11-05
Tesco Pork Haslet 4 Slice 120g,£1.40,£1.17/100g,null,cooked_meat_antipasti_dips,2024-11-05
Unearthed Spanish Omelette with Chorizo 250g,£3.25,£1.30/100g,Any 3 for 2 Clubcard Price - Cheapest Product Free - All Unearthed Products 95g - 500g,cooked_meat_antipasti_dips,2024-11-05
Beretta Prosciutto Di San Daniele 90G,£3.50,£38.89/kg,Any 3 for 2 Clubcard Price - Cheapest Product Free - Selected Deli Grab Go,cooked_meat_antipasti_dips,2024-11-05
Tesco Finest 6 Spanish Croquetas With Spinach 210G,null,null,Any 3 for £8 Clubcard Price - Selected Tesco Finest* 105g - 300g,cooked_meat_antipasti_dips,2024-11-05
86. Tesco Finest Spanish Cured Meat & Cheese Platter 665g (Serves 10),£20.00,£3.01/100g,null,cooked_meat_antipasti_dips,2024-11-05
89. Tesco Finest Olive & Antipasti Selection Platter 685g (Serves 10),£14.00,£2.04/100g,null,cooked_meat_antipasti_dips,2024-11-05
90. Tesco Finest Spanish Croqueta & Panko Breaded Rollito Selection 690g (Serves 13),£13.00,£1.88/100g,null,cooked_meat_antipasti_dips,2024-11-05
88. Tesco Finest Ruffled Spanish Meat & Iberico Cheese Platter 360g (Serves 6),£13.00,£3.61/100g,null,cooked_meat_antipasti_dips,2024-11-05
The Real Greek Chicken with Feta & Olives 350g,£5.00,£14.29/kg,null,cooked_meat_antipasti_dips,2024-11-05
Tesco BBQ Roast Chicken Drumsticks 430g,£3.50,£0.81/100g,null,cooked_meat_antipasti_dips,2024-11-05
Tesco Roast Chicken Drumsticks 430g,£3.50,£0.81/100g,null,cooked_meat_antipasti_dips,2024-11-05
Tesco Finest Italian Sharing Platter 243g,£6.00,£2.47/100g,null,cooked_meat_antipasti_dips,2024-11-05
Tesco Mixed Olives With Mature Cheddar 200g,£3.00,£1.50/100g,Any 2 for £5 Clubcard Price - Selected Tesco Deli Sharing 72g - 500g,cooked_meat_antipasti_dips,2024-11-05
Tesco BBQ Roast Chicken Wings 525g,£4.00,£0.76/100g,null,cooked_meat_antipasti_dips,2024-11-05
Noel El Clerzo Longaniza De Aragon 260G,£4.00,£1.54/100g,null,cooked_meat_antipasti_dips,2024-11-05
Tesco Hoisin Roast Chicken Wings 525g,£4.00,£0.76/100g,null,cooked_meat_antipasti_dips,2024-11-05
Tesco Green & Black Olives with Feta 150g,£3.00,£2.00/100g,Any 2 for £5 Clubcard Price - Selected Tesco Deli Sharing 72g - 500g,cooked_meat_antipasti_dips,2024-11-05
Tesco Mango & Lime Roast Chicken Mini Fillets 170g,£3.00,£1.76/100g,null,cooked_meat_antipasti_dips,2024-11-05
Unearthed Italian Antipasto Platter 95g,£4.00,£4.21/100g,Any 3 for 2 Clubcard Price - Cheapest Product Free - All Unearthed Products 95g - 500g,cooked_meat_antipasti_dips,2024-11-05
Tesco Green Olives with Slow Roasted Tomatoes 150g,£3.00,£3.00/each,Any 2 for £5 Clubcard Price - Selected Tesco Deli Sharing 72g - 500g,cooked_meat_antipasti_dips,2024-11-05
Tesco Hot & Spicy Roast Chicken Wings 525g,£4.00,£0.76/100g,£3.50 Clubcard Price,cooked_meat_antipasti_dips,2024-11-05
The Real Greek Mixed Marinated Olives 150g,£3.35,£2.23/100g,null,cooked_meat_antipasti_dips,2024-11-05
Tesco Roast Chicken Thighs 450g,£4.00,£0.89/100g,null,cooked_meat_antipasti_dips,2024-11-05
Tesco Olives With Garlic & Chilli 180g,£3.00,£1.67/100g,Any 2 for £5 Clubcard Price - Selected Tesco Deli Sharing 72g - 500g,cooked_meat_antipasti_dips,2024-11-05
Tesco Finest Dry Cured Honey Roast Ham 130g,£4.00,£3.08/100g,Any 3 for 2 Clubcard Price - Cheapest Product Free - Selected Deli Grab Go,cooked_meat_antipasti_dips,2024-11-05
Tesco Green Olives Stuffed with Garlic 160g,£3.00,£1.88/100g,Any 2 for £5 Clubcard Price - Selected Tesco Deli Sharing 72g - 500g,cooked_meat_antipasti_dips,2024-11-05
Tesco Chimichurri Olives 150g,£3.00,£2.00/100g,Any 2 for £5 Clubcard Price - Selected Tesco Deli Sharing 72g - 500g,cooked_meat_antipasti_dips,2024-11-05
Tesco Finest Finely Sliced Roast Beef Brisket 90g,£3.50,£3.89/100g,Any 2 for £5 Clubcard Price - Selected Tesco Finest* Meat Products 90g-400g,cooked_meat_antipasti_dips,2024-11-05
Tesco Finest Honey Roast Finely Sliced Ham 120g,£3.25,£2.71/100g,Any 2 for £5 Clubcard Price - Selected Tesco Finest* Meat Products 90g-400g,cooked_meat_antipasti_dips,2024-11-05
Tesco BBQ Roast Chicken Mini Fillets 170g,£3.00,£1.76/100g,£2.50 Clubcard Price,cooked_meat_antipasti_dips,2024-11-05
Tesco Green Olives 150g,£2.00,£1.33/100g,null,cooked_meat_antipasti_dips,2024-11-05
Tesco Black & Green Olives with Garlic & Herbs 150g,£2.00,£1.33/100g,null,cooked_meat_antipasti_dips,2024-11-05
Tesco Black & Green Olives 150g,£2.00,£1.33/100g,null,cooked_meat_antipasti_dips,2024-11-05
Noel Mini Fuet 70G,£2.00,£2.86/100g,null,cooked_meat_antipasti_dips,2024-11-05
Tesco 8 Iberico cheese & Serrano Rollitos 88g,£3.00,£3.41/100g,Any 2 for £5 Clubcard Price - Selected Tesco Deli Sharing 72g - 500g,cooked_meat_antipasti_dips,2024-11-05
Tesco British Prime Cuts Wafer Thin Honey Roast Ham 120g,£2.00,£1.67/100g,Any 2 for £3.50 Clubcard Price - Selected Tesco Sliced Cooked Meat 90g-150g,cooked_meat_antipasti_dips,2024-11-05
Do Goodly Chip Shop Curry Sauce 150g,£2.25,£1.50/100g,Save 1/3 £1.50 Clubcard Price,cooked_meat_antipasti_dips,2024-11-05
Tesco Honey Roast Ham Slices 250G ( C),£1.35,£0.54/100g,null,cooked_meat_antipasti_dips,2024-11-05
Tesco Finest Greek Trio Of Olives 200G,£4.00,£20.00/kg,Any 3 for £8 Clubcard Price - Selected Tesco Finest* 105g - 300g,cooked_meat_antipasti_dips,2024-11-05
87. Tesco Finest Spanish Serrano Ham 1kg (Serves approx 20),£20.00,£2.00/100g,null,cooked_meat_antipasti_dips,2024-11-05
14. Tesco Finest Pork Liver Pate With Pear Glaze 220g (Serves 4),£10.00,£4.54/100g,null,cooked_meat_antipasti_dips,2024-11-05
Tesco 2 Cooked Skinless Chicken Breast 220G,£4.00,£1.82/100g,null,cooked_meat_antipasti_dips,2024-11-05
Tesco Whole Roast Chicken 950g,£5.75,£0.60/100g,null,cooked_meat_antipasti_dips,2024-11-05
Tesco Finest Coarse Ardennes Pate 150g,£2.50,£1.67/100g,null,cooked_meat_antipasti_dips,2024-11-05
Tesco Finest Duck & Seville Orange Pate 150g,£2.50,£1.67/100g,null,cooked_meat_antipasti_dips,2024-11-05
Tesco Finest Smooth Brussels Pate 150g,£2.50,£1.67/100g,null,cooked_meat_antipasti_dips,2024-11-05
Tesco Finest Dry Cured Crumbed Ham 130g,£4.00,£3.08/100g,Any 3 for 2 Clubcard Price - Cheapest Product Free - Selected Deli Grab Go,cooked_meat_antipasti_dips,2024-11-05
Tesco Finest Slow Cooked Roast Beef Topside Slices 90g,£4.00,£4.44/100g,Any 3 for 2 Clubcard Price - Cheapest Product Free - Selected Deli Grab Go,cooked_meat_antipasti_dips,2024-11-05
Tesco Roast Half Chicken 600g,£5.00,£0.83/100g,null,cooked_meat_antipasti_dips,2024-11-05
Tesco Finest Dry Cured Finely Sliced Ham 130g,£4.00,£3.08/100g,Any 3 for 2 Clubcard Price - Cheapest Product Free - Selected Deli Grab Go,cooked_meat_antipasti_dips,2024-11-05
Tesco Finest Dry Cured Porchetta Slices 100g,£4.00,£4.00/100g,Any 3 for 2 Clubcard Price - Cheapest Product Free - Selected Deli Grab Go,cooked_meat_antipasti_dips,2024-11-05
Tesco British Wafer Thin Roast Chicken 120g,£2.00,£1.67/100g,Any 2 for £3.50 Clubcard Price - Selected Tesco Sliced Cooked Meat 90g-150g,cooked_meat_antipasti_dips,2024-11-05
Premier Deli Roasted Turkey Breast Slices 125G,£2.50,£2.00/100g,Any 2 for £3.50 Clubcard Price - Selected Tesco Sliced Cooked Meat 90g-150g,cooked_meat_antipasti_dips,2024-11-05
Tesco Peppered Ham 120g,£2.00,£1.67/100g,Any 2 for £3.50 Clubcard Price - Selected Tesco Sliced Cooked Meat 90g-150g,cooked_meat_antipasti_dips,2024-11-05
Beretta Salame With Truffle Parmigiano 80g,£3.50,£43.75/kg,Any 3 for 2 Clubcard Price - Cheapest Product Free - Selected Deli Grab Go,cooked_meat_antipasti_dips,2024-11-05
Tesco Smooth Smoked Salmon Pate 100g,£1.40,£1.40/100g,£1.25 Clubcard Price,cooked_meat_antipasti_dips,2024-11-05
Tesco Finest Roast Turkey Breast 120g,£3.50,£2.92/100g,Any 2 for £5 Clubcard Price - Selected Tesco Finest* Meat Products 90g-400g,cooked_meat_antipasti_dips,2024-11-05
Tesco Ardennes Pate 170g,£1.15,£0.68/100g,null,cooked_meat_antipasti_dips,2024-11-05
Tesco Hot Honey Roast Half Chicken 650g,£5.00,£0.77/100g,£4.50 Clubcard Price,cooked_meat_antipasti_dips,2024-11-05
Tesco 10 Cooked Beef Slices 125g,£1.45,£1.16/100g,null,cooked_meat_antipasti_dips,2024-11-05
Tesco Smooth Brussels Pate 170g,£1.15,£0.68/100g,null,cooked_meat_antipasti_dips,2024-11-05
Tesco Coarse Farmhouse Pate 170g,£1.15,£0.68/100g,null,cooked_meat_antipasti_dips,2024-11-05
Tesco Reduced Fat Brussels Pate 170g,£1.15,£0.68/100g,null,cooked_meat_antipasti_dips,2024-11-05
Tesco Crab Pate 100G,£1.40,£1.40/100g,£1.25 Clubcard Price,cooked_meat_antipasti_dips,2024-11-05
Tesco British Pork Lunch Tongue 120g,£2.00,£1.67/100g,Any 2 for £3.50 Clubcard Price - Selected Tesco Sliced Cooked Meat 90g-150g,cooked_meat_antipasti_dips,2024-11-05
Tesco Spreadable Brussels Pate 175g,null,null,null,cooked_meat_antipasti_dips,2024-11-05
Tesco British Prime Cuts 4 slices Thick Cut Honey and Mustard Ham 120g,£2.00,£1.67/100g,Any 2 for £3.50 Clubcard Price - Selected Tesco Sliced Cooked Meat 90g-150g,cooked_meat_antipasti_dips,2024-11-05
Katsouris Brothers Antipasti Medley Platter 185g,£5.00,£27.03/kg,Any 3 for 2 Clubcard Price - Cheapest Product Free - Selected Deli Grab Go,cooked_meat_antipasti_dips,2024-11-05
Tesco Finest Mortadella with Nocellara Olives 140g,£3.00,£2.14/100g,Any 3 for £8 Clubcard Price - Selected Tesco Finest* 105g - 300g,cooked_meat_antipasti_dips,2024-11-05
The Real Greek Giant Beans 210g,£3.35,£15.95/kg,null,cooked_meat_antipasti_dips,2024-11-05
Unearthed Olives with Chilli 150g,£3.50,£23.33/kg,Any 3 for 2 Clubcard Price - Cheapest Product Free - All Unearthed Products 95g - 500g,cooked_meat_antipasti_dips,2024-11-05
Katsouris Brothers Italian Style Aperitivo Platter 180g,£5.00,£27.78/kg,Any 3 for 2 Clubcard Price - Cheapest Product Free - Selected Deli Grab Go,cooked_meat_antipasti_dips,2024-11-05
The Real Greek Dolmades 210g,£3.35,£15.95/kg,null,cooked_meat_antipasti_dips,2024-11-05
Unearthed Middle Eastern Hummus With Mezete 200g,£2.85,£14.25/kg,Any 3 for 2 Clubcard Price - Cheapest Product Free - All Unearthed Products 95g - 500g,cooked_meat_antipasti_dips,2024-11-05
Unearthed Muhammara Dip With Mezete 180g,£2.85,£15.83/kg,Any 3 for 2 Clubcard Price - Cheapest Product Free - All Unearthed Products 95g - 500g,cooked_meat_antipasti_dips,2024-11-05
The Real Greek Seasoned Fries 300g,£3.75,£12.50/kg,null,cooked_meat_antipasti_dips,2024-11-05
Unearthed Bratwurst 360g,£4.00,£11.11/kg,Any 3 for 2 Clubcard Price - Cheapest Product Free - All Unearthed Products 95g - 500g,cooked_meat_antipasti_dips,2024-11-05
Fridge Raiders Variety Chicken Bites Mini Packs 7 X 22.5G,£2.80,£1.78/100g,null,cooked_meat_antipasti_dips,2024-11-05
Unearthed Chorizo Crumb 120g,£3.00,£25.00/kg,Any 3 for 2 Clubcard Price - Cheapest Product Free - All Unearthed Products 95g - 500g,cooked_meat_antipasti_dips,2024-11-05
Tesco 2 Mango & Lime Roast Chicken Burger Fillets 150g,£3.00,£2.00/100g,null,cooked_meat_antipasti_dips,2024-11-05
Tesco Lightly Seasoned Roast Chicken Thigh Pieces 180g,£3.00,£1.67/100g,null,cooked_meat_antipasti_dips,2024-11-05
Tesco 2 Peri Peri Roast Chicken Burger Fillets 150g,null,null,null,cooked_meat_antipasti_dips,2024-11-05
Tesco Finest Salami Milano & Cheese Rollitos 105g,£3.50,£3.33/100g,Any 3 for £8 Clubcard Price - Selected Tesco Finest* 105g - 300g,cooked_meat_antipasti_dips,2024-11-05
Fridge Raiders Southern Style Chicken Bites 5 X 22.5G,£2.25,£2.00/100g,null,cooked_meat_antipasti_dips,2024-11-05
Fridge Raiders Slow Roasted Chicken Bites 5X22.5G,£2.25,£2.00/100g,null,cooked_meat_antipasti_dips,2024-11-05
Fridge Raiders Slow Roasted Chicken Bites 70G,£1.00,£1.43/100g,null,cooked_meat_antipasti_dips,2024-11-05
Fridge Raiders Southern Style Chicken Bites 70G,£1.00,£1.43/100g,null,cooked_meat_antipasti_dips,2024-11-05
Tesco Finest Spanish Chorizo Hot Dip 165g,£3.50,£2.12/100g,Any 3 for £8 Clubcard Price - Selected Tesco Finest* 105g - 300g,cooked_meat_antipasti_dips,2024-11-05
Fridge Raiders Smoky Bbq Chicken Bites 3X22.5G,£1.60,£2.37/100g,£1.25 Clubcard Price,cooked_meat_antipasti_dips,2024-11-05
Tesco Finest Greek Feta Salad 234g,£4.00,£1.71/100g,Any 3 for £8 Clubcard Price - Selected Tesco Finest* 105g - 300g,cooked_meat_antipasti_dips,2024-11-05
Tesco Finest Italian Antipasto with Cheese Platter 155g,£4.00,£2.58/100g DR.WT,Any 3 for £8 Clubcard Price - Selected Tesco Finest* 105g - 300g,cooked_meat_antipasti_dips,2024-11-05
Tesco Finest Bresaola & Cheese Rollitos 105g,£4.50,£4.29/100g,Any 3 for £8 Clubcard Price - Selected Tesco Finest* 105g - 300g,cooked_meat_antipasti_dips,2024-11-05
Tesco Finest Halloumi & Za'atar Pastries 108g,£3.50,£3.24/100g,Any 3 for £8 Clubcard Price - Selected Tesco Finest* 105g - 300g,cooked_meat_antipasti_dips,2024-11-05
Tesco Finest Chorizo & Black Garlic Croquetas 210g,£5.00,£2.38/100g,Any 3 for £8 Clubcard Price - Selected Tesco Finest* 105g - 300g,cooked_meat_antipasti_dips,2024-11-05
Tesco Finest Serrano Mac and Cheese Croquetas 144g,£5.00,£3.47/100g,Any 3 for £8 Clubcard Price - Selected Tesco Finest* 105g - 300g,cooked_meat_antipasti_dips,2024-11-05
Tesco Finest Bruschetta with Ibérico Cheese & Serrano Ham 168g,£5.00,£2.98/100g,Any 3 for £8 Clubcard Price - Selected Tesco Finest* 105g - 300g,cooked_meat_antipasti_dips,2024-11-05
Tesco Finest Paella Arancini 144g,£5.00,£3.47/100g,Any 3 for £8 Clubcard Price - Selected Tesco Finest* 105g - 300g,cooked_meat_antipasti_dips,2024-11-05
84. Tesco Chocolate Yule Log 720g (Serves 10),£8.50,£1.18/100g,£7.50 Clubcard Price,chilled_desserts,2024-11-05
Rachel's Organic Divine Rice 2 X150g,£2.25,£0.75/100g,null,chilled_desserts,2024-11-05
Tesco British Single Cream 600Ml,£2.00,£0.33/100ml,null,chilled_desserts,2024-11-05
Tesco Finest Custard 500G,£2.60,£0.52/100g,null,chilled_desserts,2024-11-05
Lindahls Protein Pudding Chocolate 140G,£1.40,£10.00/kg,null,chilled_desserts,2024-11-05
Ms Mollys Toffee Layered Dessert 100G,£1.00,£1.00/100g,null,chilled_desserts,2024-11-05
Tesco Finest Belgian Chocolate Mousse 100G,£1.00,£1.00/100g,null,chilled_desserts,2024-11-05
Ms Mollys Chocolate Layered Dessert 100G,null,null,null,chilled_desserts,2024-11-05
Tesco British Double Cream 600Ml,£2.30,£0.38/100ml,null,chilled_desserts,2024-11-05
Tesco 50% Less Fat Creme Fraiche 600Ml,£1.70,£0.28/100ml,null,chilled_desserts,2024-11-05
Tesco Extra Thick Double Cream 300Ml,£1.70,£0.57/100ml,null,chilled_desserts,2024-11-05
Rodda's Clotted Cream 227G (L),£2.75,£1.21/100g,£2.25 Clubcard Price,chilled_desserts,2024-11-05
Tesco British Single Cream 300Ml,£1.20,£0.40/100ml,null,chilled_desserts,2024-11-05
Tesco British Whipping Cream 300Ml,£1.35,£0.45/100ml,null,chilled_desserts,2024-11-05
Tesco British Double Cream 300Ml,£1.35,£0.45/100ml,null,chilled_desserts,2024-11-05
Cadbury Flake Milk Chocolate Dessert 75G,null,null,70p Clubcard Price,chilled_desserts,2024-11-05
Creamfields Single Cream 300Ml,£0.99,£0.33/100ml,null,chilled_desserts,2024-11-05
Tesco Belgian Chocolate Eclair 4 Pack,£1.85,£0.46/each,£1.60 Clubcard Price,chilled_desserts,2024-11-05
Tesco 50% Less Fat Creme Fraiche 300Ml,£0.85,£0.28/100ml,null,chilled_desserts,2024-11-05
Elmlea Single Alternative To Cream 270Ml,£1.05,£0.39/100ml,null,chilled_desserts,2024-11-05
Aero Chocolate Mousse 4 X59g,£1.90,£0.80/100g,£1.00 Clubcard Price,chilled_desserts,2024-11-05
Tesco British Creme Fraiche 300Ml,null,null,null,chilled_desserts,2024-11-05
Elmlea Double Alternative To Cream 270Ml,£1.05,£0.39/100ml,null,chilled_desserts,2024-11-05
Tesco British Soured Cream 150Ml,£0.75,£0.50/100ml,null,chilled_desserts,2024-11-05
Tesco Soured Cream 300Ml,£0.99,£0.33/100ml,null,chilled_desserts,2024-11-05
Creamfields Double Cream 300Ml,£1.05,£0.35/100ml,null,chilled_desserts,2024-11-05
Tesco Milk Chocolate Mousse 6 X60g,£0.99,£0.28/100g,null,chilled_desserts,2024-11-05
Tesco Egg Custard Tarts 4 Pack,£1.25,£0.31/each,null,chilled_desserts,2024-11-05
Tesco Egg Custard Tarts 2 Pack,£0.85,£0.42/each,null,chilled_desserts,2024-11-05
77. Tesco Finest Raspberry and Peach Bellini Trifle 780g (Serves 8),£10.00,£1.28/100g,£9.00 Clubcard Price,chilled_desserts,2024-11-05
Tesco Apple Crumble 500G,£4.00,£0.80/100g,null,chilled_desserts,2024-11-05
Tesco Sticky Toffee Pudding 400G,£4.00,£1.00/100g,null,chilled_desserts,2024-11-05
Tesco Apple Lattice Pie 500G,£3.85,£0.77/100g,null,chilled_desserts,2024-11-05
Mul/Rce Apple & Raspberry Low Fat Dessert 6X170g,£4.00,£0.39/100g,null,chilled_desserts,2024-11-05
Mul/Rce Strawberry & Original Low Fat Dessert 6X170g,£4.00,£0.39/100g,null,chilled_desserts,2024-11-05
Tesco Strawberry Cheesecake 3 X 100G,£2.50,£0.83/100g,null,chilled_desserts,2024-11-05
Tesco Vanilla Cheesecake 540G,£4.50,£0.83/100g,£3.80 Clubcard Price,chilled_desserts,2024-11-05
Bonne Maman Creme Caramel Dessert 4x100g,£3.20,£0.80/100g,null,chilled_desserts,2024-11-05
Tesco 2 Apple Crumbles 270G,£2.75,£1.02/100g,£2.40 Clubcard Price,chilled_desserts,2024-11-05
Arla Protein Chocolate Flavour Pudding 200g,£1.75,£0.88/100g,£1.25 Clubcard Price,chilled_desserts,2024-11-05
Tesco Syrup Sponge Puddings 2 X 110G,£2.75,£1.25/100g,£2.40 Clubcard Price,chilled_desserts,2024-11-05
Tesco 2 Sticky Toffee Puddings 235G,£2.75,£1.17/100g,£2.40 Clubcard Price,chilled_desserts,2024-11-05
Food Heaven Whipped Spray Cream Vegan 200Ml,£2.20,£1.10/100ml,null,chilled_desserts,2024-11-05
Tesco Chocolate Profiterole 12 Stack,£4.00,£0.33/each,Save 25% £3.00 Clubcard Price,chilled_desserts,2024-11-05
Tesco Tiramisu 2X85g,£2.10,£1.24/100g,null,chilled_desserts,2024-11-05
Tesco 2 Jam Sponge Puddings 220G,£2.75,£1.25/100g,£2.40 Clubcard Price,chilled_desserts,2024-11-05
Tesco 2 Cream Slices,£1.75,£0.88/each,null,chilled_desserts,2024-11-05
Tesco Bramley Apple Pie,£1.90,£1.90/each,null,chilled_desserts,2024-11-05
Muller Rice Original Low Fat Dessert 170G,null,null,Any 4 for £3 Clubcard Price - Selected Dairy Products,chilled_desserts,2024-11-05
Tesco 2 Custard Slices,£1.75,£0.88/each,null,chilled_desserts,2024-11-05
Tesco 2 Chocolate Choux Buns,£1.75,£0.88/each,null,chilled_desserts,2024-11-05
Tesco Fruit Fool Lemon 114G,£0.95,£0.83/100g,null,chilled_desserts,2024-11-05
Tesco Finest Salted Caramel Mousse 100G,£1.00,£1.00/100g,null,chilled_desserts,2024-11-05
Tesco Fruit Fool Gooseberry 114G,£0.95,£0.83/100g,null,chilled_desserts,2024-11-05
Nestle Rolo Dessert 2X65g,£1.85,£1.42/100g,null,chilled_desserts,2024-11-05
Nestle Milkybar Dessert 2X65g,£1.85,£1.42/100g,null,chilled_desserts,2024-11-05
Yeo Valley Organic Half Fat Creme Fraiche 200G,£1.45,£0.72/100g,null,chilled_desserts,2024-11-05
Nestle Nesquik Milk Slice Chocolate Flavour 4X26g,£1.40,£1.35/100g,null,chilled_desserts,2024-11-05
Milkybar Milk Slices 4X26g,£1.40,£1.35/100g,null,chilled_desserts,2024-11-05
Oatly Creamy Oat Single Cream Alternative 250Ml,£1.25,£0.50/100ml,null,chilled_desserts,2024-11-05
Cadbury Layers Of Joy Chocolate Dessert 2 X90g,£1.75,£0.97/100g,£1.50 Clubcard Price,chilled_desserts,2024-11-05
Kinder Milk Slice Milk And Honey 3 X 28G,£1.15,£1.37/100g,null,chilled_desserts,2024-11-05
Ski Strawberry Mousse 4 X60g,£1.25,£0.52/100g,null,chilled_desserts,2024-11-05
Tesco British Double Cream 150Ml,£1.00,£0.67/100ml,null,chilled_desserts,2024-11-05
Nestle Ski Lemon Meringue Mousse 4 X60g,£1.25,£0.52/100g,null,chilled_desserts,2024-11-05
The Pizza Company Cookie Dough Dessert 150G,£3.25,£2.17/100g,"THE PIZZA COMPANY Meal Deal for £6 Clubcard Price - Buy 1 Pizza, 1 Side & 1 Dip",chilled_desserts,2024-11-05
Tesco British Single Cream 150Ml,£0.80,£0.53/100ml,null,chilled_desserts,2024-11-05
Arla LactoFREE Cream 250ml,£1.55,£0.62/100ml,null,chilled_desserts,2024-11-05
Oatly Vanilla Custard 250Ml,£1.30,£0.52/100ml,null,chilled_desserts,2024-11-05
Alpro Soya Chilled Dairy Free Alternative to Cream 250ml,£1.25,£5.00/litre,null,chilled_desserts,2024-11-05
Nestle Milkybar Mousse 4 X55g,£1.90,£0.86/100g,£1.00 Clubcard Price,chilled_desserts,2024-11-05
Tesco Tiramisu 500G,£3.30,£0.66/100g,£2.80 Clubcard Price,chilled_desserts,2024-11-05
Ms Molly's Jelly & Custard Dessert 3 Pack 375G,£0.99,£0.26/100g,null,chilled_desserts,2024-11-05
Tesco Strawberry Mousse 6X60g,null,null,null,chilled_desserts,2024-11-05
Tesco Finest Billionaires Cheesecake 500G,£5.50,£1.10/100g,null,chilled_desserts,2024-11-05
Tesco Finest Cheesecake Passion Fruit & Raspberry 540G,£5.50,£1.02/100g,null,chilled_desserts,2024-11-05
Tesco Finest Madagascan Vanilla Cheesecake 540G,£5.50,£1.02/100g,null,chilled_desserts,2024-11-05
Tesco Finest Coffee & Amaretto Tiramisu 400G,£4.50,£1.12/100g,null,chilled_desserts,2024-11-05
Tesco Raspberry Cheesecake 540G,£4.50,£0.83/100g,£3.80 Clubcard Price,chilled_desserts,2024-11-05
English Cheesecake Company Ltd Vanilla Cheesecake With Lotus Biscoff 214G,£3.75,£1.75/100g,null,chilled_desserts,2024-11-05
Tesco Lemon Cheesecake 540G,£4.50,£0.83/100g,£3.80 Clubcard Price,chilled_desserts,2024-11-05
Gu Inspirations Chocolate & Honeycomb Desserts 2X86.5G,£3.75,£2.17/100g,null,chilled_desserts,2024-11-05
Gu Chocolate Melting Middles 2X100g,£3.75,£1.88/100g,null,chilled_desserts,2024-11-05
Gu-Zillionaire Cheesecakes 2 X91.5G,£3.75,£2.05/100g,null,chilled_desserts,2024-11-05
Tesco Millionaires Cheesecake 3 X 100G,£2.50,£0.83/100g,null,chilled_desserts,2024-11-05
Tesco Lemon Cheesecake 3X100g,£2.50,£0.83/100g,null,chilled_desserts,2024-11-05
Tesco 2 Creamy Rice Puddings 2 X 173G,£2.75,£0.80/100g,£2.40 Clubcard Price,chilled_desserts,2024-11-05
"Abra Ca Debora Sweet Pancakes 6 Pack, 375 G",£2.45,£0.65/100g,null,chilled_desserts,2024-11-05
Tesco Bread & Butter Pudding 500G,£4.00,£0.80/100g,null,chilled_desserts,2024-11-05
Bonne Maman Creme Brulee Dessert 2x100g,£3.20,£1.60/100g,null,chilled_desserts,2024-11-05
Tesco Caramel Panna Cotta Dessert 2 X120g,£2.25,£0.94/100g,null,chilled_desserts,2024-11-05
Abra-Ca-Debora Buttermilk Pancakes 240G,£2.45,£1.02/100g,null,chilled_desserts,2024-11-05
Tesco Raspberry Jam Roly Poly 460G,£4.00,£0.87/100g,null,chilled_desserts,2024-11-05
"Tesco Rhubarb Crumbles 2 Pack, 270 G",£2.75,£1.02/100g,£2.40 Clubcard Price,chilled_desserts,2024-11-05
Coconut Collaborative Little Chocolate Pots Dairy Free 4X45g,£2.95,£1.64/100g,Save 25% £2.20 Clubcard Price,chilled_desserts,2024-11-05
Gu Lemon Cheesecake 2X90g,£3.75,£2.08/100g,Save 1/3 £2.50 Clubcard Price,chilled_desserts,2024-11-05
Gu Salted Caramel Cheesecake 2X92g,£3.75,£2.04/100g,Save 1/3 £2.50 Clubcard Price,chilled_desserts,2024-11-05
Tesco 2 Fresh Toffee Cream Meringues 60G,£1.75,£2.92/100g,null,chilled_desserts,2024-11-05
Muller Rice Vanilla Custard Low Fat Dessert 170G,£0.90,£0.53/100g,Any 4 for £3 Clubcard Price - Selected Dairy Products,chilled_desserts,2024-11-05
Muller Rice Strawberry Low Fat Dessert 170G,£0.90,£0.53/100g,Any 4 for £3 Clubcard Price - Selected Dairy Products,chilled_desserts,2024-11-05
Tesco Strawberry Jam Victoria Sponge 360G,£3.50,£0.97/100g,null,chilled_desserts,2024-11-05
Bonne Maman Strawberry Mousse Dessert 2x70g,£2.20,£1.57/100g,null,chilled_desserts,2024-11-05
Bonne Maman Clementine & Lemon Mousse Dessert 2x70g,£2.20,£1.57/100g,null,chilled_desserts,2024-11-05
Tesco Double Chocolate Sundae Dessert 200G,£1.85,£0.92/100g,null,chilled_desserts,2024-11-05
Gu Cheesecake Key Lime Pie (2X78g),£3.75,£2.40/100g,Save 1/3 £2.50 Clubcard Price,chilled_desserts,2024-11-05
Tesco Rhubarb Pie,£1.90,£1.90/each,null,chilled_desserts,2024-11-05
Bonne Maman Salted Caramel Creme Dessert 2x90g,£2.20,£1.22/100g,null,chilled_desserts,2024-11-05
Tesco Bread & Butter Puddings 2 X 120G,£2.75,£1.15/100g,£2.40 Clubcard Price,chilled_desserts,2024-11-05
Bonne Maman Chocolate Mousse Dessert 2x70g,£2.20,£1.57/100g,null,chilled_desserts,2024-11-05
"Tesco Fresh Cream Raspberry Turnover 2 Pack, 148 G",£1.75,£1.18/100g,null,chilled_desserts,2024-11-05
Yeo Valley Organic Fat Free Creme Fraiche 200G,£1.45,£0.72/100g,null,chilled_desserts,2024-11-05
Tesco Chocolate Brownie Sundae 136G,£1.40,£1.03/100g,null,chilled_desserts,2024-11-05
Tesco 2 Fresh Cream Bramley Apple Turnover 160G,£1.75,£1.09/100g,null,chilled_desserts,2024-11-05
Delicious Desserts Sticky Toffee Eclair 2Pack,£2.50,£1.25/each,£2.00 Clubcard Price,chilled_desserts,2024-11-05
Tesco Toffee Sundae Dessert 136G,£1.40,£1.03/100g,null,chilled_desserts,2024-11-05
Tesco 2 Strawberry Jam & Cream Scones,£1.75,£0.88/each,null,chilled_desserts,2024-11-05
Oatly Whippable Creamy Oat 250Ml,£1.35,£0.54/100ml,null,chilled_desserts,2024-11-05
"Tesco Fresh Cream Horns 2 Pack, 110 G",£1.75,£1.59/100g,null,chilled_desserts,2024-11-05
Aero Dark & Milk Mousse 4 X 55G,£1.90,£0.86/100g,£1.00 Clubcard Price,chilled_desserts,2024-11-05
Tesco Finest Dine In Salted Caramel Profiteroles 6pk,£3.50,£2.82/100g,"TESCO FINEST* Meal Deal for £12 Clubcard Price - Buy 1 Main, 1 Side 1 Dessert, & 1 Drink",chilled_desserts,2024-11-05
Tesco Lemon Mousse 6 X60g,£0.99,£0.28/100g,null,chilled_desserts,2024-11-05
Tesco Creamy Rice Pudding 500G,£4.00,£0.80/100g,null,chilled_desserts,2024-11-05
Tesco Finest Tarte Au Citron 450G,£5.15,£1.14/100g,null,chilled_desserts,2024-11-05
Tesco Rhubarb Crumble 500G,£4.00,£0.80/100g,null,chilled_desserts,2024-11-05
English Cheesecake Company Ltd Lemon & Mascarpone Cheesecake 214G,£3.75,£1.75/100g,null,chilled_desserts,2024-11-05
Tesco 2 Raspberry Cheesecake Slices 180G,£2.70,£1.50/100g,null,chilled_desserts,2024-11-05
Tesco Chocolate Cheesecake 540G,£4.50,£0.83/100g,£3.80 Clubcard Price,chilled_desserts,2024-11-05
Tesco Finest 8 Macarons 90G,£4.00,£4.44/100g,null,chilled_desserts,2024-11-05
Tesco Finest Mixed Berry Trifle 550g,£4.40,£0.80/100g,£3.90 Clubcard Price,chilled_desserts,2024-11-05
Tesco Lemon Meringue Pie 520G,£4.00,£0.77/100g,null,chilled_desserts,2024-11-05
Tesco Strawberry Trifle 600G,£3.30,£0.55/100g,£2.80 Clubcard Price,chilled_desserts,2024-11-05
Tesco Loaded Triple Chocolate Brownie 380G,£4.00,£1.05/100g,null,chilled_desserts,2024-11-05
Bonne Maman baba au rhum Dessert 2x140g,£3.20,£1.14/100g,null,chilled_desserts,2024-11-05
Tesco Raspberry Trifle 600g,£3.30,£0.55/100g,null,chilled_desserts,2024-11-05
Tesco Chocolate Cake 375G,£3.50,£0.93/100g,null,chilled_desserts,2024-11-05
Tesco Triple Chocolate Trifle 500G,£3.30,£0.66/100g,null,chilled_desserts,2024-11-05
Gu Free From Zillionaires Cheesecake 2X91.5G,£3.95,£2.16/100g,Save 25% £2.95 Clubcard Price,chilled_desserts,2024-11-05
Gu Free From Lemon Cheesecakes 2X92g,£3.95,£2.15/100g,Save 25% £2.95 Clubcard Price,chilled_desserts,2024-11-05
Tesco Limoncello Dessert 2X85g,£2.10,£1.24/100g,null,chilled_desserts,2024-11-05
Gu Free From Salted Caramel Cheesecake 2 X 83G,£3.95,£2.38/100g,Save 25% £2.95 Clubcard Price,chilled_desserts,2024-11-05
Gu Free From Chocolate & Vanilla Cheesecake 2X82g,£3.95,£2.41/100g,Save 25% £2.95 Clubcard Price,chilled_desserts,2024-11-05
Hayden's Strawberry Trifle 472g,£2.75,£0.58/100g,null,chilled_desserts,2024-11-05
The Coconut Collaborative Chocolate & Cream Dairy Free Dessert 4X60g,£2.95,£1.23/100g,Save 25% £2.20 Clubcard Price,chilled_desserts,2024-11-05
Tesco Finest 2 Raspberry Meringue Clouds 96g,null,null,£3.00 Clubcard Price,chilled_desserts,2024-11-05
Gu Strawberry & Clotted Cream Cheesecake 2X87g,£3.75,£2.16/100g,Save 1/3 £2.50 Clubcard Price,chilled_desserts,2024-11-05
Bonne Maman Blackcurrant Mousse Dessert 2x70g,£2.20,£1.57/100g,null,chilled_desserts,2024-11-05
Th Dd Co. Mummified Eclairs 2 Pack,null,null,£2.00 Clubcard Price,chilled_desserts,2024-11-05
The Delicious Dessert Company Triple Chocolate Eclairs 2 Pack,null,null,£2.00 Clubcard Price,chilled_desserts,2024-11-05
Tesco 2 Cream & Strawberry Jam Doughnuts,£1.75,£0.88/each,£1.50 Clubcard Price,chilled_desserts,2024-11-05
The Delicious Dessert Company Blonde Chocolate Éclairs 2pk,null,null,£2.00 Clubcard Price,chilled_desserts,2024-11-05
Tesco 2 Belgian Chocolate Eclairs,£1.75,£0.88/each,null,chilled_desserts,2024-11-05
Ms Molly's 2 Belgian Chocolate Eclairs,£0.75,£0.38/each,null,chilled_desserts,2024-11-05
Ms Molly's 2 Strawberry Jam Doughnuts,£0.75,£0.38/each,null,chilled_desserts,2024-11-05
Tesco Finest Belgian Chocolate & Cornish Sea Salted Caramel Tart 310g,£5.50,£1.77/100g,null,chilled_desserts,2024-11-05
English Cheesecake Company Lotus Biscoff Cheesecake Sundaes 2X87.5G,£3.75,£2.14/100g,null,chilled_desserts,2024-11-05
Gu Chocolate & Salted Caramel Brownie Dessert 2X80g,£3.75,£2.34/100g,null,chilled_desserts,2024-11-05
Gu Double Chocolate Brownie Dessert 2X79g,£3.75,£2.37/100g,null,chilled_desserts,2024-11-05
Tesco Fresh Custard 500G,£2.35,£0.47/100g,null,chilled_desserts,2024-11-05
English Cheesecake Company 2 Salted Chocolate Cheesecake Slices 214g,£3.75,£1.75/100g,null,chilled_desserts,2024-11-05
Gu Hazelnut Praline Zillionaire Cheesecake 2X86.5G,£3.75,£2.17/100g,null,chilled_desserts,2024-11-05
Gü Chocolate Hazelnut Praline Brownie Dessert 2x75g,£3.75,£2.50/100g,null,chilled_desserts,2024-11-05
Tesco Finest Crème Brulee Cheesecake 450g,£5.50,£1.22/100g,null,chilled_desserts,2024-11-05
Tesco Belgian Chocolate Brownie Cheesecake 400g,£5.00,£1.25/100g,null,chilled_desserts,2024-11-05
Tesco Finest 2 Pecan Pies 140g,£3.50,£2.50/100g,null,chilled_desserts,2024-11-05
Tesco Belgian Chocolate Sponge Pudding 340g,£4.00,£1.18/100g,null,chilled_desserts,2024-11-05
Tesco Toffee Apple Sponge Pudding 330g,£4.00,£1.21/100g,null,chilled_desserts,2024-11-05
Gu Milk Chocolate Mousse 2x52g,£2.50,£2.40/100g,null,chilled_desserts,2024-11-05
Tesco Raspberry Bakewell Tart 350g,£4.00,£1.14/100g,null,chilled_desserts,2024-11-05
Cadbury Caramilk Golden Caramel Chocolate Dessert Pot 350g,£3.00,£0.86/100g,null,chilled_desserts,2024-11-05
Cadbury Dairy Milk Pots Of Joy 350G,£3.00,£0.86/100g,null,chilled_desserts,2024-11-05
Nestle After Eight Mousse 4X57g,£2.20,£0.96/100g,null,chilled_desserts,2024-11-05
Gu New York Cheesecakes 2X80g,£2.45,£1.53/100g,null,chilled_desserts,2024-11-05
Cadbury Crunchie Milk Chocolate Desserts 4X75g,£3.50,£1.17/100g,£2.50 Clubcard Price,chilled_desserts,2024-11-05
Cadbury Dairy Milk Button & Chunk Desserts 4x75g,null,null,£2.50 Clubcard Price,chilled_desserts,2024-11-05
Gu Banoffee Cheesecake Desserts 2x86g,£3.75,£2.18/100g,Save 1/3 £2.50 Clubcard Price,chilled_desserts,2024-11-05
Tesco Finest Coffee Mousse 100G,£1.00,£1.00/100g,null,chilled_desserts,2024-11-05
Cadbury Dairy Milk Big Orange Pots Of Joy 350G,£3.00,£0.86/100g,null,chilled_desserts,2024-11-05
GetPro 20g Chocolate High Protein Mousse 200g,£2.50,£1.25/100g,Any 3 for 2 Clubcard Price - Cheapest Product Free - Selected Danone Getpro,chilled_desserts,2024-11-05
Cadbury Caramilk Mousse 4x45g,£2.00,£1.11/100g,null,chilled_desserts,2024-11-05
Cadbury Dairy Milk Mousse 4x45g,£2.00,£1.11/100g,null,chilled_desserts,2024-11-05
Ferrero Kinder Pingui 4 X 30G,£1.85,£1.54/100g,£1.40 Clubcard Price,chilled_desserts,2024-11-05
GetPro 18g Chocolate & Hazelnut High Protein Pudding 180g,£1.85,£1.03/100g,Any 3 for 2 Clubcard Price - Cheapest Product Free - Selected Danone Getpro,chilled_desserts,2024-11-05
Cadbury Dairy Milk Caramel Layers of Joy 2x90g,£1.75,£0.97/100g,£1.50 Clubcard Price,chilled_desserts,2024-11-05
Yorkie Milk Chocolate Dessert 2x65g,£1.85,£1.42/100g,null,chilled_desserts,2024-11-05
Tesco Lemon Meringue Sundae 125g,£1.40,£1.12/100g,null,chilled_desserts,2024-11-05
Miss Molly's Chocolate Supremes 85g x 6 Pack,£1.60,£0.31/100g,null,chilled_desserts,2024-11-05
GetPro 18g Caramel High Protein Pudding 180g,£1.85,£1.03/100g,Any 3 for 2 Clubcard Price - Cheapest Product Free - Selected Danone Getpro,chilled_desserts,2024-11-05
Nestle Aero Peppermint Chocolate Mousse 4x58g,£1.90,£0.82/100g,£1.00 Clubcard Price,chilled_desserts,2024-11-05
Cadbury Dairy Milk Pots Of Joy Dessert 2x60g,£1.85,£1.85/each,£1.00 Clubcard Price,chilled_desserts,2024-11-05
Cadbury Dairy Milk Caramel Pots of Joy Desserts 2x60g,£1.85,£1.54/100g,£1.00 Clubcard Price,chilled_desserts,2024-11-05
9. Tesco Finest Chef’s Collection Morello Cherry & Chocolate Delice 900g (Serves 10),£20.00,£2.22/100g,£18.00 Clubcard Price,chilled_desserts,2024-11-05
85. Tesco Finest 18 Mini Tarts Selection (Serves 18),£15.00,£2.91/100g,£13.00 Clubcard Price,chilled_desserts,2024-11-05
79. Tesco Finest Triple Chocolate Ombre Cheesecake 710g (Serves 8),£13.00,£1.83/100g,£11.00 Clubcard Price,chilled_desserts,2024-11-05
82. Tesco Finest Caramel Chocolate Cascade Pudding 670g (Serves 8),£13.00,£1.94/100g,£11.00 Clubcard Price,chilled_desserts,2024-11-05
76. Tesco Candy Cane Celebration Cake (Serves 16),£14.00,£14.00/each,£12.50 Clubcard Price,chilled_desserts,2024-11-05
78. Tesco Finest Orange & Mascarpone Highwall Cheesecake 650g (Serves 6),£12.00,£2.14/100g,£10.00 Clubcard Price,chilled_desserts,2024-11-05
83. Tesco Finest Caramelised Biscuit & Belgian Chocolate Highwall Cheesecake 650g (Serves 6),£12.00,£1.85/100g,£10.00 Clubcard Price,chilled_desserts,2024-11-05
81. Tesco Finest Sticky Toffee and Pecan Croissant Star 650g (Serves 6),£10.00,£1.54/100g,£9.00 Clubcard Price,chilled_desserts,2024-11-05
80. Tesco Finest Free From Tiffin Bauble 605g (Serves 10),£10.00,£1.65/100g,null,chilled_desserts,2024-11-05
Tesco Finest Sticky Toffee Pudding 400g,£5.00,£1.25/100g,null,chilled_desserts,2024-11-05
Tesco Finest 2 Dark Rum & Pineapple Upside Down Puddings 220g,£3.50,£1.59/100g,null,chilled_desserts,2024-11-05
"Tesco Finest Banana, Butterscotch & Pecan Sponge Puddings 260g",£3.50,£1.35/100g,null,chilled_desserts,2024-11-05
Tesco Finest 2 Melt in the Middle Chocolate Fondants 310g,£3.50,£1.13/100g,null,chilled_desserts,2024-11-05
Arla Protein Salted Caramel Flavoured Pudding 200G,£1.75,£0.88/100g,£1.25 Clubcard Price,chilled_desserts,2024-11-05
Tesco 2 Creme Brulee 180g,£2.25,£1.25/100g,null,chilled_desserts,2024-11-05
English Cheesecake Company Billionaire Milk Chocolate Cheesecake 2x90g,£3.75,£2.08/100g,Save 1/3 £2.50 Clubcard Price,chilled_desserts,2024-11-05
Muller Corner Plant Based Yoghurt Crunchy Chocolate Balls 125g,£1.35,£10.80/kg,Save 25% £1.00 Clubcard Price,chilled_desserts,2024-11-05
Muller Corner Plant Based Yoghurt Strawberry & Pomegranate 136g,£1.35,£9.93/kg,Save 25% £1.00 Clubcard Price,chilled_desserts,2024-11-05
Tesco Finest 2 White Chocolate Raspberry & Pistachio Cheesecakes 150G,£3.50,£2.33/100g,null,chilled_desserts,2024-11-05
Muller Light Choc Pot Chocolate Desserts 4x80g,£2.30,£0.72/100g,null,chilled_desserts,2024-11-05
Muller Light Choc Pot Caramel Layers Desserts  4x80g,£2.30,£0.72/100g,null,chilled_desserts,2024-11-05
Gu Speculoos Sponge Dessert 2x72.5,£2.50,£1.72/100g,null,chilled_desserts,2024-11-05
Gu Tiramisu Cheesecake Dessert 2x80g,£2.50,£1.56/100g,null,chilled_desserts,2024-11-05
Tesco 2 Chocolate Sponge Puddings 210g,£2.75,£1.31/100g,£2.40 Clubcard Price,chilled_desserts,2024-11-05
Muller Light Choc Pot  Chocolate Orange Desserts 4x80g,£2.30,£0.72/100g,null,chilled_desserts,2024-11-05
Gu Speculoos Cheesecake Dessert 2x82g,£3.75,£2.29/100g,Save 1/3 £2.50 Clubcard Price,chilled_desserts,2024-11-05
Muller Light Choc Pot White Chocolate Desserts 4 x 80g,£2.30,£7.19/kg,null,chilled_desserts,2024-11-05
Tesco Strawberry Trifles (3 x 135g) 405g,£2.00,£0.49/100g,null,chilled_desserts,2024-11-05
Gu Ultimate Chocolate Cheesecake Desserts 2x85g,null,null,Save 1/3 £2.50 Clubcard Price,chilled_desserts,2024-11-05
Gu Black Forest Cheesecake Desserts 2x88g,£3.75,£2.13/100g,Save 1/3 £2.50 Clubcard Price,chilled_desserts,2024-11-05
Bonne Maman Lemon Creme 2x90g,£2.20,£1.22/100g,null,chilled_desserts,2024-11-05
Oddly Good Dreamy Berries Dessert 130g,£1.60,£12.31/kg,null,chilled_desserts,2024-11-05
Flora Plant Cream Double 250ml,£1.55,£0.62/100ml,null,chilled_desserts,2024-11-05
Tesco Raspberry Trifles (3 x 135g) 405g,£2.00,£0.49/100g,null,chilled_desserts,2024-11-05
Tesco Chocolate Trifles (3 x 119g) 357g,£2.00,£0.56/100g,null,chilled_desserts,2024-11-05
The Coconut Collab Chocolate & Caramel Dessert 110g,£1.50,£1.36/100g,£1.25 Clubcard Price,chilled_desserts,2024-11-05
Tesco Rhubarb Fool 114G,£0.95,£0.83/100g,null,chilled_desserts,2024-11-05
Tesco Creme Caramel 4x100g,£1.15,£0.29/100g,null,chilled_desserts,2024-11-05
Ms Molly's Strawberry Trifles (2 x 115g) 230g,£0.85,£0.37/100g,null,chilled_desserts,2024-11-05
Cadbury Layers Of Joy Seasonal Trifle 550G,£3.50,£0.64/100g,null,chilled_desserts,2024-11-05
La Famiglia Rana Sundried Tomato & Pecorino Cheese Fresh Sauce 200g,£2.75,£1.38/100g,£2.25 Clubcard Price,pizza_pasta_gbread,2024-11-05
La Famiglia Rana Mushroom & Roasted Garlic Fresh Sauce 200g,£2.75,£1.38/100g,£2.25 Clubcard Price,pizza_pasta_gbread,2024-11-05
La Famiglia Rana Sicilian Style Vegetables Fresh Sauce 200g,£2.75,£1.38/100g,£2.25 Clubcard Price,pizza_pasta_gbread,2024-11-05
Pizza Express Margherita Pizza 245G,£5.50,£2.24/100g,null,pizza_pasta_gbread,2024-11-05
Tesco Finest Spicy Salami & Red Chilli Pizza 405G,£4.75,£1.17/100g,TESCO FINEST* Meal Deal for £6 Clubcard Price - Buy 1 Pizza & 1 Bread,pizza_pasta_gbread,2024-11-05
Pizza Express American Pizza 250G,£5.50,£2.20/100g,null,pizza_pasta_gbread,2024-11-05
Tesco Finest Buffalo Mozzarella & Tomato Pizza 420G,£4.75,£1.13/100g,TESCO FINEST* Meal Deal for £6 Clubcard Price - Buy 1 Pizza & 1 Bread,pizza_pasta_gbread,2024-11-05
Tesco Finest Ham Mushroom Mascarpone Pizza 450G,£4.75,£1.06/100g,TESCO FINEST* Meal Deal for £6 Clubcard Price - Buy 1 Pizza & 1 Bread,pizza_pasta_gbread,2024-11-05
Pizza Express Dough Balls 200G,£3.80,£1.90/100g,null,pizza_pasta_gbread,2024-11-05
Tesco Finest Basil Pesto 130G,£2.75,£2.12/100g,null,pizza_pasta_gbread,2024-11-05
Tesco Fresh Lasagne Sheets 250G,£2.00,£8.00/kg,null,pizza_pasta_gbread,2024-11-05
Tesco Fresh Potato Gnocchi Pasta 400 G,£1.85,£4.62/kg,null,pizza_pasta_gbread,2024-11-05
The Pizza Company Deep Filled Garlic Bread 2 Pack,£3.25,£1.41/100g,"THE PIZZA COMPANY Meal Deal for £6 Clubcard Price - Buy 1 Pizza, 1 Side & 1 Dip",pizza_pasta_gbread,2024-11-05
Tesco Tomato & Basil Sauce 350G,null,null,null,pizza_pasta_gbread,2024-11-05
Tesco Arrabbiata Sauce 350G,null,null,null,pizza_pasta_gbread,2024-11-05
Tesco Tomato & Mascarpone Sauce 350G,£1.90,£0.54/100g,null,pizza_pasta_gbread,2024-11-05
Tesco Finest Garlic & Extra Virgin Olive Oil Flatbread 200G,£2.60,£1.30/100g,TESCO FINEST* Meal Deal for £6 Clubcard Price - Buy 1 Pizza & 1 Bread,pizza_pasta_gbread,2024-11-05
Pizza Express Garlic Dough Balls 95 G,£2.15,£2.26/100g,£1.65 Clubcard Price,pizza_pasta_gbread,2024-11-05
Tesco Cheese & Garlic Flatbread 230G,£1.90,£0.83/100g,null,pizza_pasta_gbread,2024-11-05
Tesco Garlic & Rosemary Flatbread 220G,£1.90,£0.86/100g,null,pizza_pasta_gbread,2024-11-05
Tesco Sunblush Tomato & Garlic Flatbread 235 G,£1.90,£0.81/100g,null,pizza_pasta_gbread,2024-11-05
Tesco Thin & Crispy Cheese Feast Pizza 261G,£2.10,£0.80/100g,null,pizza_pasta_gbread,2024-11-05
Tesco 2X Extra Strong Garlic Baguettes 410G,£1.80,£0.44/100g,null,pizza_pasta_gbread,2024-11-05
Tesco 2 Garlic Baguettes 410g,£1.80,£0.44/100g,null,pizza_pasta_gbread,2024-11-05
"Tesco Garlic Ciabatta Slice 8 Pack, 360 G",£2.15,£0.60/100g,null,pizza_pasta_gbread,2024-11-05
Tesco Finest Garlic & Parsley Ciabatta 255G,£2.60,£1.02/100g,TESCO FINEST* Meal Deal for £6 Clubcard Price - Buy 1 Pizza & 1 Bread,pizza_pasta_gbread,2024-11-05
Tesco Cheese Sauce 350G,£1.90,£0.54/100g,null,pizza_pasta_gbread,2024-11-05
Tesco Finest Cheddar & Onion Flatbread 295 G,£2.60,£0.88/100g,TESCO FINEST* Meal Deal for £6 Clubcard Price - Buy 1 Pizza & 1 Bread,pizza_pasta_gbread,2024-11-05
Tesco Carbonara Sauce 350G,null,null,null,pizza_pasta_gbread,2024-11-05
Tesco Thin & Crispy Pepperoni Pizza 272G,£2.10,£0.77/100g,null,pizza_pasta_gbread,2024-11-05
Tesco Fresh Tagliatelle Nests 300g,£1.35,£4.50/kg,null,pizza_pasta_gbread,2024-11-05
The Pizza Company Cookie Dough Dessert 150G,£3.25,£2.17/100g,"THE PIZZA COMPANY Meal Deal for £6 Clubcard Price - Buy 1 Pizza, 1 Side & 1 Dip",pizza_pasta_gbread,2024-11-05
Tesco Spaghetti 300G,£1.35,£4.50/kg,null,pizza_pasta_gbread,2024-11-05
Tesco Linguine 300G,£1.35,£4.50/kg,null,pizza_pasta_gbread,2024-11-05
Tesco Fusilli 300G,£1.35,£4.50/kg,null,pizza_pasta_gbread,2024-11-05
Tesco Penne 300G,£1.35,£4.50/kg,null,pizza_pasta_gbread,2024-11-05
Tesco Spinach & Ricotta Fresh Tortelloni 300g,£1.59,£5.30/kg,null,pizza_pasta_gbread,2024-11-05
Tesco Sausage & Ham Fresh Tortelloni 300g,£1.59,£5.30/kg,null,pizza_pasta_gbread,2024-11-05
Tesco Cheese & Tomato Fresh Tortelloni 300g,£1.59,£5.30/kg,null,pizza_pasta_gbread,2024-11-05
Tesco Chicken & Chorizo Fresh Tortelloni 300g,£1.59,£5.30/kg,null,pizza_pasta_gbread,2024-11-05
Tesco Four Cheese Tortelloni 300G,£1.59,£5.30/kg,null,pizza_pasta_gbread,2024-11-05
Tesco Garlic Flatbread 255G,£2.30,£0.90/100g,Better than Half Price £1.00 Clubcard Price,pizza_pasta_gbread,2024-11-05
Tesco Garlic Baguette 205G,£1.00,£0.49/100g,null,pizza_pasta_gbread,2024-11-05
Hearty Food Co. Cheese & Tomato Pizza 114G,null,null,null,pizza_pasta_gbread,2024-11-05
Hearty Food Co Cheese & Ham Pizza 124G,£0.65,£0.52/100g,null,pizza_pasta_gbread,2024-11-05
Hearty Food Co. Cheese Pizza 300G,£0.99,£0.33/100g,null,pizza_pasta_gbread,2024-11-05
Tesco Finest Funghi e Tartufo 470g,£5.75,£1.22/100g,null,pizza_pasta_gbread,2024-11-05
Franco Manca Beef Meatball Red Onion & Pecorino Pizza 476G,£5.75,£1.21/100g,null,pizza_pasta_gbread,2024-11-05
Franco Manca Salami Onion Chilli Infused Honey Pizza 475G,£5.75,£1.21/100g,null,pizza_pasta_gbread,2024-11-05
"Franco Manca Halmi,Peprs Chilli Honey Pizza 470G",£5.75,£1.22/100g,null,pizza_pasta_gbread,2024-11-05
"Tesco Finest La Pepato Porchetta, Pecorino and Pepper Pizza 445g",£5.75,£1.29/100g,null,pizza_pasta_gbread,2024-11-05
Crosta & Mollica Formaggi Sourdough Pizza 410g,£5.75,£1.40/100g,£5.00 Clubcard Price,pizza_pasta_gbread,2024-11-05
Crosta & Mollica Regina Pizza 448g,£5.75,£1.28/100g,£5.00 Clubcard Price,pizza_pasta_gbread,2024-11-05
Pizza Express Slsc Sloppy Giuseppe 292G,£5.50,£1.88/100g,null,pizza_pasta_gbread,2024-11-05
Tesco Finest Spinach Ricotta Girasoli 250G,£3.25,£13.00/kg,null,pizza_pasta_gbread,2024-11-05
Tesco Finest Spiced Chicken With Lime & Mint Raita Pizza 400G,£4.75,£1.19/100g,TESCO FINEST* Meal Deal for £6 Clubcard Price - Buy 1 Pizza & 1 Bread,pizza_pasta_gbread,2024-11-05
Pizza Express Classic Margherita Formaggi 393g,£6.00,£1.53/100g,Save 25% £4.50 Clubcard Price,pizza_pasta_gbread,2024-11-05
Tesco Finest Il Picante 490g,null,null,null,pizza_pasta_gbread,2024-11-05
Pizza Express Classic Pollo Ad Astra 409g,£6.00,£1.47/100g,Save 25% £4.50 Clubcard Price,pizza_pasta_gbread,2024-11-05
Tesco Finest Butternut Squash & Provola Girasoli 250G,£3.25,£13.00/kg,null,pizza_pasta_gbread,2024-11-05
Tesco Finest 3 Cheese & Chilli Jam Pizza 396G,£4.75,£1.20/100g,TESCO FINEST* Meal Deal for £6 Clubcard Price - Buy 1 Pizza & 1 Bread,pizza_pasta_gbread,2024-11-05
"Tesco Finest Nduja, Mascarpone, Red Onion Ravioli 250G",£3.25,£13.00/kg,null,pizza_pasta_gbread,2024-11-05
Tesco Finest Porcini & Black Truffle Mezzelune 250G,£3.25,£13.00/kg,null,pizza_pasta_gbread,2024-11-05
Pizza Express Classic La Reine 386g,£6.00,£1.55/100g,Save 25% £4.50 Clubcard Price,pizza_pasta_gbread,2024-11-05
Tesco Finest Goat Cheese & Caramelised Red Onion Ravioli 250G,£3.25,£13.00/kg,null,pizza_pasta_gbread,2024-11-05
Pizza Express Classic Pollo American 417g,£6.00,£1.44/100g,Save 25% £4.50 Clubcard Price,pizza_pasta_gbread,2024-11-05
Tesco Finest Salsiccia Picante With Hot Honey Pizza 400G,£4.75,£1.19/100g,TESCO FINEST* Meal Deal for £6 Clubcard Price - Buy 1 Pizza & 1 Bread,pizza_pasta_gbread,2024-11-05
Tesco Finest Pomodorini & 'Vino Chianti DOP' Sauce 250g,£2.80,£1.12/100g,null,pizza_pasta_gbread,2024-11-05
Tesco Finest Spicy Garlic King Prawn Pizza 450G,£4.75,£1.06/100g,TESCO FINEST* Meal Deal for £6 Clubcard Price - Buy 1 Pizza & 1 Bread,pizza_pasta_gbread,2024-11-05
Crosta & Mollica Pinsa Roman Pizza Tomato & Mozzarella 154g,£3.50,£2.27/100g,£3.00 Clubcard Price,pizza_pasta_gbread,2024-11-05
Crosta & Mollica Pinsa Roman Pizza Salami & Mozzarella 160g,£3.50,£2.19/100g,£3.00 Clubcard Price,pizza_pasta_gbread,2024-11-05
Pizza Express Garlic & Mozzarella Flatbread 290G,£3.50,£1.21/100g,null,pizza_pasta_gbread,2024-11-05
Tesco Finest Mixed Olive Focaccia 285g,£3.50,£1.23/100g,£3.00 Clubcard Price,pizza_pasta_gbread,2024-11-05
La Famiglia Rana Sundried Tomato & Pecorino Cheese Fresh Sauce 200g,£2.75,£1.38/100g,£2.25 Clubcard Price,pizza_pasta_gbread,2024-11-05
La Famiglia Rana Sicilian Style Vegetables Fresh Sauce 200g,£2.75,£1.38/100g,£2.25 Clubcard Price,pizza_pasta_gbread,2024-11-05
The Pizza Company Seasoned Potato Wedges 300G,£3.25,£1.08/100g,"THE PIZZA COMPANY Meal Deal for £6 Clubcard Price - Buy 1 Pizza, 1 Side & 1 Dip",pizza_pasta_gbread,2024-11-05
Pizza Company Waffle Fries 300G,£3.25,£1.08/100g,"THE PIZZA COMPANY Meal Deal for £6 Clubcard Price - Buy 1 Pizza, 1 Side & 1 Dip",pizza_pasta_gbread,2024-11-05
Tesco Finest Sunsoaked Tomato & Mozzarella Focaccia 305g,£3.50,£1.15/100g,£3.00 Clubcard Price,pizza_pasta_gbread,2024-11-05
Tesco Kids Cheese & Tomato 2 Pizzas 232G,£2.25,£0.97/100g,null,pizza_pasta_gbread,2024-11-05
Tesco Finest Buffalo Mozzarella Tomo Pizza 220G,£3.20,£1.46/100g,null,pizza_pasta_gbread,2024-11-05
The Pizza Company Garlic Doughballs 165G,£3.25,£1.97/100g,"THE PIZZA COMPANY Meal Deal for £6 Clubcard Price - Buy 1 Pizza, 1 Side & 1 Dip",pizza_pasta_gbread,2024-11-05
Tesco Finest Four Cheese Bread With Pangratatto 245G,£2.60,£1.06/100g,TESCO FINEST* Meal Deal for £6 Clubcard Price - Buy 1 Pizza & 1 Bread,pizza_pasta_gbread,2024-11-05
Tesco Plant Chef Margherita Pizza 269G,£3.15,£1.17/100g,null,pizza_pasta_gbread,2024-11-05
Tesco Plant Chef Mushroom Pizza 289G,null,null,null,pizza_pasta_gbread,2024-11-05
Pizza Express Pollo Pasta Chicken 650G,£6.30,£0.97/100g,£4.50 Clubcard Price,pizza_pasta_gbread,2024-11-05
Pizza Express Garlic & Mozzarella Flatbread 185G,£3.00,£1.62/100g,£1.65 Clubcard Price,pizza_pasta_gbread,2024-11-05
Pizza Company Cajun Onion Rings 300G,£3.25,£1.08/100g,"THE PIZZA COMPANY Meal Deal for £6 Clubcard Price - Buy 1 Pizza, 1 Side & 1 Dip",pizza_pasta_gbread,2024-11-05
The Pizza Co Chicken Pops 128G,£3.25,£2.54/100g,"THE PIZZA COMPANY Meal Deal for £6 Clubcard Price - Buy 1 Pizza, 1 Side & 1 Dip",pizza_pasta_gbread,2024-11-05
Franco Manca Middle Eastern Inspired Lamb with Feta & Red Onion pizza 450g,£5.75,£1.28/100g,null,pizza_pasta_gbread,2024-11-05
Franco Manca Greek Inspired Chicken Gyros Pizza with Garlic & Mint 470g,£5.75,£1.22/100g,null,pizza_pasta_gbread,2024-11-05
Crosta & Mollica Margherita Pizza 403g,£5.75,£1.43/100g,£5.00 Clubcard Price,pizza_pasta_gbread,2024-11-05
"La Famiglia Rana Prawn, Burrata & Lemon Zest Girasoli 250g",£4.00,£16.00/kg,null,pizza_pasta_gbread,2024-11-05
La Famiglia Rana Braised Beef with Red Wine Ravioli 250g,£4.00,£16.00/kg,null,pizza_pasta_gbread,2024-11-05
Crosta & Mollica Fiorentina Pizza 453g,£5.75,£1.27/100g,£5.00 Clubcard Price,pizza_pasta_gbread,2024-11-05
Pizza Express Spinach & Ricotta Pizza 287g,£5.50,£1.92/100g,null,pizza_pasta_gbread,2024-11-05
Pizza Express BBQ Chicken & Red Onion Pizza 272g,£5.50,£2.02/100g,null,pizza_pasta_gbread,2024-11-05
Crosta & Mollica Stromboli Spicy Salami Sourdough Pizza 447g,£5.75,£1.29/100g,£5.00 Clubcard Price,pizza_pasta_gbread,2024-11-05
Tesco Finest Slow Cooked Beef Ragu Ravioli 250G,£3.25,£13.00/kg,null,pizza_pasta_gbread,2024-11-05
Tesco Finest Pork Wild Garlic & Fennel Mezzelune 250G,£3.25,£13.00/kg,null,pizza_pasta_gbread,2024-11-05
Tesco Finest Prawn Chilli & Lemon Girasoli 250G,£3.25,£13.00/kg,null,pizza_pasta_gbread,2024-11-05
La Famiglia Rana Garlic & Mozzarella Gnocchi 280g,£3.00,£10.71/kg,null,pizza_pasta_gbread,2024-11-05
La Famiglia Rana Spinach & Mozzarella Filled Gnocchi 280G,£3.00,£10.71/kg,null,pizza_pasta_gbread,2024-11-05
La Famiglia Rana Prosciutto & Mozzarella Tortelloni 250G,£3.00,£12.00/kg,£2.50 Clubcard Price,pizza_pasta_gbread,2024-11-05
La Famiglia Rana Mushroom & Mascarpone Tortelloni 250g,£3.00,£12.00/kg,£2.50 Clubcard Price,pizza_pasta_gbread,2024-11-05
La Famiglia Rana Bolognese Fresh Tortelloni 250g,£3.00,£12.00/kg,£2.50 Clubcard Price,pizza_pasta_gbread,2024-11-05
La Famiglia Rana Chicken & Smoked Pancetta Fresh Tortelloni 250g,£3.00,£12.00/kg,£2.50 Clubcard Price,pizza_pasta_gbread,2024-11-05
La Famiglia Rana Spinach & Ricotta Fresh Tortelloni 250g,£3.00,£12.00/kg,£2.50 Clubcard Price,pizza_pasta_gbread,2024-11-05
Tesco Free From Spinach & Basil Ravioli 250g,£3.00,£12.00/kg,null,pizza_pasta_gbread,2024-11-05
Tesco Finest Mezzi Rigatoni 300g,£2.00,£6.67/kg,null,pizza_pasta_gbread,2024-11-05
Tesco Finest Reginette 300g,£2.00,£6.67/kg,null,pizza_pasta_gbread,2024-11-05
Tesco Fresh Tagliatelle Nests 500G,£2.25,£4.50/kg,null,pizza_pasta_gbread,2024-11-05
Tesco Penne Pasta 500G,£2.25,£4.50/kg,null,pizza_pasta_gbread,2024-11-05
THE PIZZA COMPANY THE BIG CHEESE STUFFED CRUST PIZZA 611g,£5.25,£5.25/each,"THE PIZZA COMPANY Meal Deal for £6 Clubcard Price - Buy 1 Pizza, 1 Side & 1 Dip",pizza_pasta_gbread,2024-11-05
The Pizza Company Chocolate Brownie 160g,£3.25,£2.03/100g,"THE PIZZA COMPANY Meal Deal for £6 Clubcard Price - Buy 1 Pizza, 1 Side & 1 Dip",pizza_pasta_gbread,2024-11-05
The Pizza Company Bbq Chicken & Bacon Bonanza 525G,£5.25,£1.00/100g,"THE PIZZA COMPANY Meal Deal for £6 Clubcard Price - Buy 1 Pizza, 1 Side & 1 Dip",pizza_pasta_gbread,2024-11-05
Tesco Stonebaked Classic Margherita Pizza 306g,£3.50,£1.14/100g,£2.00 Clubcard Price,pizza_pasta_gbread,2024-11-05
The Pizza Company Garlic & Herb Dip 90G,£1.50,£1.67/100g,"THE PIZZA COMPANY Meal Deal for £6 Clubcard Price - Buy 1 Pizza, 1 Side & 1 Dip",pizza_pasta_gbread,2024-11-05
The Pizza Company The Meat Metropolis 497G,£5.25,£1.06/100g,"THE PIZZA COMPANY Meal Deal for £6 Clubcard Price - Buy 1 Pizza, 1 Side & 1 Dip",pizza_pasta_gbread,2024-11-05
Tesco Stonebaked The American Pepperoni Pizza 311g,£3.50,£1.12/100g,£2.00 Clubcard Price,pizza_pasta_gbread,2024-11-05
Tesco Stonebaked Four Cheese Feast Pizza 290g,£3.50,£1.21/100g,£2.00 Clubcard Price,pizza_pasta_gbread,2024-11-05
Tesco Ham & Cheese Fresh Tortelloni 300G,£1.59,£5.30/kg,null,pizza_pasta_gbread,2024-11-05
THE PIZZA COMPANY PEPPERONI PARTY STUFFED CRUST PIZZA 613g,£5.25,£0.86/100g,"THE PIZZA COMPANY Meal Deal for £6 Clubcard Price - Buy 1 Pizza, 1 Side & 1 Dip",pizza_pasta_gbread,2024-11-05
Tesco Beef Bolognese Fresh Ravioli 300g,£1.59,£5.30/kg,null,pizza_pasta_gbread,2024-11-05
Tesco Stonebaked Pesto Veggie Pizza 359g,£3.50,£0.98/100g,£2.00 Clubcard Price,pizza_pasta_gbread,2024-11-05
The Pizza Company Bbq Dip 90G,£1.50,£1.67/100g,"THE PIZZA COMPANY Meal Deal for £6 Clubcard Price - Buy 1 Pizza, 1 Side & 1 Dip",pizza_pasta_gbread,2024-11-05
"Tesco Stonebaked ""The Hawaiian"" Ham & Pineapple Pizza 351g",£3.50,£1.00/100g,£2.00 Clubcard Price,pizza_pasta_gbread,2024-11-05
Tesco Stonebaked BBQ Chicken Pizza 341g,£3.50,£1.03/100g,£2.00 Clubcard Price,pizza_pasta_gbread,2024-11-05
Tesco Stonebaked Spicy Beef Pizza 327g,£3.50,£1.07/100g,£2.00 Clubcard Price,pizza_pasta_gbread,2024-11-05
Tesco Stonebaked Mighty Meat Feast Pizza 327g,£3.50,£1.07/100g,£2.00 Clubcard Price,pizza_pasta_gbread,2024-11-05
Hearty Food Co Garlic Twin Baguette 340G,£0.74,£0.22/100g,null,pizza_pasta_gbread,2024-11-05
La Famiglia Rana Mushroom & Roasted Garlic Fresh Sauce 200g,£2.75,£1.38/100g,£2.25 Clubcard Price,pizza_pasta_gbread,2024-11-05
Crosta & Mollica Sourdough Pizza Base with Tomato Sauce 270g,£2.45,£0.91/100g,null,pizza_pasta_gbread,2024-11-05
Fresh Ideas Garlic & Herb Dip 60G,£1.00,£1.67/100g,null,pizza_pasta_gbread,2024-11-05
Old El Paso Regular Super Soft Flour Tortillas 8Pk 326G,£1.80,£0.55/100g,£1.50 Clubcard Price,bakery,2024-11-05
Soreen White Chocolate & Raspberry Loaves 5 Pack 150G,£1.50,£1.00/100g,£1.25 Clubcard Price,bakery,2024-11-05
Soreen Gingerbread Christmas Lunchbox Loaves 5 Pack 150G,£1.50,£1.00/100g,£1.25 Clubcard Price,bakery,2024-11-05
New York Bakery Plain Bagels 5 Pack,£1.90,£0.38/each,Save 1/3 £1.25 Clubcard Price,bakery,2024-11-05
Warburtons Thin Bagels Plain 6 Pack,£1.75,£0.29/each,£1.25 Clubcard Price,bakery,2024-11-05
Tesco All Butter Croissants 8 Pack,£2.00,£0.25/each,null,bakery,2024-11-05
Warburtons Farmhouse White Bread 800G,£1.60,£0.20/100g,null,bakery,2024-11-05
Hovis Original 7 Seeds Bread 800G,£1.85,£0.23/100g,null,bakery,2024-11-05
Tesco 8 Plain Tortilla Wraps,£1.20,£0.15/each,null,bakery,2024-11-05
Hovis Wholemeal Medium Bread 800G,£1.39,£0.17/100g,null,bakery,2024-11-05
Warburtons Toastie Sliced White Bread 800G,£1.40,£0.18/100g,null,bakery,2024-11-05
Hovis Soft White Medium Bread 800G,£1.39,£0.17/100g,null,bakery,2024-11-05
Warburtons Medium Sliced White Bread 800G,£1.40,£0.18/100g,null,bakery,2024-11-05
Kingsmill 50/50 Medium Bread 800G,£1.30,£0.16/100g,null,bakery,2024-11-05
Hovis Best Of Both Medium White Bread 800G,£1.25,£0.16/100g,null,bakery,2024-11-05
Tesco Finest Super Seeded Farmhouse Loaf 800G,£1.40,£0.18/100g,null,bakery,2024-11-05
Hovis Soft White Thick Bread 800G,£1.39,£0.17/100g,null,bakery,2024-11-05
H.W Nevills 8 Plain Tortilla Wraps,£0.99,£0.12/each,null,bakery,2024-11-05
Tesco Mince Pies 6 Pack,£1.50,£0.25/each,null,bakery,2024-11-05
Warburtons Crumpets 6 Pack,£0.79,£0.13/each,null,bakery,2024-11-05
H.W. Nevill's Part Baked Baguette 2 Pack,£0.85,£0.42/each,null,bakery,2024-11-05
Warburtons Crumpets 9 Pack,£1.15,£0.13/each,null,bakery,2024-11-05
Tesco Finest Mince Pies 6 Pack,null,null,Half Price £1.50 Clubcard Price,bakery,2024-11-05
Tesco Multiseed Batch 800G,£1.10,£0.14/100g,null,bakery,2024-11-05
Tesco 6 Scotch Pancakes,£0.49,£0.08/each,null,bakery,2024-11-05
Tesco Toastie White Bread Thick 800G,£0.75,£0.09/100g,null,bakery,2024-11-05
Tesco 6 Crumpets,£0.45,£0.08/each,null,bakery,2024-11-05
Tesco Wholemeal Medium Bread 800G,£0.75,£0.09/100g,null,bakery,2024-11-05
Tesco White Bread 800G,£0.74,£0.09/100g,null,bakery,2024-11-05
Tesco White Pitta Bread 6 Pack,£0.50,£0.08/each,null,bakery,2024-11-05
Tesco Finest Belgian Chocolate Yule Log,£6.50,£6.50/each,null,bakery,2024-11-05
Tesco Finest All Butter Croissants 4 Pack,£2.30,£0.58/each,null,bakery,2024-11-05
Tesco All Butter Pain Au Chocolat 4 Pack,£1.80,£0.45/each,null,bakery,2024-11-05
Tesco Butter Brioche Rolls 8 Pack,£1.60,£0.20/each,null,bakery,2024-11-05
Tesco 8 Mini White Tortilla Wraps,null,null,null,bakery,2024-11-05
Tesco Finest Christmas Pudding 100G,£1.50,£1.50/100g,£1.25 Clubcard Price,bakery,2024-11-05
Tesco Bake At Home Petit Pain 6 Pack,£1.15,£0.38/100g,Any 2 for £2 Clubcard Price - Tesco Baguettes Or Petit Pain 2 Or 6 Pack,bakery,2024-11-05
Hovis Granary Thick Bread 800G,£1.85,£0.23/100g,null,bakery,2024-11-05
Warburtons White Sliced Sandwich Rolls 12 Pack,£1.85,£0.15/each,null,bakery,2024-11-05
Cadbury Chocolate Mini Roll 5 Pack,£2.00,£0.40/each,null,bakery,2024-11-05
Warburtons 5 Pack Bagels Plain,£1.90,£0.38/each,null,bakery,2024-11-05
Tesco Finest Wholemeal Loaf 800G,£1.40,£0.18/100g,null,bakery,2024-11-05
Warburtons Wholemeal Medium Bread 800G,£1.35,£0.17/100g,null,bakery,2024-11-05
Tesco 8 Wholemeal Tortilla Wraps,£1.20,£0.15/each,null,bakery,2024-11-05
Warburtons White Sliced Sandwich Rolls 6 Pack,£1.20,£0.20/each,null,bakery,2024-11-05
Tesco 4 Brioche Buns,null,null,null,bakery,2024-11-05
Warburtons Toastie Sliced Small White Bread 400G,£0.99,£0.25/100g,null,bakery,2024-11-05
Warburtons Half And Half Medium Bread 800G,£1.35,£0.17/100g,null,bakery,2024-11-05
Warburtons Small Wholemeal Medium Bread 400G,£0.99,£0.25/100g,null,bakery,2024-11-05
Warburtons Fruit Teacakes 4 Pack,£1.35,£0.34/each,null,bakery,2024-11-05
Tesco English Muffins 4 Pack,£0.80,£0.20/each,null,bakery,2024-11-05
H.W.Nevills Plain Croissants 8 Pack,£1.39,£0.17/each,null,bakery,2024-11-05
Tiger Bloomer Loaf Sliced 800G,£1.50,£0.19/100g,null,bakery,2024-11-05
Tesco 6 Hot Cross Buns,£1.09,£0.18/each,null,bakery,2024-11-05
Mr Kipling 6 Snowflake Mince Pies,£2.50,£0.42/each,£1.50 Clubcard Price,bakery,2024-11-05
Tesco Wholemeal Pitta Bread 6 Pack,£0.50,£0.08/each,null,bakery,2024-11-05
Tesco White Batch Rolls 6 Pack,£0.49,£0.08/each,null,bakery,2024-11-05
H W Nevill's Wholemeal Bread 800G,£0.47,£0.06/100g,null,bakery,2024-11-05
Tesco Christmas Pudding 400G,£3.25,£0.81/100g,£2.50 Clubcard Price,bakery,2024-11-05
Tesco Sourdough Bloomer,£2.00,£2.00/each,null,bakery,2024-11-05
Warburton 4 Protein Thin Bagels,£1.75,£0.44/each,£1.25 Clubcard Price,bakery,2024-11-05
New York Bakery Sesame Bagels 5 Pack,£1.90,£0.38/each,Save 1/3 £1.25 Clubcard Price,bakery,2024-11-05
New York Bakery Cinnamon & Raisin Bagels 5 Pack,£1.90,£0.38/each,Save 1/3 £1.25 Clubcard Price,bakery,2024-11-05
Tesco Finest 2 White Baguettes With Sourdough250g,£1.80,£0.72/100g,£1.60 Clubcard Price,bakery,2024-11-05
Mcvities Toasting Waffles 8 Pack,£1.90,£0.95/100g,null,bakery,2024-11-05
Sheldons Oven Bottom Muffins 6 Pack,£1.50,£0.25/each,null,bakery,2024-11-05
Tesco Homebake Baguettes 2 Pack,£1.15,£0.38/100g,Any 2 for £2 Clubcard Price - Tesco Baguettes Or Petit Pain 2 Or 6 Pack,bakery,2024-11-05
Warburtons Seeded Batch Bread 800G,£1.90,£0.24/100g,£1.70 Clubcard Price,bakery,2024-11-05
Warburtons Brown Sandwich Thins 6 Pack,£1.40,£0.23/each,null,bakery,2024-11-05
Warburtons Danish Sliced Small White Bread 400G,£1.25,£0.31/100g,null,bakery,2024-11-05
Tesco Sliced Fruit Loaf,£1.65,£1.65/each,null,bakery,2024-11-05
Tesco Finest Wholemeal Seeds And Grains Bread 800G,£1.40,£0.18/100g,null,bakery,2024-11-05
Tesco White Baton 200G,£0.80,£0.40/100g,null,bakery,2024-11-05
Hovis Wholemeal Thick Bread 800G,£1.39,£0.17/100g,null,bakery,2024-11-05
Tesco Wholemeal Deli Rolls 4 Pack,£1.00,£0.25/each,null,bakery,2024-11-05
Tesco Panini 4 Pack,£1.20,£0.30/each,null,bakery,2024-11-05
Tesco White Farmhouse 800G,£1.15,£0.14/100g,null,bakery,2024-11-05
New York Bakery Bagel Thins The Original 4 Pack,£1.30,£0.32/each,null,bakery,2024-11-05
Tesco Large Seeded Burger Buns 4 Pack,£0.90,£0.22/each,null,bakery,2024-11-05
Hovis Small Wholemeal Medium Bread 400G,£0.95,£0.24/100g,null,bakery,2024-11-05
Tesco 4 Large White Baps,£0.90,£0.22/each,null,bakery,2024-11-05
Tesco Egg Custard Tarts 4 Pack,£1.25,£0.31/each,null,bakery,2024-11-05
Ms Molly's Chocolate Chip Cake Bars 5 Pack,null,null,null,bakery,2024-11-05
Tesco Wholemeal Batch Rolls 6 Pack,£0.49,£0.08/each,null,bakery,2024-11-05
H W Nevill's White Bread 800G,£0.47,£0.06/100g,null,bakery,2024-11-05
St Pierre 6 Brioche Buns Sliced,£2.80,£0.47/each,null,bakery,2024-11-05
Clay Oven Bakery 2 Garlic & Coriander Naan Bread 360G,£1.85,£0.51/100g,£1.50 Clubcard Price,bakery,2024-11-05
Tesco Finest 4 Extra Fruity Hot Cross Buns,null,null,null,bakery,2024-11-05
Cecile's Cuisine 16 Cocktail Blinis 135G,£2.20,£1.63/100g,null,bakery,2024-11-05
Tesco Finest 2 Multigrain Baguettes With Sourdough 250G,£1.80,£0.72/100g,£1.60 Clubcard Price,bakery,2024-11-05
Tesco 6 Mini Plain Naan Breads 282G,£1.50,£0.53/100g,null,bakery,2024-11-05
Mission Deli Wheat & White Wraps 6 Pack 367G,£1.70,£0.46/100g,null,bakery,2024-11-05
Tesco 6 Mini Garlic & Coriander Naans,£1.50,£0.25/each,null,bakery,2024-11-05
Warburtons Sliced Tiger Bread 600G,£1.65,£0.28/100g,£1.45 Clubcard Price,bakery,2024-11-05
Warburtons White Sandwich Thins 6 Pack,£1.40,£0.23/each,null,bakery,2024-11-05
Pitch Chocolate Chip 6 Pack,null,null,null,bakery,2024-11-05
Hovis Granary Wholemeal Bread 800G,£1.85,£0.23/100g,null,bakery,2024-11-05
Tesco All Butter Croissants 4 Pack,£1.40,£0.35/each,null,bakery,2024-11-05
Mr Kipling Viennese Whirls 6 Pack,£2.50,£0.42/each,£1.50 Clubcard Price,bakery,2024-11-05
Soreen Original Malt Loaf 260G,£1.60,£0.62/100g,null,bakery,2024-11-05
Warburtons Pancakes 6 Pack,£1.10,£0.18/each,null,bakery,2024-11-05
Cadbury Festive Cake Bar 5 Pack,£1.50,£0.30/each,£1.25 Clubcard Price,bakery,2024-11-05
Tesco Ciabatta Roll 4 Pack,£1.20,£0.30/each,null,bakery,2024-11-05
Tesco Tiger Baton 200G,£0.80,£0.40/100g,null,bakery,2024-11-05
Tesco Large Wholemeal Baps 4 Pack,£0.90,£0.22/each,null,bakery,2024-11-05
Warburtons Hot Dog Rolls 6 Pack,£1.45,£0.24/each,null,bakery,2024-11-05
Tesco Finest 4 Brioche Burger Buns,£1.40,£0.35/each,null,bakery,2024-11-05
Tesco Chunky Cheese Rolls 4 Pack,£1.20,£0.30/each,null,bakery,2024-11-05
Tesco Finest Sunflower & Pumpkin Loaf 600G,£1.20,£0.20/100g,null,bakery,2024-11-05
Tesco 5 Jam Doughnuts,£1.15,£0.23/each,null,bakery,2024-11-05
Warburtons Breakfast Muffins 4 Pack,£1.15,£0.29/each,null,bakery,2024-11-05
Tesco Egg Custard Tarts 2 Pack,£0.85,£0.42/each,null,bakery,2024-11-05
Tesco Finest Christmas Pudding 800G,£9.00,£1.12/100g,null,bakery,2024-11-05
Tesco Finest Christmas Pudding 400G,£5.25,£1.31/100g,null,bakery,2024-11-05
Tesco Finest Chocolate Cake,£3.50,£3.50/each,null,bakery,2024-11-05
Tesco Vanilla Creme Crown 2 Pack,£1.60,£0.80/each,null,bakery,2024-11-05
Tesco Finest All Butter & Sultana Scones 4 Pack,£2.00,£0.50/each,null,bakery,2024-11-05
Warburtons Gluten Free 4 Super Soft Sliced Square Rolls,£2.75,£0.69/each,null,bakery,2024-11-05
Tesco Finest Triple Chocolate Shortbread 4 Pack,£2.00,£0.50/each,£1.70 Clubcard Price,bakery,2024-11-05
Tesco Maple And Pecan Plait 2 Pack,£1.60,£0.80/each,null,bakery,2024-11-05
Jason's Sourdough Loaf Straight Up Great White 450G,£2.00,£0.44/100g,null,bakery,2024-11-05
Tesco 8 Egg Waffles 200G,null,null,null,bakery,2024-11-05
Deli Kitchen 4 Greek Style Flatbreads 320G,£1.85,£0.58/100g,null,bakery,2024-11-05
Mr Kipling Frosty Fancies 8 Pack,£2.25,£0.28/each,£2.00 Clubcard Price,bakery,2024-11-05
Tesco Finest 4 Buttermilk Pancakes,£1.75,£0.44/each,null,bakery,2024-11-05
Soreen Banana Lunchbox Loaves 5 Pack,null,null,£1.25 Clubcard Price,bakery,2024-11-05
Tesco 2 Plain Naan Breads,£1.35,£0.68/each,null,bakery,2024-11-05
Jacksons Soft White Bloomer 800G,£1.75,£0.22/100g,null,bakery,2024-11-05
Jacksons Multigrain Brown Bloomer 800G,£1.75,£0.22/100g,null,bakery,2024-11-05
Brioche Pasquier Pain Au Chocolat 6 Pack,£1.90,£0.70/100g,null,bakery,2024-11-05
Mission Deli Original Wraps Super Soft 6 Pack 367G,£1.70,£0.46/100g,null,bakery,2024-11-05
Tesco Milk Chocolate Cookie 5 Pack,£1.50,£0.30/each,null,bakery,2024-11-05
Warburtons 5 Cinnamon & Raisin Bagels,£1.90,£0.38/each,null,bakery,2024-11-05
Tesco Finest Oat & Barley Loaf 800G,£1.40,£0.18/100g,null,bakery,2024-11-05
Hovis Best Of Both Thick White Bread 800G,£1.25,£0.16/100g,null,bakery,2024-11-05
Warburtons Wholemeal Rolls 6 Pack,£1.20,£0.20/each,null,bakery,2024-11-05
Tesco Bramley Apple Pies 6 Pack,null,null,null,bakery,2024-11-05
Warburtons Small Medium Sliced White Bread 400G,£0.99,£0.25/100g,null,bakery,2024-11-05
White Farmhouse Loaf Sliced 800G,£1.50,£0.19/100g,null,bakery,2024-11-05
Mcvities Hobnobs Oaty Flapjacks 5 Pack 131.8G,£1.25,£0.95/100g,null,bakery,2024-11-05
Warburtons Potato Cakes 6 Pack,£0.95,£0.16/each,null,bakery,2024-11-05
Tesco Finest Dark Rye & Sunflower Farmhouse Loaf 600G,£1.20,£0.20/100g,null,bakery,2024-11-05
H.W Nevills 8 Wholemeal Tortilla Wrap,null,null,null,bakery,2024-11-05
Tesco Assorted Jam Tarts 6 Pack,£0.95,£0.16/each,null,bakery,2024-11-05
Tesco Top Iced Fruit Cake 907G,£6.75,£0.74/100g,£5.75 Clubcard Price,bakery,2024-11-05
Tesco Chocolate Brownie Bites 20 Pack,£2.75,£0.14/each,£2.40 Clubcard Price,bakery,2024-11-05
Tesco Finest 4 Belgian Sugar Waffles 200G,£1.95,£0.98/100g,null,bakery,2024-11-05
Tesco Cinnamon Swirl 2 Pack,£1.60,£0.80/each,null,bakery,2024-11-05
Tesco 6 Classic Egg Waffles 250G,£1.95,£0.78/100g,null,bakery,2024-11-05
New York Bakery Red Onion & Chive Bagels 5 Pack,£1.90,£0.38/each,Save 1/3 £1.25 Clubcard Price,bakery,2024-11-05
Cadbury Reindeer Cakes 4 Pack,£2.85,£0.71/each,£2.50 Clubcard Price,bakery,2024-11-05
Belgian Chocolate Muffins 4 Pack,£1.80,£0.45/each,null,bakery,2024-11-05
Soreen Malt Lunchbox Loaves 5 Pack,null,null,£1.25 Clubcard Price,bakery,2024-11-05
Mr Kipling Angel Slice 6 Pack,£2.75,£0.46/each,null,bakery,2024-11-05
Tesco Pink Iced Ring Doughnut 4 Pack,£1.35,£0.34/each,null,bakery,2024-11-05
Tesco White Chocolate Cookies 5 Pack,£1.50,£0.30/each,null,bakery,2024-11-05
Tesco Classic Christmas Pudding 100G,£1.00,£1.00/100g,85p Clubcard Price,bakery,2024-11-05
Warburtons Fruit Loaf With Cinnamon & Raisin 400G,£1.95,£0.49/100g,null,bakery,2024-11-05
Tesco Sultana Scones 6 Pack,£1.65,£0.28/each,null,bakery,2024-11-05
Heat & Eat White Baguette 3 Pack,£1.50,£0.50/each,null,bakery,2024-11-05
Tesco White Iced Ring Doughnuts 4 Pack,£1.35,£0.34/each,null,bakery,2024-11-05
Pitch Chocolate 6 Pack,£1.75,£0.76/100g,null,bakery,2024-11-05
Warburtons Soft & Sliced Sesame Bagels 5 Pack,£1.90,£0.38/each,null,bakery,2024-11-05
Mr Kipling Cherry Bakewells Tarts 6 Pack,£3.00,£0.50/each,null,bakery,2024-11-05
McVitie's Jamaica Ginger Sticky Pudding Cake 232g,£1.50,£1.50/each,null,bakery,2024-11-05
Kingsmill Pancakes 6 Pack,£1.15,£19.17/100g,null,bakery,2024-11-05
Tesco White Sub Rolls 4 Pack,£1.00,£0.25/each,null,bakery,2024-11-05
Mr Kipling Bakewell Slices 6 Pack,£2.75,£0.46/each,£1.50 Clubcard Price,bakery,2024-11-05
Hovis Small Seven Seeds Original 400G,£1.15,£0.29/100g,null,bakery,2024-11-05
Tesco Finest Wholemeal Seeds And Grains Bread 400G,£1.00,£0.25/100g,null,bakery,2024-11-05
McVitie's Hobnobs Milk Chocolate Oaty Flapjacks Multipack 5 x 26.4g,£1.25,£0.95/100g,null,bakery,2024-11-05
Tesco 6 Finger Rolls,null,null,null,bakery,2024-11-05
Mr Kipling Angel Slice 8 Pack,£3.25,£0.41/each,null,bakery,2024-11-05
Tesco Crusty Rolls 4 Pack,£0.80,£0.80/each,null,bakery,2024-11-05
Ms Molly's 12 Iced Fairy Cakes,null,null,null,bakery,2024-11-05
Tesco Sweet Pancakes 8 Pack,£3.00,£0.38/each,null,bakery,2024-11-05
Tesco Finest Coffee & Walnut Cake,£3.50,£3.50/each,null,bakery,2024-11-05
Tesco Iced Top Rich Fruit Cake Bar 400G,£3.50,£0.88/100g,£3.00 Clubcard Price,bakery,2024-11-05
Tesco Chocolate Chip Mini Muffins 16 Pack,£2.75,£0.17/each,£2.40 Clubcard Price,bakery,2024-11-05
Tesco Finest Triple Chocolate Cookie 4 Pack,£2.00,£0.50/each,£1.70 Clubcard Price,bakery,2024-11-05
New York Bakery Wholemeal Bagels 5 Pack,£1.90,£0.38/each,Save 1/3 £1.25 Clubcard Price,bakery,2024-11-05
Tesco All Butter Almond Croissant 2 Pack,£1.60,£0.80/each,null,bakery,2024-11-05
Tesco Bramley Apple Pie,£1.90,£1.90/each,null,bakery,2024-11-05
Warburtons Thin Bagels Cinnamon & Raisin 6 Pack,£1.75,£0.29/each,£1.25 Clubcard Price,bakery,2024-11-05
Tesco Finest 4 Large Teacakes,null,null,null,bakery,2024-11-05
Soreen 5 Apple Lunchbox Loaves 150G,null,null,£1.25 Clubcard Price,bakery,2024-11-05
Tesco 4 Triple Chocolate Muffins,£1.80,£0.45/each,null,bakery,2024-11-05
Old El Paso Regular Super Soft Flour Tortillas 8Pk 326G,£1.80,£0.55/100g,£1.50 Clubcard Price,bakery,2024-11-05
Cadbury Caramel Cake Bars 5 Pac,£2.25,£0.45/each,Save 1/3 £1.50 Clubcard Price,bakery,2024-11-05
Ms Molly Jumbo Strawberry & Vanilla Swiss Roll,£1.90,£1.90/each,null,bakery,2024-11-05
Soreen Sliced Malt Loaf 290G,null,null,£1.25 Clubcard Price,bakery,2024-11-05
Weight Watchers Wraps 6 Pack,£1.50,£0.25/each,null,bakery,2024-11-05
Tesco Double Chocolate Cookies 5 Pack,£1.50,£0.30/each,null,bakery,2024-11-05
Tesco Finest Rye & Mixed Seed Sourdough 400G,£1.80,£0.45/100g,null,bakery,2024-11-05
Tesco Madeira Cake,£1.80,£1.80/each,null,bakery,2024-11-05
Tesco Free From 4 Mince Pies 220G,£2.00,£0.91/100g,null,bakery,2024-11-05
Tesco Folded Flatbreads Plain 6 Pack,£1.30,£0.62/100g,null,bakery,2024-11-05
Tesco Petit Pain 4 Pack,£1.20,£0.30/each,null,bakery,2024-11-05
Tesco Multiseed Deli Rolls 4 Pack,£1.10,£0.28/each,null,bakery,2024-11-05
Tesco Panini Rolls 2 Pack,null,null,null,bakery,2024-11-05
Warburtons Giant Crumpets 3 Pack,£1.10,£0.37/each,80p Clubcard Price,bakery,2024-11-05
Tesco Finest 4 Brioche Hot Dog Rolls,£1.40,£0.35/each,null,bakery,2024-11-05
Mr Kipling Mini Battenberg Cakes 5 Pack,£2.50,£0.50/each,£1.50 Clubcard Price,bakery,2024-11-05
Mr Kipling Country Slices 6 Pack,£2.75,£0.46/each,£1.50 Clubcard Price,bakery,2024-11-05
Tiger Bloomer Loaf 800G,£1.50,£0.19/100g,null,bakery,2024-11-05
Mcvitie's Digestives Caramel Millionaire Slices Multipack 5 x 22G,£1.25,£1.14/100g,null,bakery,2024-11-05
Tesco Free From Sliced Seeded Bread 550G,£1.95,£0.36/100g,null,bakery,2024-11-05
Ms Molly's 12 Fairy Cakes,null,null,null,bakery,2024-11-05
Galaxy Cake Bars 5 Pack,£2.00,£0.40/each,null,bakery,2024-11-05
Tesco Finest Stollen Slices 6 Pack,£4.25,£0.71/each,£3.75 Clubcard Price,bakery,2024-11-05
Tesco 20 Flapjack Bites,£2.75,£0.14/each,£2.40 Clubcard Price,bakery,2024-11-05
Warburtons Artisan Tiger Gluten Free 400G,£3.50,£0.88/100g,null,bakery,2024-11-05
St Pierre 4 Seeded Brioche Burger Buns,£2.85,£0.71/each,null,bakery,2024-11-05
Tesco Finest Belgian Chocolate Bombe 227G,£3.50,£1.54/100g,£2.75 Clubcard Price,bakery,2024-11-05
Tesco Plant Chef 6 Mince Pies,£2.15,£0.36/each,null,bakery,2024-11-05
Kingsmill 50/50 No Crusts Bread 400G,£1.95,£0.49/100g,null,bakery,2024-11-05
Tesco Finest Brioche Loaf 400G,£2.75,£0.69/100g,null,bakery,2024-11-05
Tesco Angel Layer Cake,£1.80,£1.80/each,null,bakery,2024-11-05
Mr Kipling Bramley Apple Pies 6 Pack,£3.00,£0.50/each,null,bakery,2024-11-05
Tesco All Butter Pain Au Chocolat 2 Pack,£1.60,£0.80/each,null,bakery,2024-11-05
Tesco All Butter Croissant 2 Pack,£1.60,£0.80/each,null,bakery,2024-11-05
Clay Oven Bakery 2 Plain Naan Breads 360G,£1.85,£0.51/100g,£1.50 Clubcard Price,bakery,2024-11-05
Jason's Sourdough Superb Sprouted Grains 450G,£2.00,£0.44/100g,null,bakery,2024-11-05
Tesco All Butter Chocolate Croissant 2 Pack,£1.60,£0.80/each,null,bakery,2024-11-05
Tesco Strawberry & Cream Swiss Roll,£2.00,£2.00/each,null,bakery,2024-11-05
Tesco Blueberry Muffins 4 Pack,£1.80,£0.45/each,null,bakery,2024-11-05
Tesco Genoa Cake,£2.25,£2.25/each,null,bakery,2024-11-05
Schneiderbrot Vollkornbrot Rye Bread 500G,£1.40,£0.28/100g,null,bakery,2024-11-05
Warburtons Old English White Bread 400G,£1.80,£0.45/100g,null,bakery,2024-11-05
Tesco Chocolate Iced Ring Doughnuts 4 Pack,£1.35,£0.34/each,null,bakery,2024-11-05
Mission Deli 6 Wheat & White Mini Wraps 186G,£1.15,£0.62/100g,Save 25% 85p Clubcard Price,bakery,2024-11-05
Tesco All Butter Scones 6 Pack,£1.65,£0.28/each,null,bakery,2024-11-05
Sharwoods 2 Large Plain Naan Bread 260G,£1.80,£0.90/each,null,bakery,2024-11-05
Warburtons Half & Half Thins 6 Pack,£1.40,£0.23/each,null,bakery,2024-11-05
Tesco Finest Wholemeal Rolls 4 Pack,£1.30,£0.32/each,null,bakery,2024-11-05
Mr Kipling French Fancies 8 Pack,£3.00,£0.38/each,Save 1/3 £2.00 Clubcard Price,bakery,2024-11-05
Tesco Gingerbread Biscuit,£1.00,£1.00/each,"£5 Meal Deal Clubcard Price £5.50 Meal Deal Regular Price - Selected Drink + Snack + Tesco Finest* Or Branded Sandwich, Wrap, Roll, Salad Or Sushi",bakery,2024-11-05
White Farmhouse Loaf Sliced 400G,£1.15,£0.29/100g,null,bakery,2024-11-05
Tesco Finest 6 Sourdough Crumpets,£1.20,£0.20/each,null,bakery,2024-11-05
Tesco Tiger Rolls 4 Pack,£1.20,£1.20/each,null,bakery,2024-11-05
Tiger Sliced Bloomer 400G,£1.15,£0.29/100g,null,bakery,2024-11-05
H.W.Nevills Pain Au Chocolat 8 Pack,£1.29,£0.16/each,null,bakery,2024-11-05
Tesco Scotch Rolls 4 Pack,£0.80,£0.80/each,null,bakery,2024-11-05
Maltesers Cake Bars 5 Pack,£2.00,£0.40/each,null,bakery,2024-11-05
Tesco Finest Iced Rich Fruit Cake 400G,£5.25,£1.31/100g,£4.50 Clubcard Price,bakery,2024-11-05
Tesco Christmas Pudding 800G,£5.50,£0.69/100g,null,bakery,2024-11-05
Tesco Panettone 500G,null,null,£4.50 Clubcard Price,bakery,2024-11-05
Tesco Apple Lattice Pie 500G,£3.85,£0.77/100g,null,bakery,2024-11-05
Tesco 15 Chocolate Cornflake Clusters,£2.75,£0.18/each,£2.40 Clubcard Price,bakery,2024-11-05
Tesco 30 Mini Gingerbread Men 300G,£2.75,£0.92/100g,£2.40 Clubcard Price,bakery,2024-11-05
Tesco Millionaire Bites 22 Pack,£2.75,£0.12/each,£2.40 Clubcard Price,bakery,2024-11-05
Tesco Finest Lemon Drizzle Cake,£3.50,£3.50/each,null,bakery,2024-11-05
Schar Wholesome White Loaf,£2.95,£0.98/100g,null,bakery,2024-11-05
Schar Wholesome Seeded Sliced Bread 300G,£2.95,£0.98/100g,null,bakery,2024-11-05
Real Lancashire Eccles Cakes,£2.30,£0.58/each,null,bakery,2024-11-05
Tesco Finest All Butter Scones 4 Pack,£2.00,£0.50/each,null,bakery,2024-11-05
Tesco Double Chocolate Mini Muffins 16 Pack,£2.75,£0.17/each,£2.40 Clubcard Price,bakery,2024-11-05
Genius Gluten Free 4 Crumpets,£2.25,£0.56/each,null,bakery,2024-11-05
Mr Kipling Lemon Slice 6 Pack,£2.75,£0.46/each,null,bakery,2024-11-05
Tesco Finest 4 Belgian Chocolate Coated Sugar Waffles 240G,£1.95,£0.81/100g,null,bakery,2024-11-05
Hovis Home Bake Rustic Seeded Rolls 4 Pack,£1.80,£0.45/each,null,bakery,2024-11-05
Tesco All Butter Pain Au Raisin 2 Pack,£1.60,£0.80/each,null,bakery,2024-11-05
Hovis Home Bake Rustic White Rolls 4 Pack,£1.80,£0.45/each,null,bakery,2024-11-05
Tesco Finest Free From Christmas Pudding 100G,£2.00,£2.00/100g,null,bakery,2024-11-05
Pagen Gifflar Cinnamon 260G,£2.00,£0.77/100g,null,bakery,2024-11-05
Tesco 2 Garlic & Coriander Naan,£1.35,£0.68/each,null,bakery,2024-11-05
Tesco Double Chocolate Swiss Roll,£2.00,£2.00/each,null,bakery,2024-11-05
Tesco Cherry Madeira Cake,null,null,null,bakery,2024-11-05
Warburtons White Loaf Gluten Free 300G,£2.15,£0.72/100g,null,bakery,2024-11-05
Warburtons Multiseed Loaf Gluten Free 300G,£2.15,£0.72/100g,null,bakery,2024-11-05
Mr Kipling 6 Christmas Slice,£2.25,£0.38/each,£2.00 Clubcard Price,bakery,2024-11-05
Hoppers Chocolate Mini Rolls 10 Pack,null,null,null,bakery,2024-11-05
Tesco White Bloomer Sliced 400G,£1.15,£0.29/100g,null,bakery,2024-11-05
Tesco Free From Sliced White Bread 550G,£1.95,£0.36/100g,null,bakery,2024-11-05
Tesco Alcohol Free Christmas Pudding 400G,£3.25,£0.81/100g,null,bakery,2024-11-05
Tesco Finest Victoria Sponge Cake,£3.50,£3.50/each,null,bakery,2024-11-05
Schar White Ciabatta Rolls 200G,£2.40,£1.20/100g,null,bakery,2024-11-05
Tesco Chocolate Yule Log 260G,£2.75,£1.06/100g,null,bakery,2024-11-05
Tesco Cheese & Tomato Flatbread 225G,£2.00,£0.89/100g,null,bakery,2024-11-05
Old El Paso Stand ‘N’ Stuff Soft Flour Tortillas 8Pk 193G,£2.50,£1.30/100g,null,bakery,2024-11-05
Finest White Chocolate & Honeycomb Cookie 4 Pack,£2.00,£0.50/each,£1.70 Clubcard Price,bakery,2024-11-05
Soreen Malt Lunchbox Loaves 10 Pack 300G,null,null,null,bakery,2024-11-05
Tesco Party Cake Selection 12 Pack,£3.00,£0.25/each,null,bakery,2024-11-05
Tesco Free From 9 Mini Mince Pies 275G,£3.00,£1.09/100g,null,bakery,2024-11-05
Tesco 6 Iced Finger Buns,£1.65,£0.28/each,null,bakery,2024-11-05
OLD EL PASO LARGE EXTRA THIN TORTILLA WRAPS 192G,£2.15,£1.12/100g,£1.50 Clubcard Price,bakery,2024-11-05
Tesco Finest All Butter & Cheddar Scones 4 Pack,£2.00,£0.50/each,null,bakery,2024-11-05
Tesco Lemon Swiss Roll ..,£2.00,£2.00/each,null,bakery,2024-11-05
Soreen 5 Strawberry Lunchbox Loaves 150G,null,null,£1.25 Clubcard Price,bakery,2024-11-05
Tesco Finest 4 Blueberry Buttermilk Pancakes,£1.75,£0.44/each,null,bakery,2024-11-05
Mcvitie's 8 Toasting Waffles Chocolate 200G,null,null,null,bakery,2024-11-05
Mission Deli 6 Original Mini Wraps 186G,£1.15,£0.62/100g,Save 25% 85p Clubcard Price,bakery,2024-11-05
St Pierre 4 Brioche Hot Dog Rolls,£1.95,£0.49/each,£1.50 Clubcard Price,bakery,2024-11-05
Heat & Eat Seeded Baguette 3 Pack,£1.50,£0.50/each,null,bakery,2024-11-05
Tesco Walnut Cake,£1.80,£1.80/each,null,bakery,2024-11-05
St. Pierre 4 Sliced Brioche Burger Buns,£2.50,£0.62/each,null,bakery,2024-11-05
Tesco Finest 4 Brioche Sesame Seed Burger Buns,null,null,null,bakery,2024-11-05
Tesco High Fibre Wholemeal Loaf 400G Sliced,£1.15,£0.29/100g,null,bakery,2024-11-05
Tesco Almond Fingers 5 Pack,£1.19,£0.24/each,null,bakery,2024-11-05
Soreen Gingerbread Christmas Lunchbox Loaves 5 Pack 150G,£1.50,£1.00/100g,£1.25 Clubcard Price,bakery,2024-11-05
Warburtons Milk Roll Sliced White Bread 400G,£1.25,£0.31/100g,null,bakery,2024-11-05
Simply Doughnuts Mini Sugar Ring Doughnuts 8 Pack,£1.30,£0.16/each,null,bakery,2024-11-05
Warburtons White Bakers Bloomer 800G,£1.80,£0.22/100g,null,bakery,2024-11-05
Tesco Ancient Grain Rolls 4 Pack,£1.20,£0.30/each,null,bakery,2024-11-05
Mr Kipling Almond Slices 6 Pack,£2.75,£0.46/each,£1.50 Clubcard Price,bakery,2024-11-05
White Farmhouse Loaf 800G,£1.50,£0.19/100g,null,bakery,2024-11-05
Mcvities Digestives 5 Milk Chocolate Slices 114.1G,£1.25,£1.10/100g,null,bakery,2024-11-05
Tesco Soft White Hot Dog Rolls 6 Pack,£0.89,£0.15/each,null,bakery,2024-11-05
Tesco Cherry Bakewell Tarts 6 Pack,null,null,null,bakery,2024-11-05
Tesco Finest Cherry & Almond Stollen,£9.00,£9.00/each,null,bakery,2024-11-05
Tesco Finest Rich Fruit Cake 907G,£10.50,£1.16/100g,£8.50 Clubcard Price,bakery,2024-11-05
Mr Kipling Manor House Cake,£3.30,£0.85/100g,null,bakery,2024-11-05
Mr Kipling Jam Tarts 6 Pack,£3.00,£0.50/each,Half Price £1.50 Clubcard Price,bakery,2024-11-05
Tesco Finest Carrot Cake,£3.50,£3.50/each,null,bakery,2024-11-05
Tesco Pastel De Nata 4 Pack,£2.55,£0.64/each,null,bakery,2024-11-05
"Abra Ca Debora Sweet Pancakes 6 Pack, 375 G",£2.45,£0.65/100g,null,bakery,2024-11-05
Bfree Stone Baked Pitta Bread 220G,£2.75,£1.25/100g,null,bakery,2024-11-05
Tesco Cinnamon Tear And Share Bun,£3.30,£3.30/each,null,bakery,2024-11-05
Old El Paso 6 Regular Gluten Free Tortilla 216G,£3.00,£1.39/100g,£2.50 Clubcard Price,bakery,2024-11-05
Mr Kipling Fruit Pie Selection 6 Pack,£3.00,£0.50/each,null,bakery,2024-11-05
Mr Kiplng Winter Berry & Custard Crumble Tarts X6,£2.85,£0.48/each,£2.50 Clubcard Price,bakery,2024-11-05
Soreen Banana Loaf 260G,£1.60,£0.62/100g,£1.25 Clubcard Price,bakery,2024-11-05
Ms Mollys Jumbo Chocolate & Vanilla Swiss Roll,£1.90,£1.90/each,null,bakery,2024-11-05
Old El Paso Large Super Soft Flour Tortillas 6 Pack 350G,£1.95,£0.56/100g,£1.50 Clubcard Price,bakery,2024-11-05
Tesco 2 Fresh Cream Bramley Apple Turnover 160G,£1.75,£1.09/100g,null,bakery,2024-11-05
Tesco Free From 4 White Tortilla Wraps,£2.20,£0.55/each,null,bakery,2024-11-05
Tesco Iced Madeira Cake,£1.80,£1.80/each,null,bakery,2024-11-05
Ms Mollys Raspberry Swiss Roll,£1.09,£1.09/each,null,bakery,2024-11-05
Tiger Bloomer 400G,£1.15,£0.29/100g,null,bakery,2024-11-05
Tesco Lemon Loaf Cake,null,null,null,bakery,2024-11-05
McVitie's Golden Syrup Sticky Pudding Cake 224g,£1.50,£1.50/each,null,bakery,2024-11-05
New York Bakery Soft Seeded Bagel Thins 4 Pack,£1.30,£0.32/each,null,bakery,2024-11-05
Mr Kipling Lemon Slice 8 Pack,£3.25,£0.41/each,null,bakery,2024-11-05
Tesco Free From Brown Bread 550G,£1.95,£0.36/100g,null,bakery,2024-11-05
Ms Molly's Lightly Fruited Cake,£1.20,£1.20/each,null,bakery,2024-11-05
Tesco 6 Angel Cake Slices 160G,£1.10,£0.69/100g,null,bakery,2024-11-05
Warburtons White Gluten Free Bread Sourdough 400G,£3.50,£0.88/100g,null,bakery,2024-11-05
Bonne Maman La Madeleine 7 Pack,£2.75,£1.57/100g,£2.00 Clubcard Price,bakery,2024-11-05
Schar Brown Ciabatta Rolls 200G,£2.40,£1.20/100g,null,bakery,2024-11-05
Tesco Finest Raspberry & White Chocolate Cookies 4 Pack,£2.00,£0.50/each,£1.70 Clubcard Price,bakery,2024-11-05
Slooow Crispy Rustic Rolls With Honey 360G,£2.50,£0.69/100g,null,bakery,2024-11-05
Tesco Finest Bakewell Tarts 2 Pack,£2.45,£1.22/each,null,bakery,2024-11-05
Genius Gluten Free Brioche Burger Buns 2 Pack,£1.85,£0.92/each,null,bakery,2024-11-05
Mr Kipling Apple & Blackcurrant Pies 6 Pack,£3.00,£0.50/each,null,bakery,2024-11-05
New York Bakery Gluten Free Plain Bagels 4 Pack,£2.70,£0.68/each,null,bakery,2024-11-05
Patak's Flame Baked Garlic & Coriander Naan Breads 2 Pack,£1.85,£0.92/each,null,bakery,2024-11-05
Tesco Finest 4 All-Butter Pain Au Chocolat,£2.30,£0.58/each,null,bakery,2024-11-05
Tesco 6 Banana Pancakes,£1.35,£0.22/each,null,bakery,2024-11-05
Tesco Finest 4 White Rolls With Sourdough,£1.30,£0.32/each,null,bakery,2024-11-05
Slooow Stone Oven Baguette White 250G,£1.60,£0.64/100g,null,bakery,2024-11-05
Soreen Malt Loaf 390G,null,null,null,bakery,2024-11-05
Tesco Coconut Macaroons 6 Pack,£1.29,£0.22/each,null,bakery,2024-11-05
White Farmhouse Loaf 400G,£1.15,£0.29/100g,null,bakery,2024-11-05
Tesco Finest Free From Mince Pies 4 Pack 200G,£2.80,£1.40/100g,null,bakery,2024-11-05
Fibre One 90 Calorie Triple Choc Cake Bars 4 x 25g (100g),£1.60,£1.60/100g,null,bakery,2024-11-05
Tesco Malted Grain & Rye Folded Flatbread 6 Pack,£1.30,£0.62/100g,null,bakery,2024-11-05
Tesco High Fibre Granary Loaf 400G Sliced,£1.15,£0.29/100g,null,bakery,2024-11-05
Mr Kipling Deliciously Good Chocolate Cake Slices X6,£2.50,£0.42/each,£1.50 Clubcard Price,bakery,2024-11-05
Tesco High Fibre Six Seed Loaf 400G Sliced,£1.15,£0.29/100g,null,bakery,2024-11-05
Tesco Salted Caramel Sponge Pudding 100G,£1.25,£1.25/100g,null,bakery,2024-11-05
Mr Kipling 30% Less Sugar 6 Bramley Apple Pies,£3.00,£0.50/each,null,bakery,2024-11-05
Tesco Chocolate Brownie 240G,£1.60,£0.67/100g,null,bakery,2024-11-05
Mr Kipling Battenberg Cake,£1.80,£0.78/100g,null,bakery,2024-11-05
Mrs Crimbles 6 Gluten Free Vegan Chocolate Macaroon 195G,£1.50,£0.77/100g,null,bakery,2024-11-05
Tesco White Bloomer 400G,£1.15,£0.29/100g,null,bakery,2024-11-05
Mr Kipling Chocolate Slice 8 Pack,£3.25,£0.41/each,null,bakery,2024-11-05
Tesco 6 Lemon Cake Slices 160G,£1.10,£0.69/100g,null,bakery,2024-11-05
Tesco Mini Milk Chocolate Cookies 20 Pack,£2.75,£0.14/each,£2.40 Clubcard Price,bakery,2024-11-05
Tesco All Butter Cheddar Cheese Twist,£1.20,£1.20/each,null,bakery,2024-11-05
Bfree Demi Baguette 2 Pack 220G,£3.10,£1.41/100g,null,bakery,2024-11-05
Cadbury Mini Yule Log 5 Pack,£2.85,£0.57/each,£2.50 Clubcard Price,bakery,2024-11-05
Tesco Finest Red Velvet Cake,£3.50,£3.50/each,null,bakery,2024-11-05
Tesco Brookie Bites 20 Pack,£2.75,£0.14/each,£2.40 Clubcard Price,bakery,2024-11-05
Tesco Garlic & Parsley Flatbread 210G,£2.00,£0.95/100g,null,bakery,2024-11-05
Warburtons Gluten Free White Wraps 4 Pack,£2.90,£0.72/each,null,bakery,2024-11-05
Tesco Rocky Road Bites 195G,£2.75,£1.41/100g,£2.40 Clubcard Price,bakery,2024-11-05
Tesco Finest Chocolate Orange Cookies 4 Pack,£2.00,£0.50/each,£1.70 Clubcard Price,bakery,2024-11-05
Tesco Apple & Cinnamon Turnover 2 Pack,£1.60,£0.80/each,null,bakery,2024-11-05
Deli Kitchen 6 Brioche Style Tortilla Wraps 366G,£1.85,£0.50/100g,null,bakery,2024-11-05
Genius Gluten Free 6 Pancakes,£2.25,£0.38/each,null,bakery,2024-11-05
Genius Gluten Free 2 Double Chocolate Muffins,£2.10,£1.05/each,null,bakery,2024-11-05
Schar Panini Rolls 225G,null,null,null,bakery,2024-11-05
Patak's Flame Baked Plain Naan Breads 2 Pack,£1.85,£0.92/each,null,bakery,2024-11-05
Piselli Cocoa And Chocolate Chip Panettone 100G,£2.00,£2.00/100g,£1.75 Clubcard Price,bakery,2024-11-05
Tesco Finest Free From Dark Chocolate Ginger Cookies 150G,£2.60,£1.73/100g,null,bakery,2024-11-05
Tesco Rhubarb Pie,£1.90,£1.90/each,null,bakery,2024-11-05
Mr Kipling 6 Festive Bakewell Tarts,£2.25,£0.38/each,£2.00 Clubcard Price,bakery,2024-11-05
Tesco Sliced Brioche Loaf 500G,£2.00,£0.40/100g,null,bakery,2024-11-05
Deli Kitchen 6 Carb Lite Wraps 300G,£1.85,£0.62/100g,null,bakery,2024-11-05
Tesco Free From 4 Iced Topped Mince Pies 225G,£2.25,£1.00/100g,null,bakery,2024-11-05
Tesco Finest 4 Cheese & Black Pepper English Muffins,£1.55,£0.39/each,null,bakery,2024-11-05
Tesco Iced Coffee Cake,£1.80,£1.80/each,null,bakery,2024-11-05
Tesco Blackcurrant Sundae Tarts 4 Pack,null,null,null,bakery,2024-11-05
Tesco 6 Welsh Cakes,£1.50,£0.25/each,null,bakery,2024-11-05
Tesco Fresh Free From Hot Cross Buns 4 Pack,£2.00,£0.50/each,null,bakery,2024-11-05
Tesco Free From Cherry Bakewell Tarts 4 Pack,£2.10,£0.52/each,null,bakery,2024-11-05
Tesco 4 Rosemary & Sea Salt Focaccia 200G,null,null,null,bakery,2024-11-05
Hovis Seeded Bread 450G,£1.85,£0.41/100g,null,bakery,2024-11-05
"Tesco Fresh Cream Horns 2 Pack, 110 G",£1.75,£1.59/100g,null,bakery,2024-11-05
Nomma Chocolate Chip Panettone 500G,£6.00,£1.20/100g,£5.25 Clubcard Price,bakery,2024-11-05
Tesco Finest 4 Millionaire Shortbread Slices,£4.00,£4.00/each,null,bakery,2024-11-05
Bfree Pizza Bases 360G,£3.80,£1.06/100g,null,bakery,2024-11-05
Tesco Free From Double Chocolate Mini Muffin 12 Pack,£3.00,£0.25/each,null,bakery,2024-11-05
Tesco Finest Iced Rich Fruit Cake 150G,£3.25,£2.17/100g,null,bakery,2024-11-05
Bonne Maman Chocolate Madeleines 210G,£2.75,£1.31/100g,£2.00 Clubcard Price,bakery,2024-11-05
Abra-Ca-Debora Buttermilk Pancakes 240G,£2.45,£1.02/100g,null,bakery,2024-11-05
Tesco Raspberry Jam Roly Poly 460G,£4.00,£0.87/100g,null,bakery,2024-11-05
Warburtons Gluten Free 4 Soft Brioche Rolls,£2.90,£0.72/each,null,bakery,2024-11-05
Old El Paso 8 Tortilla Pockets 223G,£2.70,£1.21/100g,null,bakery,2024-11-05
Schar Gluten Free Waffles 100G,£2.40,£2.40/100g,null,bakery,2024-11-05
Warburtons Gluten Free Crumpets 4 Pack,£2.35,£0.59/each,null,bakery,2024-11-05
Piselli Classic Panettone 100G,£2.00,£2.00/100g,£1.75 Clubcard Price,bakery,2024-11-05
Tesco Finest 2 Flame Baked Flatbreads,£1.75,£0.88/each,£1.40 Clubcard Price,bakery,2024-11-05
Jason's Sourdough Loaf Majestic Malted 450G,null,null,null,bakery,2024-11-05
Patak's 4 Flame Baked Garlic & Coriander Mini Naan Breads,£1.85,£0.46/each,null,bakery,2024-11-05
Crosta & Mollica 6 Durum Wheat Piadina Midi Flatbreads 240G,£1.90,£0.79/100g,null,bakery,2024-11-05
Tesco Plain Pretzel,£1.10,£1.10/each,null,bakery,2024-11-05
Tesco All Butter Chocolate Twist,£1.20,£1.20/each,"£5 Meal Deal Clubcard Price £5.50 Meal Deal Regular Price - Selected Drink + Snack + Tesco Finest* Or Branded Sandwich, Wrap, Roll, Salad Or Sushi",bakery,2024-11-05
"Tesco Fresh Cream Raspberry Turnover 2 Pack, 148 G",£1.75,£1.18/100g,null,bakery,2024-11-05
Tesco 2 Chocolate Fudge Cupcakes,£1.55,£0.78/each,null,bakery,2024-11-05
Thorntons Bites Caramel Shortcakes Milk Chocolate 10Pack,£2.00,£0.20/each,null,bakery,2024-11-05
McVitie's Original Jaffa Cake Bar Multipack 5 x 26.2g,£1.95,£0.39/each,£1.25 Clubcard Price,bakery,2024-11-05
Tesco Madeleines 400G,£2.50,£0.62/100g,null,bakery,2024-11-05
Galaxy Salted Caramel Cake Bars 5 Pack,£1.50,£0.30/each,null,bakery,2024-11-05
Soreen White Chocolate & Raspberry Loaves 5 Pack 150G,£1.50,£1.00/100g,£1.25 Clubcard Price,bakery,2024-11-05
Mr Kipling Deep Filled Festive Pie 6 Pack,£2.35,£0.39/each,£2.00 Clubcard Price,bakery,2024-11-05
Hovis Original Small Granary Bread 400G,£1.15,£0.29/100g,null,bakery,2024-11-05
Mr Kipling Deliciously Good Angel Cake Slices X6,£2.50,£0.42/each,£1.50 Clubcard Price,bakery,2024-11-05
Tesco Coconut & Raspberry Loaf Cake,£1.60,£1.60/each,null,bakery,2024-11-05
Tesco Free From Bramley Apple Pies 4 Pack,£2.10,£0.52/each,null,bakery,2024-11-05
Tesco 5 Custard Doughnuts,£1.15,£0.23/each,null,bakery,2024-11-05
McVitie's Original Jaffa Cake Bar Multipack 10 x 24.5g,£2.75,£0.28/each,null,bakery,2024-11-05
Tesco Lemon Curd Tarts 6 Pack,£0.95,£0.16/each,null,bakery,2024-11-05
Tesco Chocolate Mega Loaf,null,null,null,bakery,2024-11-05
Tesco 18 Cupcakes,£7.50,£0.42/each,null,bakery,2024-11-05
Tesco Slinky Caterpillar Cake,£7.50,£7.50/each,null,bakery,2024-11-05
Tesco Cherry Genoa Cake 800G,£7.25,£0.91/100g,£6.50 Clubcard Price,bakery,2024-11-05
Tesco Free From 5 Chocolate Coated Cake Slices,£3.90,£0.78/each,null,bakery,2024-11-05
Tesco Finest Free From 12 Tiffin Selection Box,£5.00,£0.42/each,null,bakery,2024-11-05
Tesco 6 Celebration Cupcakes,£4.25,£0.71/each,null,bakery,2024-11-05
Tesco Free From 5 Chocolate Brownie Slices 145G,£3.10,£2.14/100g,null,bakery,2024-11-05
Tesco Crispy Caramel Bites 20 Pack,£2.75,£0.14/each,£2.40 Clubcard Price,bakery,2024-11-05
Tesco Rich Fruit Cake 800G,£5.25,£0.66/100g,null,bakery,2024-11-05
Promise Gluten Free Multigrain Loaf 480G,£4.50,£0.94/100g,null,bakery,2024-11-05
Promise Gluten Free Soft White Loaf 480G,£4.50,£0.94/100g,null,bakery,2024-11-05
Warburtons White Thins Gluten Free 4 Pack 200G,£2.75,£1.38/100g,null,bakery,2024-11-05
Tesco Free From Lemon Loaf Cake,£2.70,£2.70/each,null,bakery,2024-11-05
Mrs Crimble's Classic Madeleine 180G,£2.50,£1.39/100g,£2.00 Clubcard Price,bakery,2024-11-05
Genius Blueberry Muffin 2 Pack,£2.10,£1.05/each,null,bakery,2024-11-05
Dina Handmade Classic Baklawa Selection 200G,£2.50,£1.25/100g,null,bakery,2024-11-05
Bfree Wholegrain Gluten Free Pitta Bread 4X55g,£2.75,£1.25/100g,null,bakery,2024-11-05
Genius Multiseed Rolls 4 Pack,£2.10,£0.52/each,null,bakery,2024-11-05
Patak's Flame Baked Peshwari Naan Breads 2 Pack,£1.85,£0.92/each,null,bakery,2024-11-05
Tesco Finest Vintage Cheddar Boule,£2.25,£2.25/each,null,bakery,2024-11-05
Tesco Strawberry Jam Victoria Sponge 360G,£3.50,£0.97/100g,null,bakery,2024-11-05
Fibre One 90 Calorie Doughnut Chocolate Flavour 4X23g,£2.90,£3.15/100g,null,bakery,2024-11-05
Old El Paso Soft Corn Tortillas X8 335G,£1.80,£0.54/100g,£1.50 Clubcard Price,bakery,2024-11-05
Warburtons Protein Power Sliced Wholemeal Bread 700G,£2.00,£0.29/100g,null,bakery,2024-11-05
Genius Gut Lovin Tiger Bloomer Loaf 400G,£3.30,£0.82/100g,null,bakery,2024-11-05
Tesco All Butter Croissant,£1.10,£1.10/each,"£5 Meal Deal Clubcard Price £5.50 Meal Deal Regular Price - Selected Drink + Snack + Tesco Finest* Or Branded Sandwich, Wrap, Roll, Salad Or Sushi",bakery,2024-11-05
Tesco Free From 4 Caramelised Apple Crumble Pies,£1.95,£0.49/each,null,bakery,2024-11-05
Tesco Chocolate Chip Madeleines 400G,£2.50,£0.62/100g,null,bakery,2024-11-05
Hovis Seeded Batch 800G,£1.50,£0.19/100g,null,bakery,2024-11-05
Tesco Free From Jam Tarts 6 Pack,£2.10,£0.35/each,null,bakery,2024-11-05
Cadbury Raspberry Mini Roll 5 Pack,£2.00,£0.40/each,null,bakery,2024-11-05
Tesco Banana Loaf Cake,£1.60,£1.60/each,null,bakery,2024-11-05
Dina Paninette 5 Large White Bread Wraps,£1.10,£0.22/each,null,bakery,2024-11-05
Tesco High Fibre Granary Loaf 400G,£1.15,£0.29/100g,null,bakery,2024-11-05
Mr Kipling 6 Apple & Blackcurrant Pie 30% Less Sugar,£3.00,£0.50/each,null,bakery,2024-11-05
Tesco Flapjack 240G,£1.60,£0.67/100g,null,bakery,2024-11-05
Tesco Large Chocolate Cake,£11.00,£11.00/each,null,bakery,2024-11-05
Tesco Finest Black Forest Christmas Puddings 800G,£12.00,£1.50/100g,null,bakery,2024-11-05
Dina Baklawa 350G,£5.00,£1.43/100g,null,bakery,2024-11-05
Tesco Finest Free From Victoria Sponge Cake,£4.25,£4.25/each,null,bakery,2024-11-05
Tesco Finest Free From Millionaire Slices 4 Pack,£3.50,£0.88/each,null,bakery,2024-11-05
Tesco Finest Free From Carrot Cake,£4.25,£4.25/each,null,bakery,2024-11-05
Bfree Sweet Potato Gluten Free Wrap 6X42g,£3.75,£1.49/100g,null,bakery,2024-11-05
Oggs Vegan Mini Vanilla Cupcakes 9 Pack 180G,£4.00,£2.22/100g,null,bakery,2024-11-05
Warburtons Gluten Free 4 Soft Seeded Sliced Rolls,£2.90,£0.72/each,null,bakery,2024-11-05
Bfree Tiger Rolls 4X60g,£3.25,£1.35/100g,null,bakery,2024-11-05
Tesco Finest Free From Tiger Bread 400G,£3.15,£0.79/100g,null,bakery,2024-11-05
Tesco Finest Apple & Blackberry Crumble Danish 2 Pack,£2.00,£1.00/each,null,bakery,2024-11-05
Tesco Free From 5 Oaty Bakes 150G,£2.25,£1.50/100g,null,bakery,2024-11-05
Tesco 8 Cornflake Clusters,£1.40,£0.18/each,null,bakery,2024-11-05
Tesco Free From 2 Sultana Scones,£2.20,£1.10/each,null,bakery,2024-11-05
Daelmans Mini Caramel Stroopwafel 200G,£2.00,£1.00/100g,null,bakery,2024-11-05
Tesco Finest Kalamata & Halkidiki Olive Batard,£2.25,£2.25/each,null,bakery,2024-11-05
Bfree High Protein Wraps 4X42g,£3.20,£1.90/100g,null,bakery,2024-11-05
Patak's 4 Flame Baked Mini Naan Breads,£1.85,£0.46/each,null,bakery,2024-11-05
Crosta & Mollica 6 Whole Blend Piadina Midi Flatbreads 240G,£1.90,£0.79/100g,null,bakery,2024-11-05
Tesco Finest Free From Triple Chocolate Cookies 150G,£2.60,£1.73/100g,null,bakery,2024-11-05
Ms Mollys Chocolate Cake,£4.69,£4.69/each,null,bakery,2024-11-05
Old El Paso Super Soft Flour Tortillas Whole Wheat 8Pk 326G,£1.80,£0.55/100g,£1.50 Clubcard Price,bakery,2024-11-05
Tesco Cheese Bloomer,£2.00,£2.00/each,null,bakery,2024-11-05
Schar Gluten Free Foldable Flatbreads 225G,£2.50,£1.11/100g,null,bakery,2024-11-05
Tesco Free From 4 Chocolate Cupcakes,£2.90,£0.72/each,null,bakery,2024-11-05
Tesco High Fibre Wholemeal Loaf 400G,£1.15,£1.15/each,null,bakery,2024-11-05
Hovis White Bread 450G,£1.85,£0.41/100g,null,bakery,2024-11-05
Irwin's Together Cinnamon & Raisin Toasty Loaf 400G,null,null,null,bakery,2024-11-05
Tesco High Fibre Six Seed Loaf 400G,£1.15,£1.15/each,null,bakery,2024-11-05
Mrs Crimble's 6 Gluten Free Coconut Macaroons 180G,£1.50,£0.83/100g,null,bakery,2024-11-05
Tesco Birthday Cake Cubes 15 Pack,£14.00,£0.93/each,null,bakery,2024-11-05
Galaxy Ripple Indulgent Chocolate Cake,£14.00,£14.00/each,£10.00 Clubcard Price,bakery,2024-11-05
Tesco Half & Half Cake,£16.00,£16.00/each,null,bakery,2024-11-05
Tesco Finest Tiramisu Style Panettone 790G,£12.50,£1.58/100g,null,bakery,2024-11-05
Tesco Stars Party Cake,£9.00,£9.00/each,null,bakery,2024-11-05
Tesco Celebration Cake,£12.00,£12.00/each,null,bakery,2024-11-05
Tesco Happy Birthday Cake,£10.00,£10.00/each,null,bakery,2024-11-05
Tesco Triple Layer Chocolate Cake,£16.00,£16.00/each,null,bakery,2024-11-05
Tesco Small Chocolate Cake,£9.00,£9.00/each,null,bakery,2024-11-05
Tesco Football Cake,£10.00,£10.00/each,null,bakery,2024-11-05
Just Love Food Vegan Chocolate Cake,£8.00,£8.00/each,null,bakery,2024-11-05
Tesco Fuzzy Caterpillar Cake,£7.50,£7.50/each,null,bakery,2024-11-05
Schar Gluten Free Panettone With Raisins 420G,£7.90,£1.88/100g,null,bakery,2024-11-05
Tesco Finest Chocolate And Salted Caramel Cake,£6.00,£6.00/each,null,bakery,2024-11-05
Tesco 6 Half & Half Cupcakes,£4.25,£0.71/each,null,bakery,2024-11-05
Tesco Finest Free From Chocolate Cake,£4.25,£4.25/each,null,bakery,2024-11-05
Tesco Free From Flapjack Bites 20 Pack,£3.00,£0.15/each,null,bakery,2024-11-05
Tesco Finest Stonebaked Seeded Multigrain Bloomer,£2.50,£2.50/each,null,bakery,2024-11-05
Tesco Finest Stonebaked White Crusty Bloomer,£2.50,£2.50/each,null,bakery,2024-11-05
Oggs Vegan Victoria Sponge Cakes 4 Pack 184G,£4.00,£2.17/100g,null,bakery,2024-11-05
Tesco Finest Stonebaked Ciabatta,£2.25,£2.25/each,null,bakery,2024-11-05
Bosh Luscious Lemon Cake,£3.75,£3.75/each,null,bakery,2024-11-05
Tesco Finest 9 Chocolate Selection Mini Cupcakes,£4.00,£0.44/each,null,bakery,2024-11-05
We Love Cake Free From Raspberry Ripple 4 Pack 150G,£2.30,£1.53/100g,null,bakery,2024-11-05
Tesco Finest 9 Old School Pudding Mini Cupcakes,£4.00,£0.44/each,null,bakery,2024-11-05
Al'fez Lebanese Style Flatbreads Flame Baked 180G,£2.25,£1.25/100g,£2.00 Clubcard Price,bakery,2024-11-05
Tesco Finest Free From White Chocolate Cranberry Cookies 150G,£2.60,£1.73/100g,null,bakery,2024-11-05
Cadbury Crunchie Cake Bars 5 Pack,£2.25,£0.45/each,Save 1/3 £1.50 Clubcard Price,bakery,2024-11-05
Ms Mollys Madeira Cake ..,£4.69,£4.69/each,null,bakery,2024-11-05
Tesco Chocolate Swirl Bites 8 Pack,£1.75,£0.22/each,£1.50 Clubcard Price,bakery,2024-11-05
Tesco Finest Sundried Tomato & Oregano Sourdough 400G,£1.80,£0.45/100g,null,bakery,2024-11-05
Warburtons Small Seeded Batch Bread 400G,£1.20,£0.30/100g,null,bakery,2024-11-05
Warburtons Half & Half Thick Bread 800G,£1.35,£0.17/100g,null,bakery,2024-11-05
Mr Kipling Deliciously Good Mini Apple Pie 9Pk,£2.30,£0.26/each,null,bakery,2024-11-05
Tesco Rose Bouquet Cake,£16.00,£16.00/each,null,bakery,2024-11-05
Tesco Cookies & Cream Cake,£16.00,£16.00/each,null,bakery,2024-11-05
Marvel Spiderman Nut Free Cake,£16.00,£16.00/each,null,bakery,2024-11-05
Disney Cars Lightning Mcqueen Chocolate Cake,£16.00,£16.00/each,null,bakery,2024-11-05
Disney Princess Ensemble Celebration Cake,£14.00,£14.00/each,null,bakery,2024-11-05
Xbox Celebration Cake,£16.00,£16.00/each,null,bakery,2024-11-05
Tesco Pick & Mix Cupcake,£16.00,£16.00/each,null,bakery,2024-11-05
Pokemon Celebration Cake,£14.00,£14.00/each,null,bakery,2024-11-05
Tesco Finest Trillionaire Cake,£17.00,£17.00/each,null,bakery,2024-11-05
England Shirt Shaped Cake,£14.00,£14.00/each,null,bakery,2024-11-05
Tesco Madeira Party Cake,£9.00,£9.00/each,null,bakery,2024-11-05
Just Love Food Nut Free Happy Birthday Cake,£9.00,£9.00/each,null,bakery,2024-11-05
Thorntons Celebration Cake,null,null,null,bakery,2024-11-05
Me To You Gift Cake,£6.00,£6.00/each,null,bakery,2024-11-05
Tesco Free From Confetti Cake,£10.00,£10.00/each,null,bakery,2024-11-05
Thorntons Indulgent Chocolate Gift Cake,£6.00,£6.00/each,null,bakery,2024-11-05
Tesco Mini Danish Selection 5 Pack,£1.90,£0.38/each,null,bakery,2024-11-05
Tesco Finest Jalapeno & Vintage Cheddar Bloomer,£2.25,£2.25/each,null,bakery,2024-11-05
Tesco All Butter Chocolate Croissant,£1.10,£1.10/each,"£5 Meal Deal Clubcard Price £5.50 Meal Deal Regular Price - Selected Drink + Snack + Tesco Finest* Or Branded Sandwich, Wrap, Roll, Salad Or Sushi",bakery,2024-11-05
Cadbury Chocolate Mini Roll 10 Pack,£3.45,£0.34/each,£2.50 Clubcard Price,bakery,2024-11-05
Tesco All Butter Pain Au Raisin,£1.10,£1.10/each,"£5 Meal Deal Clubcard Price £5.50 Meal Deal Regular Price - Selected Drink + Snack + Tesco Finest* Or Branded Sandwich, Wrap, Roll, Salad Or Sushi",bakery,2024-11-05
Tesco All Butter Almond Croissant,£1.10,£1.10/each,"£5 Meal Deal Clubcard Price £5.50 Meal Deal Regular Price - Selected Drink + Snack + Tesco Finest* Or Branded Sandwich, Wrap, Roll, Salad Or Sushi",bakery,2024-11-05
Cadbury Raspberry Mini Roll 10 Pack,£3.45,£0.34/each,£2.50 Clubcard Price,bakery,2024-11-05
Tesco Create Your Own Gingerbread House 613G,£7.50,£1.22/100g,null,bakery,2024-11-05
St Pierre Mini Brioche Buns 10 Pack,null,null,£2.00 Clubcard Price,bakery,2024-11-05
St Pierre 4 Burger Buns,£2.50,£0.62/each,null,bakery,2024-11-05
Warburtons 4 Sliced Sandwich Rolls,£1.50,£0.38/each,£1.25 Clubcard Price,bakery,2024-11-05
Jason's 4 Everyday Tiger Rolls 320G,£1.50,£0.47/100g,null,bakery,2024-11-05
Jason's 4 Everyday White Rolls With Sourdough 320G,£1.50,£0.47/100g,null,bakery,2024-11-05
Tesco Finest 4 Ciabatta Rolls 360g,£2.25,£0.62/100g,£2.00 Clubcard Price,bakery,2024-11-05
Warburtons 8Pk Crumpet Thins,£1.40,£0.18/each,£1.00 Clubcard Price,bakery,2024-11-05
Hovis Premium Burger Buns 4 Pack,null,null,null,bakery,2024-11-05
Hovis Premium Hot Dog Rolls 4 Pack,null,null,null,bakery,2024-11-05
Tesco Seasonal Gingerbread Biscuit,£1.00,£1.00/each,"£5 Meal Deal Clubcard Price £5.50 Meal Deal Regular Price - Selected Drink + Snack + Tesco Finest* Or Branded Sandwich, Wrap, Roll, Salad Or Sushi",bakery,2024-11-05
Tesco Finest 6 Mini Brioche Buns,£1.35,£0.22/each,null,bakery,2024-11-05
Tesco Cheese & Herb Sub Rolls 4 Pack,£1.50,£0.38/each,null,bakery,2024-11-05
Lazyday 4 Vegan & Free From Belgian Chocolate Cake Bars 120G,£3.15,£2.62/100g,null,bakery,2024-11-05
Lazyday Salted Caramel Crispies 5 Slices 150G,£2.85,£1.90/100g,null,bakery,2024-11-05
Abra-Ca-Debora 6 Original Dutch Style Pancakes 405G,£2.45,£0.60/100g,null,bakery,2024-11-05
Cadbury Dairy Milk Brownie Bites 14,£2.75,£0.20/each,null,bakery,2024-11-05
Cadbury Dairy Milk Cornflake Cluster Bites X14,£2.75,£0.20/each,null,bakery,2024-11-05
Aagrah Garlic & Coriander Naan (2 x 200g),£2.20,£0.55/100g,null,bakery,2024-11-05
Aagrah Plain Naan (2 x 200g),£2.20,£0.55/100g,null,bakery,2024-11-05
Jason's White Ciabattin Sourdough 580G,£2.00,£0.34/100g,null,bakery,2024-11-05
Jason's Sunflower Seeded Protein Sourdough 580g,£2.50,£0.43/100g,null,bakery,2024-11-05
Jason's Grains & Seeds Ciabattin Sourdough 580G,£2.00,£0.34/100g,null,bakery,2024-11-05
Tesco Finest 4 Maple Syrup Buttermilk Pancakes,£1.75,£0.44/each,null,bakery,2024-11-05
Jason's Wholemeal Ciabattin Sourdough 580G,null,null,null,bakery,2024-11-05
Tesco Finest 4 Banana and Salted Caramel Pancakes,£1.75,£0.44/each,null,bakery,2024-11-05
Cadbury Mini Rolls Chocolate Orange 5 Pack,£2.00,£0.40/each,null,bakery,2024-11-05
Whaoo! 6 Chocolate Filled Crepes 192g,£1.90,£0.99/100g,£1.50 Clubcard Price,bakery,2024-11-05
Maltesers Raspberry Cake Bars 5 Pack,£2.30,£0.46/each,null,bakery,2024-11-05
Soreen Lift Bars Raspberry & Vanilla 4 Pack 168G,£2.25,£1.34/100g,null,bakery,2024-11-05
Soreen Lift Bars Chocolate & Orange 4 Pack 168G,£2.25,£1.34/100g,null,bakery,2024-11-05
Soreen Lift Bars Blueberry 4 Pack 168g,null,null,null,bakery,2024-11-05
McVitie's Jaffa Cakes Bars Cola Bottle Flavour 5 Pack,£1.95,£0.39/each,£1.25 Clubcard Price,bakery,2024-11-05
The Gym Kitchen 4 High Protein Banana Pancakes 200g,£2.00,£1.00/100g,null,bakery,2024-11-05
The Gym Kitchen 4 High Protein Maple Pancakes 200g,£2.00,£1.00/100g,null,bakery,2024-11-05
Mr Kipling Gooey Brownie Bites Salted Caramel 10 Pack,£2.25,£0.22/each,£1.25 Clubcard Price,bakery,2024-11-05
Mr Kipling Gooey Brownie Bites Double Chocolate 10 Pack,£2.25,£0.22/each,£1.25 Clubcard Price,bakery,2024-11-05
Warburtons Half and Half Thick 400g,£1.00,£0.25/100g,null,bakery,2024-11-05
Hearty Food Co. Plain Naan Breads,£0.69,£0.34/each,null,bakery,2024-11-05
Hearty Food Co. Garlic & Coriander Naan Breads,£0.69,£0.34/each,null,bakery,2024-11-05
Tesco Finest Chocolate and Black Forest Fruits Bar Cake,£17.00,£17.00/each,null,bakery,2024-11-05
OGGS Lemon Loaf Cake,£3.95,£3.95/each,£3.15 Clubcard Price,bakery,2024-11-05
Bonne Maman Petit Vanilla Muffins 235g,£2.75,£1.17/100g,£2.00 Clubcard Price,bakery,2024-11-05
Bonne Maman Petit Chocolate Muffins 235g,£2.75,£1.17/100g,£2.00 Clubcard Price,bakery,2024-11-05
Soreen Malt Loaf 2 Slices 45G,null,null,"£5 Meal Deal Clubcard Price £5.50 Meal Deal Regular Price - Selected Drink + Snack + Tesco Finest* Or Branded Sandwich, Wrap, Roll, Salad Or Sushi",bakery,2024-11-05
Tesco Chocolate Chip Brioche Rolls 8 Pack.,£1.60,£0.20/each,null,bakery,2024-11-05
Soreen Sticky Toffee Loaf 260g,null,null,null,bakery,2024-11-05
Tesco Finest Carrot Loaf Cake,£2.75,£2.75/each,null,bakery,2024-11-05
Hovis Farmhouse Batch 800g,£1.65,£0.21/100g,null,bakery,2024-11-05
Jacksons Tiger Bloomer 700g,£1.75,£0.25/100g,null,bakery,2024-11-05
Mr Kipling Sticky Toffee Loaf Sponge Cake,£1.75,£1.75/each,£1.25 Clubcard Price,bakery,2024-11-05
Tesco Finest White Loaf 800g,£1.40,£0.18/100g,null,bakery,2024-11-05
Mr Kipling Chocolate and Fudge Loaf Sponge Cake,£1.75,£1.75/each,£1.25 Clubcard Price,bakery,2024-11-05
Hovis Farmhouse Batch 400g,£1.25,£0.31/100g,75p Clubcard Price,bakery,2024-11-05
Tesco Golden Unicorn Cake,£16.00,£16.00/each,null,bakery,2024-11-05
Tesco Angus The Highland Cow Cake,£14.00,£14.00/each,null,bakery,2024-11-05
Bluey Celebration Cake,£14.00,£14.00/each,null,bakery,2024-11-05
Tesco Chocolate Safari Cake,£14.00,£14.00/each,null,bakery,2024-11-05
Tesco Finest White Chocolate & Raspberry Cake,£17.00,£17.00/each,null,bakery,2024-11-05
Tesco Finest Chocolate Cake,£17.00,£17.00/each,null,bakery,2024-11-05
Tesco Finest Red Velvet Cake Cake,£17.00,£17.00/each,null,bakery,2024-11-05
Tesco Finest Lemon Cake,£17.00,£17.00/each,null,bakery,2024-11-05
Tesco Finest Naked Chocolate & Blackberry Cake,£17.00,£17.00/each,null,bakery,2024-11-05
Minions Celebration Cake,£13.00,£13.00/each,null,bakery,2024-11-05
Cadbury Flake Cake,£15.00,£15.00/each,null,bakery,2024-11-05
Oggs Mega Caramel & Vanilla Cupcakes 9 Pack,£9.00,£1.00/each,null,bakery,2024-11-05
Tesco Free From Stripey The Caterpillar Cake,£7.50,£7.50/each,null,bakery,2024-11-05
Clay Oven Bakery Artisan Flame Baked Pizza Bases 2Pack 440g,£2.95,£0.67/100g,null,bakery,2024-11-05
Oggs Plant-Based Mini Chocolate Cupcakes 9 Pack 180G,£4.00,£2.22/100g,null,bakery,2024-11-05
Bosh Nutty Americano Cake,£3.75,£3.75/each,null,bakery,2024-11-05
Warburtons 4 Belgian Waffles 4x50g,£2.50,£1.25/100g,£2.00 Clubcard Price,bakery,2024-11-05
The Real Greek Flatbreads 4x80g,£2.25,£7.03/kg,null,bakery,2024-11-05
Tesco Finest 2 Wild Garlic Flatbreads,£1.75,£0.88/each,£1.40 Clubcard Price,bakery,2024-11-05
Geeta's 4 Roti Flatbread Five Seeds 220G,£1.95,£0.89/100g,null,bakery,2024-11-05
Dina 6 White Chapattis 300g.,£1.65,£0.55/100g,null,bakery,2024-11-05
Mr Kipling Cherry Bakewells 30% Less Sugar 6 Pack,£3.00,£0.50/each,Half Price £1.50 Clubcard Price,bakery,2024-11-05
Crosta & Mollica 2 Focaccia Panini 180g,null,null,null,bakery,2024-11-05
Warburtons 4pk Protein Flatbreads,£1.75,£0.44/each,null,bakery,2024-11-05
Warburtons 1 Belgian Waffle with Pearl Sugar 70g,£1.15,£1.64/100g,null,bakery,2024-11-05
Warburtons Belgian Choc Chip Waffle 70g,£1.15,£1.64/100g,null,bakery,2024-11-05
Deli Kitchen 4 Sliced Focaccia 300g,£1.60,£0.53/100g,£1.00 Clubcard Price,bakery,2024-11-05
Deli Kitchen 2 Lebanese Style Flatbreads,£1.50,£0.75/each,null,bakery,2024-11-05
Tesco 4 Greek Style Folded Flatbreads 340G,£1.30,£0.38/100g,null,bakery,2024-11-05
Tesco 4 Chipotle Folded Flatbreads 340G,£1.30,£0.38/100g,null,bakery,2024-11-05
Tesco Finest Tiramisu Cake,£17.00,£17.00/each,null,bakery,2024-11-05
Tesco Mermaid Cake,£16.00,£16.00/each,null,bakery,2024-11-05
M&M's Red Party Cake,£14.00,£14.00/each,null,bakery,2024-11-05
Tesco Pip The Pup Party Cake,£14.00,£14.00/each,null,bakery,2024-11-05
Disney Moana Celebration cake,£14.00,£14.00/each,null,bakery,2024-11-05
Tesco Dinosaur Cake,£14.00,£14.00/each,null,bakery,2024-11-05
Tesco Decorate your Own Vanilla Traybake,£13.00,£13.00/each,null,bakery,2024-11-05
Tesco Over the Rainbow Cake,£12.00,£12.00/each,null,bakery,2024-11-05
Spongebob SquarePants Celebration Cake,£13.00,£13.00/each,null,bakery,2024-11-05
Say it with Cake Tunis Cake,£10.00,£10.00/each,null,bakery,2024-11-05
Wicked Kitchen Belgian Chocolate and Raspberry Cake. 100% Plant Based,£12.50,£12.50/each,null,bakery,2024-11-05
Tesco Finest Apple and Blackcurrant Crumble cake,£6.00,£6.00/each,null,bakery,2024-11-05
Tesco Finest Sticky Toffee cake,£6.00,£6.00/each,null,bakery,2024-11-05
Galaxy Treat Cake,£10.00,£10.00/each,null,bakery,2024-11-05
Mars Galaxy Chocolate and Caramel Cake,£4.00,£4.00/each,null,bakery,2024-11-05
Tesco Finest Limited Edition Wild Garlic Ciabatta,£2.25,£2.25/each,null,bakery,2024-11-05
Tesco Finest Cranberry Raisin & Cashew Bloomer,£2.25,£2.25/each,null,bakery,2024-11-05
Hovis Seed Sensations Maltd Wholegrain 800G,£1.85,£0.23/100g,£1.50 Clubcard Price,bakery,2024-11-05
Hovis Seeds Sensations Sunflower Pumpkin & Oat 800G,£1.85,£0.23/100g,£1.50 Clubcard Price,bakery,2024-11-05
Hovis 1886 Rustic Bloomer Seeded 550g,null,null,null,bakery,2024-11-05
Hovis 1886 Rustic Bloomer White 550g,£1.90,£0.34/100g,null,bakery,2024-11-05
Hovis 1886 Rustic Bloomer Granary 550g,£1.90,£0.34/100g,null,bakery,2024-11-05
Tesco Finest Green Olive & Rosemary Sourdough 400G,£1.80,£0.45/100g,null,bakery,2024-11-05
Tesco Finest Ciabatta Roll,£0.50,£0.50/each,null,bakery,2024-11-05
Tesco Finest Seeded Roll,£0.60,£0.60/each,null,bakery,2024-11-05
Tesco Finest Ciabatta Loaf 270g,£1.75,£0.65/100g,null,bakery,2024-11-05
Tesco Finest Halkidiki & Kalamata Olive Roll,£0.60,£0.60/each,null,bakery,2024-11-05
Tesco Finest Red Leicester & West Country Cheddar Sourdough Bread 400G,£1.80,£0.45/100g,null,bakery,2024-11-05
Warburtons 4 Soft White Pittas,£1.15,£0.29/each,null,bakery,2024-11-05
Warburtons 4 Soft Wholemeal Pittas,£1.15,£0.29/each,null,bakery,2024-11-05
Urban Legend 3 Pack Choose Your Own Doughnuts,£5.95,£5.95/each,null,bakery,2024-11-05
Kuchenmeister Baked Apple Stollen Bites 275g,£3.75,£1.36/100g,£3.25 Clubcard Price,bakery,2024-11-05
Urban Legend Cinnamon Bun Single,£2.45,£2.45/each,null,bakery,2024-11-05
Tesco Brown Sourdough 400G,£2.00,£0.50/100g,null,bakery,2024-11-05
Hayden's 4 Delicious Yum Yums,£1.65,£0.41/each,null,bakery,2024-11-05
Pagen Gifflar Rolls With Vanilla Filling 12S 260G,£2.00,£0.77/100g,null,bakery,2024-11-05
Warburtons Thin Bagels Sesame 6 Pack,£1.50,£0.25/each,£1.25 Clubcard Price,bakery,2024-11-05
New York Bakery Sweet Maple Bagel 5 pack,£1.90,£0.38/each,Save 1/3 £1.25 Clubcard Price,bakery,2024-11-05
Mrs Crimble's 6 Gluten Free Caramel Macaroons 180g,£1.50,£0.83/100g,null,bakery,2024-11-05
Tesco Lightly Seeded Loaf 800G,£0.85,£0.11/100g,null,bakery,2024-11-05
Tesco Finest Chocolate Star Panettone 750g,£12.50,£1.67/100g,null,bakery,2024-11-05
Tesco Finest Free From Chocolate Rocky Road Bites 166g,£3.50,£2.11/100g,null,bakery,2024-11-05
Tesco Finest Cornflake Brownies 2 Pack,£2.80,£1.40/each,null,bakery,2024-11-05
Tesco 6 All Butter Croissants Family Pack,£2.75,£0.46/each,null,bakery,2024-11-05
Teco Finest 9 All Butter Pastry Mini Mince Pies,£3.50,£0.39/each,null,bakery,2024-11-05
Tesco Finest Peach & Almond Danish 2 Pack,£2.00,£1.00/each,null,bakery,2024-11-05
Tesco Finest Coffee & Walnut Muffins 2 Pack,£1.95,£0.98/each,null,bakery,2024-11-05
Genius Free From 4 Triple Chocolate Fudgy Brownies,£3.25,£0.81/each,null,bakery,2024-11-05
Tesco Finest Belgian Triple Chocolate Muffins 2 Pack,£1.95,£0.98/each,null,bakery,2024-11-05
Tesco Finest White Sourdough Sliced Loaf 800 Grams,£3.75,£3.75/each,null,bakery,2024-11-05
Tesco Finest 4 Tiramisu Brownie,£3.50,£0.88/each,null,bakery,2024-11-05
Tesco Finest Sicilian Lemon Curd Muffins 2 Pack,£1.95,£0.98/each,null,bakery,2024-11-05
Tesco Lattice Top Puff Pastry Mince Pies 4 Pack,£1.50,£0.38/each,null,bakery,2024-11-05
Tesco Puff Pastry Mince Pies 4 Pack,£1.50,£0.38/each,null,bakery,2024-11-05
Tesco Finest Victoria Sponge Muffins 2 Pack,£1.95,£0.98/each,null,bakery,2024-11-05
Tesco Finest White Sourdough Loaf 800g,£3.75,£3.75/each,null,bakery,2024-11-05
Tesco Finest White Stonebaked Boule 400g,£2.25,£2.25/each,null,bakery,2024-11-05
Cadbury Dairy Milk Caramel Mini Cookies X14,£2.75,£0.20/each,null,bakery,2024-11-05
Tesco Finest Free From 4 White Chocolate & Raspberry Blondies,£3.50,£0.88/each,null,bakery,2024-11-05
Tesco Finest Spelt and Rye Loaf 800g,£3.75,£3.75/each,null,bakery,2024-11-05
Tesco Finest Free From 4 Sticky Toffee Tarts 180g,£3.25,£1.81/100g,null,bakery,2024-11-05
Tesco Finest 4 Caramelised Biscuit & White Chocolate Cookies,£2.00,£0.50/each,£1.70 Clubcard Price,bakery,2024-11-05
St Michel Choco Muffin 6 Pack 180G,£2.20,£1.22/100g,£1.50 Clubcard Price,bakery,2024-11-05
St Michel Choco Burger 6 Pack 175G,£2.20,£1.26/100g,£1.50 Clubcard Price,bakery,2024-11-05
Tesco Finest Limited Edition Rye & Sprouted Grain Bloomer 400g,£2.25,£2.25/each,null,bakery,2024-11-05
St Michel Choco Waffle 6 Pack 180G,£2.20,£1.22/100g,£1.50 Clubcard Price,bakery,2024-11-05
Tesco Finest Spelt and Rye Sliced Loaf 800 Grams,£3.75,£3.75/each,null,bakery,2024-11-05
Tesco Free From 4 Orange & Almond Mincemeat Slices 176G,£2.50,£1.42/100g,null,bakery,2024-11-05
Tesco Finest Seeded Sourdough Loaf 800g,£3.75,£3.75/each,null,bakery,2024-11-05
Tesco Finest Seeded Sourdough Sliced Loaf 800 Grams,£3.75,£3.75/each,null,bakery,2024-11-05
Daelmans Caramel Stroopwafels 8 Pack 230g,£2.00,£0.87/100g,null,bakery,2024-11-05
Mr Kipling Signature Chocolate and Caramel Layer Cakes 4 pack,£2.50,£0.62/each,£1.75 Clubcard Price,bakery,2024-11-05
Mr Kipling Signature Double Chocolate Small Cakes 5 Pack,£2.50,£0.50/each,£1.75 Clubcard Price,bakery,2024-11-05
Tesco Finest Banoffee Tarts 2 Pack,£2.45,£1.22/each,null,bakery,2024-11-05
Mr Kipling Strawberries and Cream French Fancies Cakes 8 Pack,£3.00,£0.38/each,Save 1/3 £2.00 Clubcard Price,bakery,2024-11-05
Slooow Rustic Multigrain Baguette 250g,£1.60,£0.64/100g,null,bakery,2024-11-05
Mr Kipling Caramel Tarts Cakes 6 Pack,£3.00,£0.50/each,£1.75 Clubcard Price,bakery,2024-11-05
Mr Kipling 6 Chocolate & Orange Slices,null,null,null,bakery,2024-11-05
Tesco Finest 4 Salted Caramel & Chocolate Hot Cross Buns,£1.80,£0.45/each,null,bakery,2024-11-05
Tesco Finest Blackberry & Dark Chocolate Panettone 750g,£16.00,£2.13/100g,£14.00 Clubcard Price,bakery,2024-11-05
Tesco Candy Cane Festive Layer Cake,£14.00,£14.00/each,null,bakery,2024-11-05
Tesco Finest 18 Month Mature Christmas Pudding 800g,£14.00,£1.75/100g,null,bakery,2024-11-05
Nomma Italian Limoncello Panettone 500G,£6.00,£1.20/100g,£5.25 Clubcard Price,bakery,2024-11-05
Tesco Finest Authentic Panettone 750G,£10.00,£1.33/100g,£8.50 Clubcard Price,bakery,2024-11-05
Tesco Finest 4 Spiced Rum Mince Pies,£3.50,£0.88/each,null,bakery,2024-11-05
Tesco Finest 4 Frangipane Mince Pies,£3.50,£0.88/each,null,bakery,2024-11-05
JNCK Bakery Trippple Chocolate Cookies 3x48g,£3.95,£2.74/100g,£3.50 Clubcard Price,bakery,2024-11-05
JNCK White Gold Cookie 3x 48g,£3.95,£2.74/100g,£3.50 Clubcard Price,bakery,2024-11-05
Kuchenmeister Marzipan Stollen Bites 275g,£3.75,£1.36/100g,£3.25 Clubcard Price,bakery,2024-11-05
Tesco Finest Cranberry & Orange Pane-toastie 500g,£5.50,£1.10/100g,£4.95 Clubcard Price,bakery,2024-11-05
Kuchenmeister Stollen Cookies 270g,£3.75,£1.39/100g,£3.25 Clubcard Price,bakery,2024-11-05
Tesco 9 Jolly Candy Cane Cupcakes,£5.00,£0.56/each,£4.00 Clubcard Price,bakery,2024-11-05
Tesco Finest 4 Crumble Topped Mince Pies,£3.50,£0.88/each,null,bakery,2024-11-05
Tesco Abominable Snowman 4 Cupcakes,£3.00,£0.75/each,null,bakery,2024-11-05
JNCK Milky Chocolate Cookie 3x 48g,£3.95,£2.74/100g,£3.50 Clubcard Price,bakery,2024-11-05
Schar Gltn/Fr Balance of Both Loaf 475g,£2.95,£0.62/100g,null,bakery,2024-11-05
Cadbury Dairy Milk Caramel Flap Jack Bites X14,£2.75,£0.20/each,null,bakery,2024-11-05
Tesco Abominable Snowman Snowballs 203g,£3.50,£1.72/100g,null,bakery,2024-11-05
Cadbury Dairy Milk Flapjack Bites X14,£2.75,£0.20/each,null,bakery,2024-11-05
Tesco Design Your Own Christmas Tree Kit 316g,£2.55,£1.16/100g,null,bakery,2024-11-05
Tesco Finest 4 Rich Plum & Port Mince Pies,£3.50,£0.88/each,null,bakery,2024-11-05
Genius Gluten Free Soft White Toastie Loaf 430G,£2.75,£0.64/100g,null,bakery,2024-11-05
St Pierre 6 Chocolate Filled Crepes,null,null,null,bakery,2024-11-05
Tesco Bake at Home Ciabatta Rolls 240g,£2.00,£0.83/100g,null,bakery,2024-11-05
Mr Kipling 4 All Butter Mince Pies,£3.50,£0.88/each,Half Price £1.75 Clubcard Price,bakery,2024-11-05
Schar Gltn/Fr Balance of Both Rolls 260g,£2.50,£0.96/100g,null,bakery,2024-11-05
Capsicana 8 Mini Tortilla Wheat Flour Wraps 240G,£1.85,£0.77/100g,£1.45 Clubcard Price,bakery,2024-11-05
Lyle's Golden Syrup Flapjacks 5x30g,£2.50,£1.67/100g,£1.75 Clubcard Price,bakery,2024-11-05
St Pierre 6 Pain Au Chocolat,£2.00,£0.33/each,null,bakery,2024-11-05
Lyle's Golden Syrup Chocolate Flapjacks 5x30g,£2.50,£1.67/100g,£1.75 Clubcard Price,bakery,2024-11-05
St Pierre 6 Croissants,£2.00,£0.33/each,null,bakery,2024-11-05
Hershey's Crepe Cookies & Creme 6 Pack 192G,£2.10,£1.09/100g,£1.60 Clubcard Price,bakery,2024-11-05
Tesco Free From 4 Brioche Burger Buns,£2.50,£0.62/each,null,bakery,2024-11-05
Tesco Free From White Rolls 4 Pack,£1.75,£0.44/each,null,bakery,2024-11-05
Tesco Free From Seeded Brown Rolls 4 Pack,£1.75,£0.44/each,null,bakery,2024-11-05
Tesco Jam Trifle Buns 2 Pack,£1.75,£0.88/each,null,bakery,2024-11-05
Tesco 4 Bake at Home Mini Panini Style Rolls 300g,£1.25,£0.42/100g,null,bakery,2024-11-05
Tesco Syrup Sponge 100g,£1.25,£1.25/100g,null,bakery,2024-11-05
Tesco 6 Snowy Mince Pies 6 Pack,£2.15,£0.36/each,null,bakery,2024-11-05
Tesco Finest 9 Mini Hot Cross Buns,£1.80,£0.20/each,null,bakery,2024-11-05
Tesco Finest Free From Honeycomb Bauble 605g,£10.00,£1.65/100g,null,bakery,2024-11-05
Baileys Chocolate Yule Log,£8.00,£8.00/each,null,bakery,2024-11-05
Galaxy Cupcakes 9 pack,£7.50,£0.83/each,null,bakery,2024-11-05
Tesco 12 Party Cupcakes.,£7.25,£0.60/each,null,bakery,2024-11-05
Tesco Free From Vanilla Traybake,£5.00,£5.00/each,null,bakery,2024-11-05
Tesco 36 Flapjack Bites,£4.00,£0.11/each,null,bakery,2024-11-05
Tesco 30 Cornflake Clusters,£4.00,£0.13/each,null,bakery,2024-11-05
Just Love Vanilla school cakes,£4.50,£450.00/100g,null,bakery,2024-11-05
Tesco Free From 5 Chocolate Cake Slices,£3.10,£0.62/each,null,bakery,2024-11-05
Tesco 40 Chocolate Brownie Bites,£4.00,£0.10/each,null,bakery,2024-11-05
Tesco Free From 5 Angel Slice,£3.10,£0.62/each,null,bakery,2024-11-05
Tesco Free From 5 Lemon Slices,£3.10,£0.62/each,null,bakery,2024-11-05
Tesco 6 Unicorn Cupcakes,£4.25,£0.71/each,null,bakery,2024-11-05
Promise Gluten Free English Muffins x 4 (240g),£3.75,£1.56/100g,null,bakery,2024-11-05
Promise Gluten Free Wholesome Brown Loaf 480G,£3.60,£0.75/100g,null,bakery,2024-11-05
Tesco 6 Safari Cupcakes,£4.25,£0.71/each,null,bakery,2024-11-05
Promise Gluten Free Chia And Quinoa Loaf 480G,£3.60,£0.75/100g,null,bakery,2024-11-05
Tesco Free From Christmas Pudding 400G,£4.00,£1.00/100g,null,bakery,2024-11-05
Tesco Finest 2 Lem-Berry Mess Cupcakes,£3.50,£1.75/each,null,bakery,2024-11-05
Tesco Finest Free From 4 Triple Chocolate Topped Brownies,£3.50,£0.88/each,null,bakery,2024-11-05
Tesco Free From Abominable Snowman chocolate cupcakes 4pk,£3.00,£0.75/each,null,bakery,2024-11-05
Genius Gluten Free Multi Seeded Farmhouse Loaf 430G,£2.75,£0.64/100g,null,bakery,2024-11-05
Warburtons Gluten Free Soft White Pittas 4pk,£3.00,£0.75/each,null,bakery,2024-11-05
"Genius Gluten Free Brioche Loaf 400g,",£3.00,£0.75/100g,null,bakery,2024-11-05
Tesco Finest Free From 2 Sticky Toffee Muffins,£2.75,£1.38/each,null,bakery,2024-11-05
Tesco Finest Free From Oaty Cob 400g,£3.15,£0.79/100g,null,bakery,2024-11-05
Juvela Gluten Free Italian Flatbread Wild Garlic & Rosemary 225g,£2.75,£1.22/100g,£2.00 Clubcard Price,bakery,2024-11-05
Juvela Gluten Free Indian Flatbread Tandoori Masala & Coriander 225g,£2.75,£1.22/100g,£2.00 Clubcard Price,bakery,2024-11-05
Tesco White Chocolate Rocky Road Bites 195G,£2.75,£1.41/100g,£2.40 Clubcard Price,bakery,2024-11-05
Tesco Finest 2 Cho-ffee Cupcakes,£3.50,£1.75/each,null,bakery,2024-11-05
Genius Deliciously Gluten Free Blueberry Pancakes 6PK,£2.25,£0.38/each,null,bakery,2024-11-05
Tesco Double Chocolate Brownie Mini Bites 230g,£3.50,£1.52/100g,null,bakery,2024-11-05
Tesco Millionaire Mini Bites 250g,£3.50,£1.40/100g,null,bakery,2024-11-05
Genius Gluten Free Fruity Teacakes 2 Pack,£2.50,£1.25/each,null,bakery,2024-11-05
BFREE GLUTEN FREE SOFT WHITE WRAP 4x42G,£2.70,£1.61/100g,null,bakery,2024-11-05
T. Finest Free From 2 Sicilian Lemon Curd Muffins,£2.75,£1.38/each,null,bakery,2024-11-05
Tesco Cinnamon Buns 2 Pack,£1.75,£0.88/each,null,bakery,2024-11-05
Tesco 2 Belgian Buns,£1.75,£0.88/each,null,bakery,2024-11-05
Tesco Double Chocolate Mini Rolls 295g,£3.50,£1.19/100g,null,bakery,2024-11-05
Tesco Trillionaire Buns 2 Pack,£1.75,£0.88/each,null,bakery,2024-11-05
Tesco Finest Indulgent Caramel Brownie Traybake,£12.00,£12.00/each,null,bakery,2024-11-05
Tesco Vanilla Tray Bake,£8.00,£8.00/each,£7.00 Clubcard Price,bakery,2024-11-05
Tesco Chocolate Tray Bake,£8.00,£8.00/each,£7.00 Clubcard Price,bakery,2024-11-05
Just Love Confetti Traybake,£6.00,£6.00/each,null,bakery,2024-11-05
Tesco Bake at home Ciabatta Loaf 250g,£2.00,£0.80/100g,null,bakery,2024-11-05
Tesco Salted Caramel Filled Doughnuts 2 Pack,£1.75,£0.88/each,null,bakery,2024-11-05
Tesco Free From 2 Croissants,£2.50,£1.25/each,null,bakery,2024-11-05
Tesco Finest Bake at Home White Bloomer with Sourdough 400g,£2.10,£0.52/100g,null,bakery,2024-11-05
The Delicious Dessert Company 2 Raspberry Funfetti Yum Yums,£2.50,£1.25/each,null,bakery,2024-11-05
The Delicious Dessert Company 2 Millionaires Yum Yums,£2.50,£1.25/each,null,bakery,2024-11-05
Strong Roots The Pumpkin & Spinach Burger 300G,£3.30,£11.00/kg,£2.50 Clubcard Price,frozen_vegan,2024-11-05
Little Moons 6 Passion Fruit Mango Treats 192G,£5.00,£2.60/100g,Save 25% £3.75 Clubcard Price,frozen_vegan,2024-11-05
Magnum Vegan Non Dairy Classic Ice Cream Sticks 3x90ml,£4.00,£1.48/100ml,null,frozen_vegan,2024-11-05
Magnum Vegan Non Dairy Almond Ice Cream Sticks 3x90ml,£4.00,£1.48/100ml,null,frozen_vegan,2024-11-05
Tesco Plant Chef Meat Free Sausage Rolls 600G,£2.70,£4.50/kg,null,frozen_vegan,2024-11-05
Linda Mccartney Vegetarian Meatballs 399G,£3.00,£7.52/kg,£2.50 Clubcard Price,frozen_vegan,2024-11-05
Magnum Mini Vegan Classic Vanilla & Almond 6 Pack 330Ml,£4.50,£1.36/100ml,null,frozen_vegan,2024-11-05
Pret A Manger Plain Vegan Croissants 360G,null,null,£2.95 Clubcard Price,frozen_vegan,2024-11-05
Linda Mccartneys Vegemince 500G,£3.30,£6.60/kg,£2.80 Clubcard Price,frozen_vegan,2024-11-05
Kirsty's Vegetable Lasagne 300G,£3.00,£10.00/kg,Save 1/3 £2.00 Clubcard Price,frozen_vegan,2024-11-05
Kirsty's Vegan Mac & Cheeze 275G,£3.00,£10.91/kg,Save 1/3 £2.00 Clubcard Price,frozen_vegan,2024-11-05
Swedish Glace Vanilla Non Dairy Vegan Ice Cream Tub 750ml,£3.00,£0.40/100ml,null,frozen_vegan,2024-11-05
"Goodlife Falafel Lemon, Cumin & Coriander 14 Pack 280G",£2.75,£9.82/kg,null,frozen_vegan,2024-11-05
Swedish Glace Raspberry Non Dairy Vegan Ice Cream Tub 750ml,£3.00,£0.40/100ml,null,frozen_vegan,2024-11-05
Zizzi Vegan Rainbow Lasagne 400G,£3.75,£9.38/kg,£3.25 Clubcard Price,frozen_vegan,2024-11-05
Beyond Meat Beyond Burger Plant Based Burger,£4.00,£17.70/kg,£2.75 Clubcard Price,frozen_vegan,2024-11-05
Linda Mccartney 6 Vegetarian Red Onion & Rosemary Sausages 270G,£2.50,£9.26/kg,£2.00 Clubcard Price,frozen_vegan,2024-11-05
Dr Oetker Ristorante Margherita Pomodori Pizza Vegan 340G,£3.25,£0.96/100g,null,frozen_vegan,2024-11-05
Linda Mccartney 2 Vegetarian Deep Dish Country Pies 380G,null,null,null,frozen_vegan,2024-11-05
Birds Eye Green Cuisine Chicken Free Southern Fried Grills X2 180G,£2.65,£14.72/kg,£2.00 Clubcard Price,frozen_vegan,2024-11-05
Birds Eye Green Cuisine Fishless Fingers 12 Pack 336G,£3.00,£8.93/kg,null,frozen_vegan,2024-11-05
Frys Meat Free 8 Original Hot Dogs 360G,£3.00,£8.33/kg,Half Price £1.50 Clubcard Price,frozen_vegan,2024-11-05
Chicago Town Vegan Crust Pizza Bbq Jackfruit 490G,£4.50,£0.92/100g,null,frozen_vegan,2024-11-05
Quorn Vegan Crunchy Fillet Burgers 2 Pack 190G,£3.00,£15.79/kg,Save 1/3 £2.00 Clubcard Price,frozen_vegan,2024-11-05
Birds Eye Green Cuisine 2 Meat Free Burgers 200G,£3.00,£15.00/kg,Save 1/3 £2.00 Clubcard Price,frozen_vegan,2024-11-05
Tesco Free From Strawberry & Vanilla Cones 4 X 120Ml,null,null,null,frozen_vegan,2024-11-05
Tesco Free From Ice Cream Chocolate Sticks 3 X100ml,£2.75,£0.92/100ml,null,frozen_vegan,2024-11-05
Tesco Plant Chef No Steak Pie 568G,£2.65,£4.66/kg,null,frozen_vegan,2024-11-05
Birds Eye Green Cuisine 2 Fishless Battered Fillets 240G,£3.00,£12.50/kg,null,frozen_vegan,2024-11-05
Richmond Vegan No Chicken Pieces Roast Flavoured 220G,£3.00,£13.64/kg,£2.50 Clubcard Price,frozen_vegan,2024-11-05
Birds Eye Green Cuisine Chicken-Free Dippers 220G,£3.00,£13.64/kg,Save 1/3 £2.00 Clubcard Price,frozen_vegan,2024-11-05
Linda Mccartneys Vegetarian Tomato & Basil Meatballs 292G,£2.50,£8.56/kg,null,frozen_vegan,2024-11-05
Tesco Plant Chef 6 Herby Bangers 300G,null,null,null,frozen_vegan,2024-11-05
Linda Mccartney Vegetarian Shredded Hoisin Duck 300G,£2.50,£8.33/kg,null,frozen_vegan,2024-11-05
Birds Eye 10 Vegetable Fingers 284G,£1.90,£6.69/kg,null,frozen_vegan,2024-11-05
Linda Mccartney 6 Vegetarian Sausages 270G,£2.50,£9.26/kg,null,frozen_vegan,2024-11-05
Tesco Plant Chef 4 Vegetable Burgers 454G,£1.69,£3.72/kg,null,frozen_vegan,2024-11-05
Tesco Plant Chef 8 Meat Free Burgers 454G,£2.25,£4.96/kg,null,frozen_vegan,2024-11-05
Tesco Plant Chef Meat Free Mince 454G,£1.69,£3.72/kg,null,frozen_vegan,2024-11-05
Quorn Roarsomes Vegan Dinosaurs 240G,£2.65,£11.04/kg,null,frozen_vegan,2024-11-05
Tesco Plant Chef 4 Spicy Bean Burgers 454G,£1.69,£3.72/kg,null,frozen_vegan,2024-11-05
Birds Eye Green Cuisine Chicken Free Southern Fried Strips 210G,£3.00,£14.29/kg,null,frozen_vegan,2024-11-05
Tesco Plant Chef 16 Vegetable Fingers 448G,£1.69,£3.77/kg,null,frozen_vegan,2024-11-05
Zizzi Vegan Lentil Ragu 400g,£3.75,£9.38/kg,£3.25 Clubcard Price,frozen_vegan,2024-11-05
Doughlicious Chocolate Chip Cookie Dough & Gelato Bites 6 x 34g,£4.50,£2.21/100g,null,frozen_vegan,2024-11-05
Doughlicious Chocolate Truffle Cookie Dough & Gelato Bites 6 x 34g,£4.50,£2.21/100g,null,frozen_vegan,2024-11-05
Quorn 4 Southern Fried Burgers 252g,£2.65,£10.52/kg,null,frozen_vegan,2024-11-05
Ben & Jerry's Cookies On Cookie Dough Non Dairy Ice Cream Tub 465ml,£5.20,£1.12/100ml,null,frozen_vegan,2024-11-05
Chicago Town Vegan Tomato Stuffed Crust Pepper-No-Ni Pizza 493g,£4.00,£0.81/100g,null,frozen_vegan,2024-11-05
Tesco Plant Chef No-Turkey Crown with Sage & Onion Stuffing 400g,£5.00,£12.50/kg,null,frozen_vegan,2024-11-05
Ben & Jerry's Sundae Oat Of This Swirled Non Dairy Ice Cream Tub 427ml,£5.20,£1.22/100ml,null,frozen_vegan,2024-11-05
Ben & Jerry's Sundae Coffee Caramel Non Dairy Ice Cream Tub 427ml,£5.20,£1.22/100ml,null,frozen_vegan,2024-11-05
Ben & Jerry’s Chocolate Fudge Brownie Non Dairy Ice Cream Tub 465ml,£5.20,£1.12/100ml,null,frozen_vegan,2024-11-05
This Isn't Chicken Southern Fried Tenders 240G,£3.00,£12.50/kg,£2.70 Clubcard Price,frozen_vegan,2024-11-05
This Isn't Chicken Lightly Seasoned Pieces 250G,£3.00,£12.00/kg,£2.70 Clubcard Price,frozen_vegan,2024-11-05
Little Moons Mochi Sorbet Very Berry 6X32g,£5.00,£2.60/100g,null,frozen_vegan,2024-11-05
Little Moons Mochi Sorbet Pineapple 6X32g,£5.00,£2.60/100g,null,frozen_vegan,2024-11-05
Quorn Takeaway 2 Spicy Buffalo Fillets 200G,£3.00,£15.00/kg,Save 1/3 £2.00 Clubcard Price,frozen_vegan,2024-11-05
This Isn't Pork Plant Based Sausages 270G,£3.00,£11.11/kg,£2.70 Clubcard Price,frozen_vegan,2024-11-05
Kirsty's Luxury Apple Pie 322G,£3.30,£10.25/kg,null,frozen_vegan,2024-11-05
Dr Oetker Ristorante Vegan Pepperoni Salami Pizza 295G,£3.25,£1.10/100g,null,frozen_vegan,2024-11-05
Zizzi Vegan Jackfruit Pepperoni Pizza 400G,£4.25,£1.06/100g,null,frozen_vegan,2024-11-05
Cornetto Non Dairy Vegan Gluten Free Soy Vanilla Ice Cream Cone 4x90ml,£3.00,£0.83/100ml,null,frozen_vegan,2024-11-05
Tesco Plant Chef 2 Seasonal Seeded Roasts with Port Gravy 310g,£2.75,£8.87/kg,null,frozen_vegan,2024-11-05
Wicked Kitchen Non Dairy Chocolate & Red Berry Cones 4x120ml,£4.50,£0.94/100ml,null,frozen_vegan,2024-11-05
Tesco Plant Chef Chicken-Style Pieces 300G,£2.25,£7.50/kg,null,frozen_vegan,2024-11-05
Richmond 12 Meat Free Vegan Sausages 456g,£2.75,£6.03/kg,null,frozen_vegan,2024-11-05
Beyond Meat Plant-Based Spaghetti Bolognese 350G,null,null,null,frozen_vegan,2024-11-05
Linda Mccartney 2 Vegetarian Quarter Pounder Burgers 227G,£2.50,£11.01/kg,null,frozen_vegan,2024-11-05
Richmond 8 Frozen Meat Free Vegan Caramelised Onion Flavour Sausages 304g,£2.15,£7.07/kg,£1.90 Clubcard Price,frozen_vegan,2024-11-05
Richmond 8 Meat Free Vegan Sausages 304G,£2.15,£7.07/kg,£1.90 Clubcard Price,frozen_vegan,2024-11-05
Fry's Plant Based Mince 300g,null,null,null,frozen_vegan,2024-11-05
Tesco Plant Chef 2 Meat Free No-Chicken Breasts 180G,£1.65,£9.17/kg,null,frozen_vegan,2024-11-05
Tesco Plant Chef No-Beef Meatballs 380g,£1.90,£5.00/kg,null,frozen_vegan,2024-11-05
Fry's Plant-Based Popcorn Chick'n 300G,£3.00,£10.00/kg,null,frozen_vegan,2024-11-05
Tesco Plant Chef 2 Meat-Free No-Ckn Garlic Kievs 280G,£2.30,£8.21/kg,null,frozen_vegan,2024-11-05
Strong Roots The Pumpkin & Spinach Burger 300G,£3.30,£11.00/kg,£2.50 Clubcard Price,frozen_vegetarian,2024-11-05
Strong Roots Air Bites Crispy Spinach & Carrot 300g,£3.00,£10.00/kg,£2.50 Clubcard Price,frozen_vegetarian,2024-11-05
Strong Roots Air Bites Crispy Pea & Lemon 300g,£3.00,£10.00/kg,£2.50 Clubcard Price,frozen_vegetarian,2024-11-05
Tesco Plant Chef Meat Free Sausage Rolls 600G,£2.70,£4.50/kg,null,frozen_vegetarian,2024-11-05
Linda Mccartney 2 Mozzarella Burgers 227G,£2.50,£11.01/kg,£2.00 Clubcard Price,frozen_vegetarian,2024-11-05
Kirsty's Vegetable Lasagne 300G,£3.00,£10.00/kg,Save 1/3 £2.00 Clubcard Price,frozen_vegetarian,2024-11-05
Beyond Meat Beyond Burger Plant Based Burger,£4.00,£17.70/kg,£2.75 Clubcard Price,frozen_vegetarian,2024-11-05
Quorn Family Roast 454G,£3.75,£8.26/kg,null,frozen_vegetarian,2024-11-05
Linda Mccartney 6 Vegetarian Red Onion & Rosemary Sausages 270G,£2.50,£9.26/kg,£2.00 Clubcard Price,frozen_vegetarian,2024-11-05
Dr Oetker Ristorante Margherita Pomodori Pizza Vegan 340G,£3.25,£0.96/100g,null,frozen_vegetarian,2024-11-05
Linda Mccartney 2 Vegetarian Deep Dish Country Pies 380G,null,null,null,frozen_vegetarian,2024-11-05
Birds Eye Green Cuisine Chicken Free Southern Fried Grills X2 180G,£2.65,£14.72/kg,£2.00 Clubcard Price,frozen_vegetarian,2024-11-05
Aunt Bessie's Meat Free Toad In The Hole 190G,£2.25,£11.84/kg,null,frozen_vegetarian,2024-11-05
Tesco Monterey Jack Bbq Bean Burger 280G,£2.50,£8.93/kg,null,frozen_vegetarian,2024-11-05
Frys Meat Free 8 Original Hot Dogs 360G,£3.00,£8.33/kg,Half Price £1.50 Clubcard Price,frozen_vegetarian,2024-11-05
Quorn Vegan Crunchy Fillet Burgers 2 Pack 190G,£3.00,£15.79/kg,Save 1/3 £2.00 Clubcard Price,frozen_vegetarian,2024-11-05
Quorn 2 Cheese & Broccoli Escalopes 240G,£2.65,£11.04/kg,null,frozen_vegetarian,2024-11-05
Birds Eye Green Cuisine 2 Meat Free Burgers 200G,£3.00,£15.00/kg,Save 1/3 £2.00 Clubcard Price,frozen_vegetarian,2024-11-05
Quorn Crispy Nuggets 476G,£2.95,£6.20/kg,null,frozen_vegetarian,2024-11-05
Richmond Vegan No Chicken Pieces Roast Flavoured 220G,£3.00,£13.64/kg,£2.50 Clubcard Price,frozen_vegetarian,2024-11-05
Quorn Sausages 336G,£2.50,£7.44/kg,£2.00 Clubcard Price,frozen_vegetarian,2024-11-05
Quorn Southern Fried Bites 300G,£2.50,£8.33/kg,null,frozen_vegetarian,2024-11-05
Birds Eye Green Cuisine Chicken-Free Dippers 220G,£3.00,£13.64/kg,Save 1/3 £2.00 Clubcard Price,frozen_vegetarian,2024-11-05
Linda Mccartneys Vegetarian Tomato & Basil Meatballs 292G,£2.50,£8.56/kg,null,frozen_vegetarian,2024-11-05
Tesco Plant Chef 6 Herby Bangers 300G,null,null,null,frozen_vegetarian,2024-11-05
Quorn Chicken Style Pieces 500G,£2.95,£5.90/kg,null,frozen_vegetarian,2024-11-05
Quorn Mince 500G,£2.95,£5.90/kg,null,frozen_vegetarian,2024-11-05
Quorn 12 Sausages 504G,£2.95,£5.85/kg,null,frozen_vegetarian,2024-11-05
Quorn Swedish Style Balls 300G,£2.50,£8.33/kg,null,frozen_vegetarian,2024-11-05
Quorn Fillets 312G,£2.50,£8.01/kg,£2.00 Clubcard Price,frozen_vegetarian,2024-11-05
Quorn Chicken Style Pieces 300G,£2.50,£8.33/kg,null,frozen_vegetarian,2024-11-05
Birds Eye 10 Vegetable Fingers 284G,£1.90,£6.69/kg,null,frozen_vegetarian,2024-11-05
Quorn Mince 300G,£2.50,£8.33/kg,null,frozen_vegetarian,2024-11-05
Tesco Vegetarian Vegetable Lasagne 375G,£2.00,£5.33/kg,null,frozen_vegetarian,2024-11-05
Quorn Chicken & Bacon Lattice 2 Pack 300G,£2.65,£0.88/100g,null,frozen_vegetarian,2024-11-05
Quorn 2 Crispy Fillets 200G,£2.65,£13.25/kg,null,frozen_vegetarian,2024-11-05
Linda Mccartney 6 Vegetarian Sausages 270G,£2.50,£9.26/kg,null,frozen_vegetarian,2024-11-05
Tesco Plant Chef 4 Vegetable Burgers 454G,£1.69,£3.72/kg,null,frozen_vegetarian,2024-11-05
Tesco Plant Chef 8 Meat Free Burgers 454G,£2.25,£4.96/kg,null,frozen_vegetarian,2024-11-05
Quorn Meat Free Crispy Nuggets 300G,£2.50,£8.33/kg,null,frozen_vegetarian,2024-11-05
Tesco 2 Vegetarian Cheese & Onion Crisp Bakes 240G,£1.90,£7.92/kg,null,frozen_vegetarian,2024-11-05
Tesco Plant Chef Meat Free Mince 454G,£1.69,£3.72/kg,null,frozen_vegetarian,2024-11-05
Quorn Roarsomes Vegan Dinosaurs 240G,£2.65,£11.04/kg,null,frozen_vegetarian,2024-11-05
Tesco Plant Chef 4 Spicy Bean Burgers 454G,£1.69,£3.72/kg,null,frozen_vegetarian,2024-11-05
Tesco Plant Chef 16 Vegetable Fingers 448G,£1.69,£3.77/kg,null,frozen_vegetarian,2024-11-05
Tesco 4 Vegetarian Cauliflower Cheese Grills 397G,£2.10,£5.29/kg,null,frozen_vegetarian,2024-11-05
Hearty Food Co Mac 'N' Cheese 400G,£0.85,£2.12/kg,null,frozen_vegetarian,2024-11-05
Hearty Food Co Cheese & Tomato Pasta 400G,£0.85,£2.12/kg,null,frozen_vegetarian,2024-11-05
Goodlife Mushroom & Spinach Kievs 2 Pack 250G,£3.20,£12.80/kg,null,frozen_vegetarian,2024-11-05
Linda Mccartney Vegetarian Meatballs 399G,£3.00,£7.52/kg,£2.50 Clubcard Price,frozen_vegetarian,2024-11-05
Quorn Vegetarian Ham Roast 400G,£3.75,£9.38/kg,null,frozen_vegetarian,2024-11-05
Linda Mccartneys Vegemince 500G,£3.30,£6.60/kg,£2.80 Clubcard Price,frozen_vegetarian,2024-11-05
Quorn Vegetarian Beef Roast 400G,£3.75,£9.38/kg,null,frozen_vegetarian,2024-11-05
Kirsty's Vegan Mac & Cheeze 275G,£3.00,£10.91/kg,Save 1/3 £2.00 Clubcard Price,frozen_vegetarian,2024-11-05
Beyond Burger Chicken Style Plant-Based Patties 2X90g,£4.00,£22.22/kg,null,frozen_vegetarian,2024-11-05
Fry's 4 Plant Based Chick' N Burgers 320G,£3.00,£9.38/kg,Half Price £1.50 Clubcard Price,frozen_vegetarian,2024-11-05
"Goodlife Falafel Lemon, Cumin & Coriander 14 Pack 280G",£2.75,£9.82/kg,null,frozen_vegetarian,2024-11-05
Zizzi Vegan Rainbow Lasagne 400G,£3.75,£9.38/kg,£3.25 Clubcard Price,frozen_vegetarian,2024-11-05
This Isn't Chicken Southern Fried Tenders 240G,£3.00,£12.50/kg,£2.70 Clubcard Price,frozen_vegetarian,2024-11-05
This Isn't Chicken Lightly Seasoned Pieces 250G,£3.00,£12.00/kg,£2.70 Clubcard Price,frozen_vegetarian,2024-11-05
Quorn Takeaway 2 Spicy Buffalo Fillets 200G,£3.00,£15.00/kg,Save 1/3 £2.00 Clubcard Price,frozen_vegetarian,2024-11-05
Strong Roots The Pumpkin & Spinach Burger 300G,£3.30,£11.00/kg,£2.50 Clubcard Price,frozen_vegetarian,2024-11-05
This Isn't Pork Plant Based Sausages 270G,£3.00,£11.11/kg,£2.70 Clubcard Price,frozen_vegetarian,2024-11-05
Quorn Cheesy Nacho Nuggets 240g,£2.50,£10.42/kg,null,frozen_vegetarian,2024-11-05
Strong Roots Air Bites Crispy Pea & Lemon 300g,£3.00,£10.00/kg,£2.50 Clubcard Price,frozen_vegetarian,2024-11-05
Strong Roots Air Bites Crispy Spinach & Carrot 300g,£3.00,£10.00/kg,£2.50 Clubcard Price,frozen_vegetarian,2024-11-05
Birds Eye Green Cuisine Fishless Fingers 12 Pack 336G,£3.00,£8.93/kg,null,frozen_vegetarian,2024-11-05
Zizzi Vegan Jackfruit Pepperoni Pizza 400G,£4.25,£1.06/100g,null,frozen_vegetarian,2024-11-05
Linda McCartney's 6 Vegan Lincolnshire Sausages 270g,£2.25,£8.33/kg,null,frozen_vegetarian,2024-11-05
Chicago Town Vegan Crust Pizza Bbq Jackfruit 490G,£4.50,£0.92/100g,null,frozen_vegetarian,2024-11-05
Quorn Tomato & Mozzarella Escalopes 240g,£2.65,£11.04/kg,null,frozen_vegetarian,2024-11-05
Tesco Plant Chef No Steak Pie 568G,£2.65,£4.66/kg,null,frozen_vegetarian,2024-11-05
Birds Eye Green Cuisine 2 Fishless Battered Fillets 240G,£3.00,£12.50/kg,null,frozen_vegetarian,2024-11-05
Beyond Meat Plant-Based Spaghetti Bolognese 350G,null,null,null,frozen_vegetarian,2024-11-05
Linda Mccartney 2 Vegetarian Quarter Pounder Burgers 227G,£2.50,£11.01/kg,null,frozen_vegetarian,2024-11-05
Linda Mccartney Vegetarian Shredded Hoisin Duck 300G,£2.50,£8.33/kg,null,frozen_vegetarian,2024-11-05
Merchant Gourmet Herby Mediterranean Vegetables & Couscous 400G,£3.00,£7.50/kg,null,frozen_vegetarian,2024-11-05
Merchant Gourmet Korean -Style Vegetable & Mixed Grains 400G,£3.00,£7.50/kg,null,frozen_vegetarian,2024-11-05
Richmond 8 Meat Free Vegan Sausages 304G,£2.15,£7.07/kg,£1.90 Clubcard Price,frozen_vegetarian,2024-11-05
Linda Mccartney 2 Cheese Leek And Red Onionplaits 340G,£2.50,£0.74/100g,null,frozen_vegetarian,2024-11-05
Tesco Plant Chef 2 Meat Free No-Chicken Breasts 180G,£1.65,£9.17/kg,null,frozen_vegetarian,2024-11-05
Tesco Vegetarian 2 Vegetable and Mozzarella Burgers 226g,£2.10,£9.29/kg,null,frozen_vegetarian,2024-11-05
Linda McCartney's Quick Cook 2 Vegetarian Lamb Steaks 220g,£2.25,£10.23/kg,null,frozen_vegetarian,2024-11-05
Linda McCartney's Quick Cook 2 Vegetarian Chicken Steaks 220g,£2.50,£11.36/kg,null,frozen_vegetarian,2024-11-05
Tesco Plant Chef 2 Meat-Free Quarter Pounders 226g,£2.10,£9.29/kg,null,frozen_vegetarian,2024-11-05
Fry's Plant-Based Popcorn Chick'n 300G,£3.00,£10.00/kg,null,frozen_vegetarian,2024-11-05
Tesco Plant Chef 2 Meat-Free No-Ckn Garlic Kievs 280G,£2.30,£8.21/kg,null,frozen_vegetarian,2024-11-05
Birds Eye Green Cuisine Chicken Free Southern Fried Strips 210G,£3.00,£14.29/kg,null,frozen_vegetarian,2024-11-05
Fry's Plant Based Lightly Seasoned Chicken-Style Chunks 280g,£3.00,£10.71/kg,null,frozen_vegetarian,2024-11-05
Linda Mccartneys 6 Vegetarian Sausages Rolls 342G,£2.50,£7.31/kg,null,frozen_vegetarian,2024-11-05
Tesco Festive Wellington 500g,£3.50,£7.00/kg,null,frozen_vegetarian,2024-11-05
Quorn Vegetarian Chicken & Leek Family Pie 680G,£4.00,£5.88/kg,£3.25 Clubcard Price,frozen_vegetarian,2024-11-05
"Tesco Vegetarian 2 Mushroom, Cheddar Cheese & Potato Pies 400g",£2.60,£6.50/kg,£2.00 Clubcard Price,frozen_vegetarian,2024-11-05
Dr Oetker Ristorante Vegan Pepperoni Salami Pizza 295G,£3.25,£1.10/100g,null,frozen_vegetarian,2024-11-05
Tesco 2 Bubble & Squeak 280g,£2.50,£8.93/kg,null,frozen_vegetarian,2024-11-05
"Tesco Vegetarian 2 Pesto, Vegetable & Mozzarella Melts 280G",£2.50,£8.93/kg,null,frozen_vegetarian,2024-11-05
Quorn 25 Mini Sausage Rolls 500g,£2.95,£5.90/kg,null,frozen_vegetarian,2024-11-05
Tesco Vegetarian 2 Spinach & Cheddar Lattice Slices 280G,£1.90,£6.79/kg,null,frozen_vegetarian,2024-11-05
Tesco Vegetarian 2 Vegetable & Cheese Puff Pastry Tarts 220g,£1.90,£8.64/kg,null,frozen_vegetarian,2024-11-05
Birds Eye Garden Peas 800G,£2.49,£3.11/kg,null,frozen_vegtables,2024-11-05
Birds Eye Garden Peas 1.2Kg,£3.75,£3.12/kg,£3.25 Clubcard Price,frozen_vegtables,2024-11-05
Birds Eye Petits Pois 960G,£3.85,£4.01/kg,null,frozen_vegtables,2024-11-05
Birds Eye Country Mixed Vegetables 640G,£3.00,£4.69/kg,Any 2 for £4.50 Clubcard Price - Selected Birds Eye Or Mccain Potato And Veg,frozen_vegtables,2024-11-05
Tesco Cauliflower Rice 4 Pack 600G,null,null,null,frozen_vegtables,2024-11-05
Tesco Steam Bags Long Grain White Rice 4 X 200G,£2.50,£3.12/kg,null,frozen_vegtables,2024-11-05
Aunt Bessie's Roast Parsnips Honey Glazed 500G,£3.25,£6.50/kg,null,frozen_vegtables,2024-11-05
Birds Eye Garden Peas & Sweetcorn 640G,£3.00,£4.69/kg,Any 2 for £4.50 Clubcard Price - Selected Birds Eye Or Mccain Potato And Veg,frozen_vegtables,2024-11-05
Birds Eye Supersweet Sweetcorn 640G,£3.00,£4.69/kg,Any 2 for £4.50 Clubcard Price - Selected Birds Eye Or Mccain Potato And Veg,frozen_vegtables,2024-11-05
Tesco Finest British Petits Pois 750G,£2.50,£3.33/kg,null,frozen_vegtables,2024-11-05
Aunt Bessie's Carrot & Swede Mash 500G,£3.15,£6.30/kg,null,frozen_vegtables,2024-11-05
Birds Eye Field Fresh Petits Pois 545G,£2.65,£4.86/kg,Any 2 for £4.50 Clubcard Price - Selected Birds Eye Or Mccain Potato And Veg,frozen_vegtables,2024-11-05
Birds Eye 2 Fragrant Golden Vegetable Rice 380G,£2.90,£7.63/kg,Any 2 for £4.50 Clubcard Price - Selected Birds Eye Or Mccain Potato And Veg,frozen_vegtables,2024-11-05
Tesco Frozen Chopped Garlic 100G,£2.35,£23.50/kg,null,frozen_vegtables,2024-11-05
Tesco Frozen Sweet Potato Chunks 600G,null,null,null,frozen_vegtables,2024-11-05
Tesco Cauliflower Cheese Bake 680G,£2.40,£3.53/kg,null,frozen_vegtables,2024-11-05
Tesco Butternut Squash Chunks 500G,£1.60,£3.20/kg,null,frozen_vegtables,2024-11-05
Tesco Shredded Savoy Cabbage 750G,£1.60,£2.13/kg,null,frozen_vegtables,2024-11-05
Birds Eye Garden Peas 375G,£1.75,£4.67/kg,null,frozen_vegtables,2024-11-05
Birds Eye Steamfresh 4 Family Favourite Mix Vegetable 540G,£2.90,£5.37/kg,Any 2 for £4.50 Clubcard Price - Selected Birds Eye Or Mccain Potato And Veg,frozen_vegtables,2024-11-05
Tesco Baby Broad Beans 650G,£1.65,£2.54/kg,null,frozen_vegtables,2024-11-05
Birds Eye Steamfresh 4 Super Sunshine Mix Vegetable 540G,£2.90,£5.37/kg,Any 2 for £4.50 Clubcard Price - Selected Birds Eye Or Mccain Potato And Veg,frozen_vegtables,2024-11-05
Birds Eye 4 Hearty Farmhouse Vegetable Mix 540G,£2.90,£5.37/kg,Any 2 for £4.50 Clubcard Price - Selected Birds Eye Or Mccain Potato And Veg,frozen_vegtables,2024-11-05
Tesco Frozen Sliced Mushrooms 500G,£1.40,£2.80/kg,null,frozen_vegtables,2024-11-05
Tesco Leaf Spinach 900G,null,null,null,frozen_vegtables,2024-11-05
Tesco Casserole Vegetables 1Kg,£1.50,£1.50/kg,null,frozen_vegtables,2024-11-05
Birds Eye Vegetable Fusions Green Medley 300G,£2.90,£9.67/kg,Any 2 for £4.50 Clubcard Price - Selected Birds Eye Or Mccain Potato And Veg,frozen_vegtables,2024-11-05
Tesco Chantenay Carrots 600G,£1.40,£2.33/kg,null,frozen_vegtables,2024-11-05
Tesco Farmhouse Mixed Vegetables 1Kg,£1.50,£1.50/kg,null,frozen_vegtables,2024-11-05
Tesco Petits Pois 1Kg,£1.60,£1.60/kg,null,frozen_vegtables,2024-11-05
Tesco Frozen Button Brussels Sprouts 1Kg,£1.30,£1.30/kg,null,frozen_vegtables,2024-11-05
Tesco Garden Peas 1Kg,£1.45,£1.45/kg,null,frozen_vegtables,2024-11-05
Tesco Sliced Mixed Frozen Peppers 500G,£0.99,£1.98/kg,null,frozen_vegtables,2024-11-05
Tesco Frozen Diced Onions 500G,£0.99,£1.98/kg,null,frozen_vegtables,2024-11-05
Tesco Supersweet Sweetcorn 1Kg,£1.75,£1.75/kg,null,frozen_vegtables,2024-11-05
Tesco Sliced Carrots Peeled & Cut 1Kg,£0.95,£0.95/kg,null,frozen_vegtables,2024-11-05
Tesco Cauliflower Florets 900G,£1.20,£1.33/kg,null,frozen_vegtables,2024-11-05
Tesco Mixed Vegetables 1Kg,£1.20,£1.20/kg,null,frozen_vegtables,2024-11-05
Tesco Garden Peas 1.6Kg,£2.00,£1.25/kg,null,frozen_vegtables,2024-11-05
Grower's Harvest Garden Peas 900G,£0.99,£1.10/kg,null,frozen_vegtables,2024-11-05
Tesco Mini Corn On The Cob 875G,£1.60,£1.83/kg,null,frozen_vegtables,2024-11-05
Tesco Broccoli & Cauliflower Floret Mix 900G,£1.22,£1.36/kg,null,frozen_vegtables,2024-11-05
Growers Harvest Mixed Vegetables 1Kg,£0.99,£0.99/kg,null,frozen_vegtables,2024-11-05
Grower's Harvest Sweetcorn 907G,£1.32,£1.46/kg,null,frozen_vegtables,2024-11-05
Tesco Very Fine Whole Green Beans 900G,£1.07,£1.19/kg,null,frozen_vegtables,2024-11-05
Tesco Frozen Broccoli Florets 900G,£1.07,£1.19/kg,null,frozen_vegtables,2024-11-05
Tesco Mediterranean Style Roasting Vegetables 700G,null,null,null,frozen_vegtables,2024-11-05
Birds Eye Steamfresh Mediterranean Pasta With Veg and Tomato Sauce 400g,£3.50,£8.75/kg,Any 2 for £4.50 Clubcard Price - Selected Birds Eye Or Mccain Potato And Veg,frozen_vegtables,2024-11-05
Birds Eye Steamfresh Mushroom Tagliatelle with a Creamy Sauce 400g,£3.50,£8.75/kg,Any 2 for £4.50 Clubcard Price - Selected Birds Eye Or Mccain Potato And Veg,frozen_vegtables,2024-11-05
Birds Eye Steamfresh Creamy Cheese Pasta With Vegetable 400g,£3.50,£8.75/kg,Any 2 for £4.50 Clubcard Price - Selected Birds Eye Or Mccain Potato And Veg,frozen_vegtables,2024-11-05
Tesco Soya Beans 600G,£2.95,£4.92/kg,null,frozen_vegtables,2024-11-05
Tesco Stir Fry Vegetable Mix 600G,null,null,null,frozen_vegtables,2024-11-05
Tesco 4 Steam Bags Rice With Mixed Vegetables 600G,£2.50,£4.17/kg,null,frozen_vegtables,2024-11-05
Tesco 4 Steam Bag Carrots Broccoli & Sweetcorn 640G,£2.50,£3.91/kg,null,frozen_vegtables,2024-11-05
Birds Eye Steamfresh Tortelloni with Vegetables and Pesto 350g,£3.50,£10.00/kg,Any 2 for £4.50 Clubcard Price - Selected Birds Eye Or Mccain Potato And Veg,frozen_vegtables,2024-11-05
Tesco Chopped Ginger 75G,£2.35,£0.31/10g,null,frozen_vegtables,2024-11-05
Tesco Red Cabbage & Apple 500G,£2.00,£4.00/kg,null,frozen_vegtables,2024-11-05
Birds Eye 2 Mediterranean Vegetable Rice 380G,£2.90,£7.63/kg,Any 2 for £4.50 Clubcard Price - Selected Birds Eye Or Mccain Potato And Veg,frozen_vegtables,2024-11-05
Aunt Bessie’s Maple & Thyme Glazed Carrots 500g,£3.25,£6.50/kg,null,frozen_vegtables,2024-11-05
Tesco Sliced Brussels Sprouts and Chestnuts with Butter and Honey 500g,£2.20,£4.40/kg,null,frozen_vegtables,2024-11-05
Merchant Gourmet Herby Mediterranean Vegetables & Couscous 400G,£3.00,£7.50/kg,null,frozen_vegtables,2024-11-05
Merchant Gourmet Korean -Style Vegetable & Mixed Grains 400G,£3.00,£7.50/kg,null,frozen_vegtables,2024-11-05
Tesco Frozen Sliced Red Onions 500G,null,null,null,frozen_vegtables,2024-11-05
Tesco Sliced Green Beans 850G,£1.20,£1.41/kg,null,frozen_vegtables,2024-11-05
McCain Crispy French Fries 900g,£3.20,£3.56/kg,£2.50 Clubcard Price,chips_related,2024-11-05
Strong Roots Oven Baked Sweet Potato Fries 500G,£3.65,£7.30/kg,null,chips_related,2024-11-05
Strong Roots Cauliflower Hashbrowns 375G,£2.95,£7.87/kg,null,chips_related,2024-11-05
McCain Home Chips Straight Cut 1.6kg,£4.30,£2.69/kg,£3.50 Clubcard Price,chips_related,2024-11-05
Birds Eye 18 Potato Waffles 1.02Kg,£3.80,£3.72/kg,£3.00 Clubcard Price,chips_related,2024-11-05
Tesco Finest 6 Beef Dripping Yorkshire Puddings 195G,£2.55,£13.08/kg,null,chips_related,2024-11-05
MCCAIN NAKED OVEN CHIPS STRAIGHT CUT 1.7KG,£3.70,£2.18/kg,null,chips_related,2024-11-05
Birds Eye Alphabites 456G,£2.60,£5.70/kg,£1.75 Clubcard Price,chips_related,2024-11-05
Aunt Bessie's Roast Parsnips Honey Glazed 500G,£3.25,£6.50/kg,null,chips_related,2024-11-05
McCain 4 Baked Jacket Potatoes 800G,£3.70,£4.62/kg,£3.00 Clubcard Price,chips_related,2024-11-05
McCain Gastro Triple Cooked Chips 700G,£3.70,£5.29/kg,£3.00 Clubcard Price,chips_related,2024-11-05
Tesco 2 Giant Yorkshire Puddings 220G,£2.00,£9.09/kg,null,chips_related,2024-11-05
Aunt Bessie's 10 Glorious Golden Yorkshires 190G,£2.50,£13.16/kg,£1.75 Clubcard Price,chips_related,2024-11-05
McCain Potato Hash Browns 625G,£2.70,£4.32/kg,null,chips_related,2024-11-05
McCain Skin on Fries 800G,£3.70,£4.62/kg,null,chips_related,2024-11-05
McCain Crispy French Fries 1.4kg,£4.30,£3.07/kg,null,chips_related,2024-11-05
McCain 8 Baked Jacket Potatoes 1.6kg,£5.30,£3.31/kg,null,chips_related,2024-11-05
Aunt Bessie's Crispy & Fluffy Roasties 720G,£2.50,£3.47/kg,null,chips_related,2024-11-05
Tesco Homestyle Straight Cut Oven Chips 950G,£2.65,£2.79/kg,null,chips_related,2024-11-05
McCain Home Chips Extra Chunky 1kg,£3.20,£3.20/kg,null,chips_related,2024-11-05
McCain Home Chips Crinkle Cut 1.6kg,£4.30,£2.69/kg,null,chips_related,2024-11-05
Aunt Bessie's Mini Roasties 700G,£3.50,£5.00/kg,null,chips_related,2024-11-05
Fries To Go Microwave Crispy Fries in Minutes 3x90G,£2.70,£10.00/kg,null,chips_related,2024-11-05
Tesco Finest Beef Dripping Roast Potatoes 800G,£2.75,£3.44/kg,null,chips_related,2024-11-05
McCain Lightly Spiced Potato Wedges 650G,£2.60,£4.00/kg,null,chips_related,2024-11-05
Aunt Bessie's 12 Bake At Home Yorkshires 370G,£2.50,£6.76/kg,null,chips_related,2024-11-05
McCain Home Chips Crinkle Cut 1kg,£3.20,£3.20/kg,null,chips_related,2024-11-05
Tesco Sweet Potato Oven Chips 500G,£2.45,£4.90/kg,null,chips_related,2024-11-05
Tesco 12 Yorkshire Puddings 220G,£1.40,£6.36/kg,null,chips_related,2024-11-05
McCain Home Chips Straight Cut 1kg,£3.20,£3.20/kg,null,chips_related,2024-11-05
Tesco Crispy Potatoes 750G,£1.85,£2.47/kg,null,chips_related,2024-11-05
McCain Quick Cook French Fries 750G,£3.35,£4.47/kg,null,chips_related,2024-11-05
Birds Eye 10 Potato Waffles 567G,£2.35,£4.14/kg,null,chips_related,2024-11-05
Tesco Beer Battered Onion Rings 300G,£1.60,£5.33/kg,null,chips_related,2024-11-05
Tesco Hash Browns 750G,£1.90,£2.53/kg,null,chips_related,2024-11-05
Tesco Mashed Potato 900G,£1.80,£2.00/kg,null,chips_related,2024-11-05
Tesco Spicy Potato Wedges 750G,£1.50,£2.00/kg,null,chips_related,2024-11-05
Tesco Curly Fries 700G,£1.70,£2.43/kg,null,chips_related,2024-11-05
Tesco Potato Stars 500G,£1.25,£2.50/kg,null,chips_related,2024-11-05
Hearty Food Co. 15 Yorkshire Puddings 230G,£0.46,£2.00/kg,null,chips_related,2024-11-05
Tesco Crinkle Cut Oven Chips 1.5Kg,£1.99,£1.33/kg,null,chips_related,2024-11-05
Hearty Food Co Straight Cut Chips 1.5Kg,£1.65,£1.10/kg,null,chips_related,2024-11-05
Tesco Steak Oven Cut Chips 1.5Kg,£1.99,£1.33/kg,null,chips_related,2024-11-05
Tesco French Fries 1.5Kg,£1.99,£1.33/kg,null,chips_related,2024-11-05
Tesco 12 Potato Waffles 680G,£1.49,£2.19/kg,null,chips_related,2024-11-05
Tesco Roast Potatoes 800G,£0.76,£0.95/kg,null,chips_related,2024-11-05
Aunt Bessie's Duck Fat Roast Potatoes 700G,£4.50,£6.43/kg,£2.50 Clubcard Price,chips_related,2024-11-05
McCain Microwave Quick Chips Straight Cut 4x100G,£3.00,£7.50/kg,Any 2 for £4.50 Clubcard Price - Selected Birds Eye Or Mccain Potato And Veg,chips_related,2024-11-05
Tesco Garlic Breaded Mushrooms 400G,£2.65,£6.62/kg,null,chips_related,2024-11-05
Strong Roots Oven Baked Sweet Potato Fries 500G,£3.65,£7.30/kg,null,chips_related,2024-11-05
Birds Eye Mini Potato Waffles 456G,£2.95,£6.47/kg,null,chips_related,2024-11-05
McCain Sweet Potato Fries 500G,£3.60,£7.20/kg,null,chips_related,2024-11-05
McCain Gastro Triple Cooked Chips 1.2kg,£4.70,£3.92/kg,null,chips_related,2024-11-05
McCain Home Chips Lighter Straight Cut 1kg,£3.20,£3.20/kg,null,chips_related,2024-11-05
Tesco Finest British Chunky Oven Chips 1.2kg,£3.10,£2.58/kg,null,chips_related,2024-11-05
Tesco Breaded Onion Rings 750G,£2.55,£3.40/kg,null,chips_related,2024-11-05
McCain Microwave Quick Chips Crinkle Cut 4x100G,£3.00,£7.50/kg,Any 2 for £4.50 Clubcard Price - Selected Birds Eye Or Mccain Potato And Veg,chips_related,2024-11-05
Aunt Bessie's 18 Glorious Golden Yorkshires 342G,£3.90,£11.40/kg,null,chips_related,2024-11-05
Tesco Finest Triple Cooked Beef Basted Oven Chips 750g,£2.85,£3.80/kg,null,chips_related,2024-11-05
McCain Air Fryer Deep Ridge Crinkle Cut Fries 750g,£3.20,£4.27/kg,null,chips_related,2024-11-05
Tesco Skin On Fries 900g,£2.50,£2.78/kg,null,chips_related,2024-11-05
McCain Potato Croquettes 500G,£2.50,£4.54/kg,null,chips_related,2024-11-05
Strong Roots Cauliflower Hashbrowns 375G,£2.95,£7.87/kg,null,chips_related,2024-11-05
Tesco Super Crispy Crinkle Cut Chips 900g,£2.50,£2.78/kg,null,chips_related,2024-11-05
The Real Yorkshire Pudding Co. 6 Gluten Free Yorkshire Puddings 180G,null,null,null,chips_related,2024-11-05
Aunt Bessie's Mashed Potato 650G,£2.90,£4.46/kg,null,chips_related,2024-11-05
Birds Eye Potato Waffle Fries 500g,£2.80,£5.60/kg,£2.00 Clubcard Price,chips_related,2024-11-05
Lamb Weston Twister Fries Seasoned 600g,£3.00,£5.00/kg,Save 1/3 £2.00 Clubcard Price,chips_related,2024-11-05
Tesco Super Crispy French Fries 900g,£2.50,£2.78/kg,null,chips_related,2024-11-05
Lamb Weston Potato Dippers 650g,£2.75,£4.23/kg,£2.00 Clubcard Price,chips_related,2024-11-05
McCain Potato Smiles 454G,£2.50,£5.51/kg,null,chips_related,2024-11-05
Tesco Potato Lattices 550G,£1.90,£3.46/kg,null,chips_related,2024-11-05
MCCAIN NAKED OVEN CHIPS STRAIGHT CUT 900G,£2.00,£2.22/kg,null,chips_related,2024-11-05
MCCAIN BABY HASSELBACKS 653G,£2.75,£4.21/kg,null,chips_related,2024-11-05
Birds Eye Chicken Shop Hash Brown Potato Bites 500G,£2.30,£4.60/kg,Any 3 for 2 Clubcard Price - Cheapest Product Free - Birds Eye Chicken Shop 227g - 500g,chips_related,2024-11-05
Birds Eye Potato Dipper Chips 500g,£2.50,£5.00/kg,£2.00 Clubcard Price,chips_related,2024-11-05
Birds Eye Chicken Shop Crispy Potato Ridges 500g,£2.30,£4.60/kg,Any 3 for 2 Clubcard Price - Cheapest Product Free - Birds Eye Chicken Shop 227g - 500g,chips_related,2024-11-05
Tesco Seasoned Zig Zag Fries 750g,£2.30,£3.07/kg,null,chips_related,2024-11-05
Tesco Hot & Spicy Zig Zag Fries 750g,£2.30,£3.07/kg,null,chips_related,2024-11-05
McCain Roast Potatoes 700G,£1.90,£2.71/kg,null,chips_related,2024-11-05
Tesco Potato Croquettes 700g,£1.45,£2.07/kg,null,chips_related,2024-11-05
Bannisters Farm 4 Cheese & Bacon Potato Skins 260G,£1.50,£5.77/kg,null,chips_related,2024-11-05
Lamb Weston Salt & Pepper Grill Fries 750g,£3.30,£4.40/kg,£2.00 Clubcard Price,chips_related,2024-11-05
Birds Eye 6 Crispy Chicken In Tempura Batter 510G,£5.65,£1.11/100g,null,frozen_meat_poultry,2024-11-05
Tesco 6 Pork & Herb Sausage Patties 342G,£2.90,£8.48/kg,null,frozen_meat_poultry,2024-11-05
Tesco Diced Chicken Breast Fillets 640G,£4.50,£7.03/kg,null,frozen_meat_poultry,2024-11-05
Tesco Chicken Breast Fillet 1Kg,£6.00,£6.00/kg,null,frozen_meat_poultry,2024-11-05
Tesco 56 Pork Cocktail Sausages 672G,£3.40,£5.06/kg,£2.80 Clubcard Price,frozen_meat_poultry,2024-11-05
Acre Lane Lamb Mince 454G,£4.30,£9.47/kg,null,frozen_meat_poultry,2024-11-05
Birds Eye Classic 4 Beef Quarter Pounder Burgers With Onions 454g,£4.40,£9.69/kg,null,frozen_meat_poultry,2024-11-05
Birds Eye 38 Crispy Chicken Dippers 697G,£5.25,£7.53/kg,Save 1/3 £3.50 Clubcard Price,frozen_meat_poultry,2024-11-05
Tesco Southern Fried Chicken Bites 500G,£3.50,£7.00/kg,null,frozen_meat_poultry,2024-11-05
Tesco Lean Beef Steak Mince 5 % Fat 500G,£5.35,£10.70/kg,null,frozen_meat_poultry,2024-11-05
Tesco 10% Fat Minced Beef 500G,£5.00,£10.00/kg,null,frozen_meat_poultry,2024-11-05
Tesco Mini Chicken Breast Fillets 500G,£3.60,£7.20/kg,null,frozen_meat_poultry,2024-11-05
Tesco Pork Sausage Meat 400G,£2.60,£6.50/kg,£2.25 Clubcard Price,frozen_meat_poultry,2024-11-05
Tesco 4 Beef Quarter Pounders 454G,£3.75,£8.26/kg,null,frozen_meat_poultry,2024-11-05
Tesco Beef Burgers 8 Pack 454G,£3.75,£8.26/kg,null,frozen_meat_poultry,2024-11-05
Bernard Matthews 7 Turkey Dinosaurs 350G,£2.30,£6.57/kg,null,frozen_meat_poultry,2024-11-05
Birds Eye 2 Ultimate Chicken Shop Fillets Burger 227G,£3.75,£16.52/kg,Any 3 for 2 Clubcard Price - Cheapest Product Free - Birds Eye Chicken Shop 227g - 500g,frozen_meat_poultry,2024-11-05
Tesco 20 Pigs In Blankets 400G,£4.45,£11.12/kg,£3.50 Clubcard Price,frozen_meat_poultry,2024-11-05
Tesco Boneless Chicken Thighs 500G,£3.00,£6.00/kg,null,frozen_meat_poultry,2024-11-05
Birds Eye 4 Chicken Burgers 200G,£2.85,£14.25/kg,£2.00 Clubcard Price,frozen_meat_poultry,2024-11-05
Hearty Food Co 4 Garlic Chicken Kievs 500G,£2.30,£4.60/kg,null,frozen_meat_poultry,2024-11-05
Tesco 20 Battered Chicken Dippers 450G,£2.30,£5.11/kg,null,frozen_meat_poultry,2024-11-05
Birds Eye Chicken Shop Hash Brown Potato Bites 500G,£2.30,£4.60/kg,Any 3 for 2 Clubcard Price - Cheapest Product Free - Birds Eye Chicken Shop 227g - 500g,frozen_meat_poultry,2024-11-05
Birds Eye 22 Chicken Dippers 403G,£4.30,£10.67/kg,null,frozen_meat_poultry,2024-11-05
Richmond 12 Frozen Thick Pork Sausages 516G,£2.20,£4.26/kg,null,frozen_meat_poultry,2024-11-05
Tesco 4 Garlic Butter Breaded Chicken Kievs 500G,£2.75,£5.50/kg,null,frozen_meat_poultry,2024-11-05
Tesco 72 Breaded Chicken Nuggets 1Kg,null,null,null,frozen_meat_poultry,2024-11-05
Tesco Simply Chicken Breast Joint 800G,£5.65,£7.06/kg,null,frozen_meat_poultry,2024-11-05
Tesco 44 Battered Chicken Dippers 1Kg,£3.45,£3.45/kg,null,frozen_meat_poultry,2024-11-05
Birds Eye 4 Chicken Quarter Pounders 454G,£5.00,£11.01/kg,null,frozen_meat_poultry,2024-11-05
Richmond 20 Frozen Thick Pork Sausages 860G,£2.99,£3.48/kg,£2.65 Clubcard Price,frozen_meat_poultry,2024-11-05
Tesco 4 Breaded Chicken Steaks 380G,£1.69,£4.45/kg,null,frozen_meat_poultry,2024-11-05
Tesco Cooked Diced Chicken 340G,£3.10,£9.12/kg,null,frozen_meat_poultry,2024-11-05
Butchers Choice Cooked Chicken Slices 340G,£2.15,£6.32/kg,null,frozen_meat_poultry,2024-11-05
Birds Eye 2 Southern Fried Chicken 180G,£2.50,£13.89/kg,£1.75 Clubcard Price,frozen_meat_poultry,2024-11-05
Birds Eye 2 Crispy Chicken 170G,£2.50,£14.71/kg,£1.75 Clubcard Price,frozen_meat_poultry,2024-11-05
Tesco 4 Hot & Spicy Chicken Steaks 380G,£1.70,£4.47/kg,null,frozen_meat_poultry,2024-11-05
Tesco 4 Southern Fried Chicken Steaks 380G,£1.69,£4.45/kg,null,frozen_meat_poultry,2024-11-05
Mr. Brain's 6 Pork Faggots 656G,£1.19,£1.81/kg,null,frozen_meat_poultry,2024-11-05
Birds Eye 2 Original Chicken Chargrills 170G,£2.50,£14.71/kg,£1.75 Clubcard Price,frozen_meat_poultry,2024-11-05
Birds Eye 2 Bbq Chicken 174G,£2.50,£14.37/kg,£1.75 Clubcard Price,frozen_meat_poultry,2024-11-05
Birds Eye 2 Hot And Spicy Chicken 180G,£2.50,£13.89/kg,£1.75 Clubcard Price,frozen_meat_poultry,2024-11-05
Tesco Casserole Beef 500G,null,null,null,frozen_meat_poultry,2024-11-05
Butcher's Choice 20 Pork Sausages 907G,£1.50,£1.65/kg,null,frozen_meat_poultry,2024-11-05
Acre Lane Lamb Leg Joint 1.0-1.2Kg,£12.50,£11.36/kg,null,frozen_meat_poultry,2024-11-05
Tesco Frozen Small Basted Whole Turkey Bird 2.6Kg - 3.8KG,£17.00,£6.54/kg,£14.50 Clubcard Price,frozen_meat_poultry,2024-11-05
Tesco Frozen Extra Large Basted Whole Turkey Bird 7.0-8.8Kg,£30.00,£4.29/kg,£25.00 Clubcard Price,frozen_meat_poultry,2024-11-05
Tesco Crispy Half Duck & Pancakes 530G,£7.50,£14.15/kg,null,frozen_meat_poultry,2024-11-05
Tesco Frozen Medium Basted Whole Turkey Bird 3.9Kg - 5.2kg,£20.00,£5.13/kg,£17.00 Clubcard Price,frozen_meat_poultry,2024-11-05
Tesco Butter Basted Frozen Turkey Breast Joint 1.56Kg,£14.00,£8.97/kg,£12.00 Clubcard Price,frozen_meat_poultry,2024-11-05
Tesco Butter Basted Frozen Turkey Breast Joint 780G,£8.00,£10.26/kg,£6.25 Clubcard Price,frozen_meat_poultry,2024-11-05
Birds Eye 10 Classic Beef Burgers With Onion 567g,£6.00,£10.58/kg,null,frozen_meat_poultry,2024-11-05
Tesco Frozen Mini Turkey Crown 1Kg-1.4Kg,£13.50,£12.27/kg,£11.50 Clubcard Price,frozen_meat_poultry,2024-11-05
Tesco Chicken Drumsticks 1.5Kg,£4.10,£2.73/kg,null,frozen_meat_poultry,2024-11-05
Tesco Lamb Loin Chops 550G,£7.50,£13.64/kg,null,frozen_meat_poultry,2024-11-05
Tesco Finest Free Range Bronze Turkey 3.2-4.8Kg,£28.00,£8.75/kg DR.WT,£23.50 Clubcard Price,frozen_meat_poultry,2024-11-05
Acre Lane Christmas Three Bird Roast & Stuffing 1.2Kg,£11.00,£9.17/kg,null,frozen_meat_poultry,2024-11-05
Birds Eye 6 Sweet & Sticky Bbq Chicken Chargrills 522G,£5.65,£10.82/kg,null,frozen_meat_poultry,2024-11-05
Birds Eye 6 Original Chicken Chargrills 510G,£5.65,£11.08/kg,null,frozen_meat_poultry,2024-11-05
Birds Eye 6 Southern Fried Chicken In Breadcrumbs 540G,£5.65,£10.46/kg,null,frozen_meat_poultry,2024-11-05
Birds Eye 4 Beef Grills 340G,£4.10,£12.06/kg,null,frozen_meat_poultry,2024-11-05
Tesco Chicken Wings 1.5Kg,£3.80,£2.53/kg,null,frozen_meat_poultry,2024-11-05
Tesco Frozen Large Basted Whole Turkey Bird 5.3-6.9Kg,£25.00,£4.72/kg,£21.00 Clubcard Price,frozen_meat_poultry,2024-11-05
Birds Eye 4 Minted Lambgrills 300G,£4.10,£13.67/kg,null,frozen_meat_poultry,2024-11-05
Acre Lane Kitchen Sweet & Sticky Bbq Pork Ribs 450G,£4.00,£8.89/kg,null,frozen_meat_poultry,2024-11-05
Tesco Southern Fried Chicken Breast 650G,£5.25,£8.08/kg,null,frozen_meat_poultry,2024-11-05
Tesco Tender Beef Brisket In Ale Gravy 400G,£5.20,£13.00/kg,null,frozen_meat_poultry,2024-11-05
Birds Eye Chicken Shop Salt & Pepper Chicken Goujons 325G,£3.75,£11.54/kg,Any 3 for 2 Clubcard Price - Cheapest Product Free - Birds Eye Chicken Shop 227g - 500g,frozen_meat_poultry,2024-11-05
Tesco Cooked Sliced Chicken 340G,£3.10,£0.91/100g,null,frozen_meat_poultry,2024-11-05
Birds Eye 2 Chicken Shop Sizzler Fillets Burger 227G,£3.75,£16.52/kg,Any 3 for 2 Clubcard Price - Cheapest Product Free - Birds Eye Chicken Shop 227g - 500g,frozen_meat_poultry,2024-11-05
Tesco Gammon Joint With Honey 550G,£4.25,£7.73/kg,null,frozen_meat_poultry,2024-11-05
Birds Eye 4 Classic Beef Burgers With Onion 227g,£2.75,£12.12/kg,£1.75 Clubcard Price,frozen_meat_poultry,2024-11-05
Tesco Southern Fried Chicken Thighs 700G,£3.25,£4.64/kg,null,frozen_meat_poultry,2024-11-05
Acre Lane 2 Lamb Shanks In Mint Gravy 800G,£7.50,£9.38/kg,null,frozen_meat_poultry,2024-11-05
Acre Lane 2 Slow Cooked Duck Legs In Orange Sauce 465G,£4.95,£10.64/kg,null,frozen_meat_poultry,2024-11-05
Smorgasbord The Original Swedish Meatballs 1Kg,£5.95,£5.95/kg,£5.00 Clubcard Price,frozen_meat_poultry,2024-11-05
Tesco 4 Cheese & Bacon Breaded Chicken Kievs 500G,null,null,null,frozen_meat_poultry,2024-11-05
Tesco Finest 4 Beef Burgers 454G,£3.95,£8.70/kg,null,frozen_meat_poultry,2024-11-05
Birds Eye 10 Chicken Fingers 250G,£2.75,£11.00/kg,£2.00 Clubcard Price,frozen_meat_poultry,2024-11-05
Tesco Minced Beef 20% Fat 1Kg,£6.75,£6.75/kg,null,frozen_meat_poultry,2024-11-05
Richmond Skinless Sausages 16 Pack 426G,£2.50,£5.87/kg,£2.00 Clubcard Price,frozen_meat_poultry,2024-11-05
Tesco Free From 8 Thick Pork Sausages 454G,£2.25,£4.96/kg,null,frozen_meat_poultry,2024-11-05
Tesco Frozen Small Turkey Crown 1.5Kg,£16.00,£10.67/kg,£13.50 Clubcard Price,frozen_meat_poultry,2024-11-05
Tesco Finest Bronze Free Range Turkey Crown 1.3KG,£25.00,£19.23/kg,£21.00 Clubcard Price,frozen_meat_poultry,2024-11-05
Gressingham Frozen Whole Duck 1.7Kg - 1.9Kg,£9.00,£5.29/kg,£7.50 Clubcard Price,frozen_meat_poultry,2024-11-05
Tesco Frozen Medium Turkey Breast Crown 2.0-2.3Kg,£19.50,£9.75/kg,£16.50 Clubcard Price,frozen_meat_poultry,2024-11-05
Tesco Frozen Large Turkey Breast Crown 2.4-2.8Kg,£22.00,£9.17/kg,£18.50 Clubcard Price,frozen_meat_poultry,2024-11-05
Tesco Frozen Turkey Crown Extra Large 2.9Kg - 3.5Kg,£26.00,£8.97/kg,£22.00 Clubcard Price,frozen_meat_poultry,2024-11-05
Tesco Finest 2 Beef Wellingtons 505G,£10.00,£19.80/kg,£8.50 Clubcard Price,frozen_meat_poultry,2024-11-05
Tesco British Chicken Thighs 1.5kg,£5.25,£3.50/kg,null,frozen_meat_poultry,2024-11-05
Tesco Finest Pork Fillet Wrapped in Bacon 575g,£7.00,£12.17/kg,null,frozen_meat_poultry,2024-11-05
Birds Eye 44 Chicken Nuggets With Golden Wholegrain 695G,£5.50,£0.79/100g,£4.00 Clubcard Price,frozen_meat_poultry,2024-11-05
Aunt Bessie’s Maple Glazed Gammon Joint 700g,£8.00,£11.43/kg,null,frozen_meat_poultry,2024-11-05
Diggers Salt Ch C Shredded Chicken 320G,£3.50,£10.94/kg,null,frozen_meat_poultry,2024-11-05
Diggerscrispy Shredded Chicken 320G,£3.50,£10.94/kg,null,frozen_meat_poultry,2024-11-05
Diggers Batter Chicken Balls 320G,£3.50,£10.29/kg,null,frozen_meat_poultry,2024-11-05
Tesco Salt & Chilli Chicken Strips 400g,£4.10,£10.25/kg,null,frozen_meat_poultry,2024-11-05
Tesco Breaded Chicken Strips 400g,null,null,null,frozen_meat_poultry,2024-11-05
TESCO 4 SWEET CHILLI BEEF BURGERS 454G,£3.50,£7.71/kg,null,frozen_meat_poultry,2024-11-05
Tesco 4 Quarter Pounder Chicken Burger 454G,£2.75,£6.06/kg,null,frozen_meat_poultry,2024-11-05
Tesco Southern Fried Chicken Breast Strips 400G,£4.10,£10.25/kg,null,frozen_meat_poultry,2024-11-05
Birds Eye 2 Chicken Shop Tennessee Style BBQ Loaded Chicken Burgers 250g,£3.75,£15.00/kg,Any 3 for 2 Clubcard Price - Cheapest Product Free - Birds Eye Chicken Shop 227g - 500g,frozen_meat_poultry,2024-11-05
Birds Eye 2 Chicken Shop American Style Gravy Loaded Chicken Burgers 250G,£3.75,£15.00/kg,Any 3 for 2 Clubcard Price - Cheapest Product Free - Birds Eye Chicken Shop 227g - 500g,frozen_meat_poultry,2024-11-05
Tesco 4 Double Cheeseburgers 568g,£3.75,£6.60/kg,null,frozen_meat_poultry,2024-11-05
Tesco Finest 2 Aberdeen Angus & Cheese Topped Beef Burgers 324g,£3.00,£9.26/kg,null,frozen_meat_poultry,2024-11-05
Tesco 2 Southern Fried Chicken Breast Fillet Burgers 210G,£2.40,£11.43/kg,null,frozen_meat_poultry,2024-11-05
TESCO 4 MINTED LAMB BURGERS 454G,£3.50,£7.71/kg,null,frozen_meat_poultry,2024-11-05
Birds Eye 2 Glutenfree Southern Fried Chicken Grilsl 180G,null,null,null,frozen_meat_poultry,2024-11-05
Hearty Food Co. 28 Breaded Chicken Nuggets 450g,£1.49,£3.31/kg,null,frozen_meat_poultry,2024-11-05
Butchers Choice Chicken Fillet 1.2 kg,£5.10,£4.25/kg,null,frozen_meat_poultry,2024-11-05
Tesco 16 Cumberland Sausages 720g,£2.06,£2.86/kg,null,frozen_meat_poultry,2024-11-05
Tesco 16 Pork Sausages 720g,£2.06,£2.86/kg,null,frozen_meat_poultry,2024-11-05
Tesco Tempura Chicken Breast Chunks 650G,£5.25,£8.08/kg,null,frozen_meat_poultry,2024-11-05
Tesco Hot & Spicy Chicken Wings 650G,£3.25,£5.00/kg,null,frozen_meat_poultry,2024-11-05
Aunt Bessie’s Garlic and Herb Beef Joint 550g,£8.00,£14.54/kg,null,frozen_meat_poultry,2024-11-05
Aunt Bessie's Bacon Topped Boneless Chicken Joint 700g,£8.00,£11.43/kg,null,frozen_meat_poultry,2024-11-05
Discover In Buffalo Chicken Wings 550G,£3.25,£5.91/kg,null,frozen_meat_poultry,2024-11-05
Discover In Smoky Bourbon Chicken Wings 550G,£3.25,£5.91/kg,null,frozen_meat_poultry,2024-11-05
Discover-In Mango Habanero Chicken Wings 550g,£3.25,£5.91/kg,null,frozen_meat_poultry,2024-11-05
Discover In Chicken Gyros Kit 360G,£4.00,£11.11/kg,null,frozen_meat_poultry,2024-11-05
Birds Eye Chicken Shop Buttermilk Chicken Tenders 300G,£3.75,£12.50/kg,Any 3 for 2 Clubcard Price - Cheapest Product Free - Birds Eye Chicken Shop 227g - 500g,frozen_meat_poultry,2024-11-05
Birds Eye Chicken Shop Hot & Fiery Chicken Chunks 300G,£3.75,£12.50/kg,Any 3 for 2 Clubcard Price - Cheapest Product Free - Birds Eye Chicken Shop 227g - 500g,frozen_meat_poultry,2024-11-05
Birds Eye Chicken Shop Hickory BBQ Chicken Wings 375G,£3.75,£10.00/kg,Any 3 for 2 Clubcard Price - Cheapest Product Free - Birds Eye Chicken Shop 227g - 500g,frozen_meat_poultry,2024-11-05
Birds Eye Chicken Shop Honey Sriracha Chicken Wings 375G,£3.75,£10.00/kg,Any 3 for 2 Clubcard Price - Cheapest Product Free - Birds Eye Chicken Shop 227g - 500g,frozen_meat_poultry,2024-11-05
Tesco Finest Salmon Wellington 700G,£7.50,£10.71/kg,null,frozen_seafood,2024-11-05
Tesco Finest Frozen Jumbo Raw King Prawns 240G,£5.55,£23.12/kg,£4.00 Clubcard Price,frozen_seafood,2024-11-05
Youngs Gastro Jumbo Wholetail Scampi 230G,£5.50,£23.91/kg,null,frozen_seafood,2024-11-05
Tesco Wild Salmon Fillets 500G,£5.55,£11.10/kg,null,frozen_seafood,2024-11-05
Birds Eye 4 Large Battered Cod Fillets 440G,£6.50,£14.77/kg,£4.00 Clubcard Price,frozen_seafood,2024-11-05
Tesco Simply Salmon & Dill Parcels 275G,£3.70,£13.46/kg,null,frozen_seafood,2024-11-05
Tesco Finest Jumbo Cooked King Prawns 225G,£5.00,£2.22/100g,null,frozen_seafood,2024-11-05
Tesco 4 Wild Salmon Fillets 330G,£4.00,£12.12/kg,null,frozen_seafood,2024-11-05
Tesco Basa Fillets 500G,£4.00,£8.00/kg,null,frozen_seafood,2024-11-05
Tesco Fish Pie Mix 400G,£4.90,£12.25/kg,null,frozen_seafood,2024-11-05
Birds Eye Gluten Free Breaded Fish Fillets 250G,£3.85,£15.40/kg,null,frozen_seafood,2024-11-05
Tesco Wholetail Breaded Scampi 280G,£4.00,£14.29/kg,null,frozen_seafood,2024-11-05
Tesco Cooked King Prawns 170G,£3.60,£2.12/100g,null,frozen_seafood,2024-11-05
Birds Eye 6 Chunky Fish Fingers Extra Large 360G,£3.75,£10.42/kg,Save 1/3 £2.50 Clubcard Price,frozen_seafood,2024-11-05
Tesco Cooked & Peeled Prawns 300G,£4.50,£15.00/kg,null,frozen_seafood,2024-11-05
Birds Eye 12 Gluten Free Fish Finger 360G,£3.35,£9.31/kg,null,frozen_seafood,2024-11-05
Birds Eye 8 Crispy Batter Fish Fingers 224G,£2.10,£9.38/kg,£1.50 Clubcard Price,frozen_seafood,2024-11-05
Tesco Smoked Haddock Fillets 360G,£4.00,£11.11/kg,null,frozen_seafood,2024-11-05
Tesco 4 Breaded Chunky Prime Cod Fillets 500G,£5.25,£10.50/kg,null,frozen_seafood,2024-11-05
Youngs Chip Shop 4 Large Cod Fillets 440G,£5.50,£12.50/kg,null,frozen_seafood,2024-11-05
Birds Eye Cod Fish Fingers 10 Pack 280G,£4.00,£14.29/kg,Save 25% £3.00 Clubcard Price,frozen_seafood,2024-11-05
Birds Eye 4 Battered Fish Fillets 400G,£4.00,£10.00/kg,null,frozen_seafood,2024-11-05
Youngs Simply Breaded 4 Large Cod Fillets 440G,£5.60,£12.73/kg,£4.00 Clubcard Price,frozen_seafood,2024-11-05
Youngs Scampi 220G,£4.00,£18.18/kg,£2.75 Clubcard Price,frozen_seafood,2024-11-05
Tesco Haddock Fillets 360G,£4.00,£11.11/kg,null,frozen_seafood,2024-11-05
Tesco Raw King Prawns 170G,£3.60,£21.18/kg,null,frozen_seafood,2024-11-05
Birds Eye 4 Large Breaded Haddock 440G,£6.50,£14.77/kg,null,frozen_seafood,2024-11-05
Youngs Gastro Signature Breaded Lemon & Pepper 2 Fish Fillets 270G,£4.75,£17.59/kg,Half Price £2.35 Clubcard Price,frozen_seafood,2024-11-05
Youngs Gastro 2 Tempura Battered Fish Fillets 270G,null,null,null,frozen_seafood,2024-11-05
Tesco Finest 6 Chunky Cod Fillets Fish Fingers 400G,£3.70,£9.25/kg,null,frozen_seafood,2024-11-05
Tesco 4 Breaded Haddock Fillets 500G,£3.39,£6.78/kg,null,frozen_seafood,2024-11-05
Tesco 4 Battered Haddock Fillets 500G,£3.39,£6.78/kg,null,frozen_seafood,2024-11-05
Bay Fishmongers Cold Water Prawns 250G,£2.69,£10.76/kg,null,frozen_seafood,2024-11-05
Birds Eye 4 Breaded Cod Cakes 198G,£1.60,£8.08/kg,null,frozen_seafood,2024-11-05
Youngs Flipper Dippers 10 Pack 250G,£1.50,£6.00/kg,null,frozen_seafood,2024-11-05
Whitby Seafoods Breaded Scampi Bites 190G,£1.50,£7.90/kg,null,frozen_seafood,2024-11-05
Tesco 30 Omega 3 Fish Fingers 900G,£3.20,£3.56/kg,null,frozen_seafood,2024-11-05
Tesco Cod Fillets 360G,£4.00,£11.11/kg,null,frozen_seafood,2024-11-05
Hearty Food Co 10 Cod Fishcakes 500G,£1.89,£3.78/kg,null,frozen_seafood,2024-11-05
Tesco 4 Breaded Cod Fillets 500G,£3.39,£6.78/kg,null,frozen_seafood,2024-11-05
Tesco 4 Battered Cod Fillets 500G,£3.39,£6.78/kg,null,frozen_seafood,2024-11-05
Birds Eye 10 Fish Fingers Omega3 280G,£3.00,£10.71/kg,null,frozen_seafood,2024-11-05
Bay Fishmongers White Fish Fillets 520G,£2.49,£4.79/kg,null,frozen_seafood,2024-11-05
Youngs 4 Omega 3 Fish Cakes 200G,£1.10,£5.50/kg,95p Clubcard Price,frozen_seafood,2024-11-05
Tesco 10 Omega 3 Fish Fingers 300G,£1.13,£3.77/kg,null,frozen_seafood,2024-11-05
Hearty Food Co 10 Fish Fingers 250G,£0.80,£3.20/kg,null,frozen_seafood,2024-11-05
Tesco Cod Fish Fingers 10 Pack 300G,£1.65,£5.50/kg,null,frozen_seafood,2024-11-05
Tesco Finest Whole Raw Black Tiger Prawns 300G,£8.90,£29.67/kg,null,frozen_seafood,2024-11-05
Tesco Raw Seafood Selection 350G,null,null,null,frozen_seafood,2024-11-05
Birds Eye 4 Battered Haddock Fillets 440G,£6.50,£14.77/kg,£4.00 Clubcard Price,frozen_seafood,2024-11-05
Tesco Cooked Whole Shell Prawns 500G,£6.25,£12.50/kg,null,frozen_seafood,2024-11-05
Youngs Gastro 2 Sea Salt & Pepper Basa Fillets 310G,£4.75,£15.32/kg,null,frozen_seafood,2024-11-05
Youngs Gastro 2 Crispy Lemon Basa Fillets 310G,£4.75,£15.32/kg,null,frozen_seafood,2024-11-05
Youngs 4 Cod Steaks In Parsley Sauce 560G,£6.00,£10.71/kg,null,frozen_seafood,2024-11-05
Whitby Seafoods Scampi 370G,£5.00,£13.51/kg,null,frozen_seafood,2024-11-05
Youngs Calamari 250G,£4.10,£16.40/kg,null,frozen_seafood,2024-11-05
Youngs 4 Cod Steaks In Butter Sauce 560G,£6.00,£10.71/kg,null,frozen_seafood,2024-11-05
Youngs Chip Shop 4 Omega 3 Fish Fillets,£4.00,£10.00/kg,£2.50 Clubcard Price,frozen_seafood,2024-11-05
Tesco Salt & Pepper Squid 250G,£4.00,£16.00/kg,null,frozen_seafood,2024-11-05
Tesco Hake Fillets 500G,£4.00,£8.00/kg,null,frozen_seafood,2024-11-05
Tesco Cooked Mussels 400G,£3.50,£8.75/kg,£3.00 Clubcard Price,frozen_seafood,2024-11-05
Tesco Finest 2 Whole Raw Lobster Tails 220G,£13.25,£60.23/kg,null,frozen_seafood,2024-11-05
Tesco 2 Yellow Fin Sole Lemon & Parsley 250G,£3.50,£14.00/kg,null,frozen_seafood,2024-11-05
Youngs Gastro 8 Chunky Breaded Haddock Fingers 320G,£5.00,£15.62/kg,£3.50 Clubcard Price,frozen_seafood,2024-11-05
Tesco Finest Whole Cooked Atlantic Lobster 400G,£10.25,£25.62/kg,null,frozen_seafood,2024-11-05
Tesco King Prawn Ring With Sweet Chilli Dip 280G,£5.00,£1.79/100g,null,frozen_seafood,2024-11-05
Tesco Skin On Cod Fillets 540G,£5.55,£10.28/kg,null,frozen_seafood,2024-11-05
Youngs Chip Shop Extra Large Fish Fillets Beer Batter 300G,£3.50,£11.67/kg,£2.50 Clubcard Price,frozen_seafood,2024-11-05
Tesco 4 Breaded Plaice Fillets 500G,null,null,null,frozen_seafood,2024-11-05
Youngs Gastro 2 Smoked Haddock Chunky Fish Cakes 270G,£4.50,£16.67/kg,null,frozen_seafood,2024-11-05
Tesco King Prawns & Scallops In Prosecco Sauce 200G,£4.75,£23.75/kg,null,frozen_seafood,2024-11-05
Tesco 4 Battered Chunky Cod Fillets 500G,£5.25,£10.50/kg,null,frozen_seafood,2024-11-05
Tesco Breaded Cod Fishcakes 4 Pack 340G,£3.00,£8.82/kg,null,frozen_seafood,2024-11-05
Tesco 2 Boneless Seabass Fillets 240G,null,null,null,frozen_seafood,2024-11-05
Birds Eye 10 Fish Fingers Haddock 280G,£4.25,£15.18/kg,null,frozen_seafood,2024-11-05
Youngs Simply Breaded Omega 3 4 Fish Fillets 400G,£3.55,£8.88/kg,null,frozen_seafood,2024-11-05
Hearty Food Co 4 Fish Steaks In Butter Sauce 552G,£2.70,£4.89/kg,null,frozen_seafood,2024-11-05
Birds Eye 6 Crispy Battered Fish Fingers Extra Large 360G,£3.75,£10.42/kg,null,frozen_seafood,2024-11-05
Birds Eye 4 Large Breaded Cod Fillets 440G,£6.50,£14.77/kg,null,frozen_seafood,2024-11-05
Hearty Food Co 4 Breaded White Fish Fillets 400G,£2.00,£5.00/kg,null,frozen_seafood,2024-11-05
Hearty Food Co 4 Battered White Fish Fillets 400G,£2.00,£5.00/kg,null,frozen_seafood,2024-11-05
Tesco 2 Extra Large Battered Cod Fillets 400G,£5.75,£14.38/kg,null,frozen_seafood,2024-11-05
THE FISH MARKET 2 BONELESS COD LOINS 300g,£5.10,£17.00/kg,Save 25% £3.75 Clubcard Price,frozen_seafood,2024-11-05
Birds Eye 32 Breaded Cod Fish Fingers 896g,£8.00,£8.93/kg,null,frozen_seafood,2024-11-05
THE FISH MARKET 2 SKINLESS & BONELESS TUNA STEAKS 280g,£5.10,£18.21/kg,null,frozen_seafood,2024-11-05
THE FISH MARKET 2 BONELESS SOCKEYE SALMON FILLETS 280g,£5.10,£18.21/kg,null,frozen_seafood,2024-11-05
Young's Gastro Taste of Asia 2 Chili Lime & Ginger Fish Fillets 270g,£4.75,£17.59/kg,null,frozen_seafood,2024-11-05
Crown Farms Black Tiger Prawns 200g,£4.00,£20.00/kg,null,frozen_seafood,2024-11-05
Birds Eye 2 Crispy Hash Brown Fish Burgers 227g,£3.50,£15.42/kg,£2.00 Clubcard Price,frozen_seafood,2024-11-05
Young's Gastro Taste of Asia 2 Lime & Soy Fish Fillets 270g,£4.75,£17.59/kg,null,frozen_seafood,2024-11-05
Birds Eye 18 Breaded Cod Fish Fingers 504g,£6.00,£11.90/kg,null,frozen_seafood,2024-11-05
Tesco Free From 2 Battered Whitefish Fillets 270g,£3.00,£3.00/each,null,frozen_seafood,2024-11-05
Birds Eye 18 Breaded Omega 3 Fish Fingers 504g,£4.20,£8.33/kg,null,frozen_seafood,2024-11-05
Birds Eye 32 Breaded Omega 3 Fish Fingers 896g,£5.00,£5.58/kg,£4.00 Clubcard Price,frozen_seafood,2024-11-05
Tesco Free From 6 Chunky Cod Fish Fingers 300g,£2.75,£2.75/each,null,frozen_seafood,2024-11-05
Goodfella's Classic Crust Takeaway Pepperoni Pizza 524G,£4.50,£0.86/100g,£2.50 Clubcard Price,frozen_pizza,2024-11-05
Goodfella's Takeaway The Big Cheese Pizza 555G,£4.50,£0.81/100g,£2.50 Clubcard Price,frozen_pizza,2024-11-05
Goodfella's Gluten Free Margherita Pizza 328G,£3.75,£1.14/100g,null,frozen_pizza,2024-11-05
Chicago Town Cheesy Stuffed Crust Pepperoni Pizza 640G,£4.50,£0.70/100g,£3.75 Clubcard Price,frozen_pizza,2024-11-05
Goodfella's Pepperoni Pizza Gluten Free 317G,£3.75,£1.18/100g,null,frozen_pizza,2024-11-05
Dr. Oetker Ristorante Funghi Pizza 365G,£3.25,£0.89/100g,£1.75 Clubcard Price,frozen_pizza,2024-11-05
Dr. Oetker Ristorante Pizza Hawaii 355G,£3.25,£0.92/100g,£1.75 Clubcard Price,frozen_pizza,2024-11-05
Chicago Town Takeaway Cheesy Stuffed Crust 630G,£4.50,£0.71/100g,£3.75 Clubcard Price,frozen_pizza,2024-11-05
Dr. Oetker Ristorante Mozzerella Pizza 335G,£3.25,£0.97/100g,£1.75 Clubcard Price,frozen_pizza,2024-11-05
Chicago Town Crispy Thin Loaded Cheese Pizza 439G,£4.00,£0.91/100g,null,frozen_pizza,2024-11-05
Dr. Oetker Ristorante Pepperoni Salame Pizza 320G,£3.25,£1.02/100g,£1.75 Clubcard Price,frozen_pizza,2024-11-05
Zizzi Rustica Ham & Mushroom Pizza 415G,£4.25,£1.02/100g,null,frozen_pizza,2024-11-05
Crosta & Mollica Pizzeria Margherita Pizza 403G,£5.00,£1.24/100g,null,frozen_pizza,2024-11-05
Zizzi Rustica Piccante Pepperoni Pizza 410G,£4.25,£1.04/100g,null,frozen_pizza,2024-11-05
Dr Oetker Ristorante Margherita Pomodori Pizza Vegan 340G,£3.25,£0.96/100g,null,frozen_pizza,2024-11-05
Kirsty's Free From Pepperoni Pizza 325G,£3.50,£10.77/kg,null,frozen_pizza,2024-11-05
Crosta & Mollica Stromboli Spicy Salami Pizza 447G,£5.00,£1.12/100g,null,frozen_pizza,2024-11-05
Zizzi Vegan Jackfruit Pepperoni Pizza 400G,£4.25,£1.06/100g,null,frozen_pizza,2024-11-05
Chicago Town Vegan Crust Pizza Bbq Jackfruit 490G,£4.50,£0.92/100g,null,frozen_pizza,2024-11-05
Goodfellas Gluten Free Cheesy Garlic Bread 175G,£2.90,£1.66/100g,null,frozen_pizza,2024-11-05
Northern Dough Co. Pizza Dough Original 2 X 220G,£2.50,£0.57/100g,null,frozen_pizza,2024-11-05
Tesco Takeaway Bbq Chicken Pizza 509G,£2.70,£0.53/100g,null,frozen_pizza,2024-11-05
Tesco Takeaway Stuffed Crust Pepperoni Pizza 436G,£2.70,£0.62/100g,null,frozen_pizza,2024-11-05
Tesco Stuffed Crust Cheese Pizza 431G,£2.70,£0.63/100g,null,frozen_pizza,2024-11-05
Goodfella's Stonebaked Thin Chicken Pizza 365G,null,null,null,frozen_pizza,2024-11-05
Chicago Town Large Takeaway Pepperoni Pizza 645G,£4.50,£0.70/100g,null,frozen_pizza,2024-11-05
Tesco Stonebaked Thin Mixed Vegetable Pizza 380G,£1.65,£0.43/100g,null,frozen_pizza,2024-11-05
Chicago Town Deep Dish Peppered Cheesesteak Pizza 2 X 160G,£2.50,£0.78/100g,null,frozen_pizza,2024-11-05
Chicago Town Stuffed Crust Chicken & Bacon Large Pizza 640G,£4.50,£0.70/100g,null,frozen_pizza,2024-11-05
Chicago Town Large Takeaway Cheese Pizza 630G,£4.50,£0.71/100g,null,frozen_pizza,2024-11-05
Tesco Takeaway Meat Feast Pizza 531G,£2.70,£0.51/100g,null,frozen_pizza,2024-11-05
Tesco 10 Garlic Bread Slices 260G,£1.30,£0.50/100g,null,frozen_pizza,2024-11-05
Tesco Stonebaked Ham & Pineapple Pizza 375G,£1.65,£0.44/100g,null,frozen_pizza,2024-11-05
Tesco Stonebaked Thin Sweet Chilli Chicken Pizza 330G,£1.65,£0.50/100g,null,frozen_pizza,2024-11-05
Tesco Cheese & Garlic Pizza Bread 210G,£1.30,£0.62/100g,null,frozen_pizza,2024-11-05
Chicago Town Deep Dish Four Cheese Pizzas 2 X 148G,£1.59,£0.54/100g,null,frozen_pizza,2024-11-05
Chicago Town Deep Dish Pepperoni Pizzas 2 X 155G,£1.59,£0.51/100g,null,frozen_pizza,2024-11-05
Tesco Deep Pan Cheese Pizza 386G,£1.45,£0.38/100g,null,frozen_pizza,2024-11-05
Chicago Town Deep Dish Mega Meaty Pizzas 2 X 157G,£1.59,£0.51/100g,null,frozen_pizza,2024-11-05
Hearty Food Co. Mini Pizzas Cheese & Tomato 4 Pack 356G,£2.15,£0.60/100g,null,frozen_pizza,2024-11-05
Hearty Food Co. 2 Garlic Baguettes 338G,£0.85,£0.25/100g,null,frozen_pizza,2024-11-05
Tesco Deep Pan Meat Feast Pizza 386G,£1.45,£0.38/100g,null,frozen_pizza,2024-11-05
Hearty Food Thin Cheese & Tomato Pizza 314G,£0.97,£0.31/100g,null,frozen_pizza,2024-11-05
Hearty Food Thin Pepperoni Pizza 314G,£0.97,£0.31/100g,null,frozen_pizza,2024-11-05
Crosta & Mollica Margherita Pizzetta 2 x 218g,£5.25,£1.20/100g,null,frozen_pizza,2024-11-05
"Dr Oetker Ristorante Pepperoni, Mozzarella & Pesto Pizza 360g",£3.25,£0.90/100g,£1.75 Clubcard Price,frozen_pizza,2024-11-05
Dr. Oetker Ristorante Grande Pepperoni Pizza 582g,£4.50,£0.77/100g,null,frozen_pizza,2024-11-05
Dr. Oetker Ristorante Grande Margherita Formaggi Pizza 585g,£4.50,£0.77/100g,null,frozen_pizza,2024-11-05
Dr Oetker Gluten Free Ristorante Salame 315G,£3.60,£1.14/100g,£2.50 Clubcard Price,frozen_pizza,2024-11-05
Dr Oetker Ristorante Gluten Free Mozzarella Pizza 370G,£3.60,£0.97/100g,£2.50 Clubcard Price,frozen_pizza,2024-11-05
Chicago Town Tiger Crust Double Pepperoni Pizza 320g,£3.50,£1.09/100g,Half Price £1.75 Clubcard Price,frozen_pizza,2024-11-05
Chicago Town Crispy Thin Sausage & Pepperoni Pizza 431G,£4.00,£0.93/100g,null,frozen_pizza,2024-11-05
Chicago Town Tiger Crust Cheese Medley Pizza 305g,£3.50,£1.15/100g,Half Price £1.75 Clubcard Price,frozen_pizza,2024-11-05
TESCO FINEST ITALIAN FOUR CHEESE WOOD FIRED PIZZA 430g,£3.50,£0.81/100g,null,frozen_pizza,2024-11-05
"TESCO FINEST SALAMI, RED ONION & 'NDUJA WOOD FIRED ITALIAN MEATS PIZZA 420g",£3.50,£0.83/100g,null,frozen_pizza,2024-11-05
G/Fella's Stonebake Thin Italian Hot Pizza 353G,£3.00,£0.85/100g,null,frozen_pizza,2024-11-05
Zizzi Calzone Carne Piccante 400g,£4.25,£1.06/100g,null,frozen_pizza,2024-11-05
TESCO FINEST SPICY CHICKEN & CHARGRRILLED PEPPER WOOD FIRED PIZZA 450g,£3.50,£0.78/100g,null,frozen_pizza,2024-11-05
Kirsty's Free From Margherita Pizza 315G,£3.50,£1.11/100g,null,frozen_pizza,2024-11-05
Dr Oetker Ristorante Vegan Pepperoni Salami Pizza 295G,£3.25,£1.10/100g,null,frozen_pizza,2024-11-05
Crosta & Mollica Regina Sourdough Pizza 448g,£5.00,£1.12/100g,null,frozen_pizza,2024-11-05
"Chicago Town Tiger Crust Bacon, Ham and Pineapple Pizza 380g",£3.50,£0.92/100g,Half Price £1.75 Clubcard Price,frozen_pizza,2024-11-05
Pizza Express Margherita Speciale Pizza 455g,£4.00,£0.88/100g,null,frozen_pizza,2024-11-05
TESCO TAKEAWAY 4 CHEESE PIZZA 480g,£2.70,£0.56/100g,null,frozen_pizza,2024-11-05
TESCO TAKEWAY PEPPERONI PIZZA 480g,£2.70,£0.56/100g,null,frozen_pizza,2024-11-05
Chicago Town Subs Cheese & Tomato 2 x 125g,£1.75,£0.70/100g,null,frozen_pizza,2024-11-05
CHICAGO TOWN SUBS 2 MEAT SUPREME 250G,£1.75,£0.70/100g,null,frozen_pizza,2024-11-05
Tesco Stonebaked Four Cheese Pizza 350g,£1.65,£0.47/100g,null,frozen_pizza,2024-11-05
Tesco Stonebaked Double Pepperoni Pizza 350g,£1.65,£0.47/100g,null,frozen_pizza,2024-11-05
Goodfella's Stonebaked Thin Margherita Cheese Pizza 334g,null,null,null,frozen_pizza,2024-11-05
Goodfella's Stonebaked Thin Pepperoni Pizza 332g,£3.00,£0.90/100g,null,frozen_pizza,2024-11-05
Tesco Stonebaked BBQ Meat Feast Pizza 340g,£1.65,£0.48/100g,null,frozen_pizza,2024-11-05
Tesco Finest Sicilian Lemon Tart 458G,£4.80,£1.05/100g,null,frozen_desserts,2024-11-05
Tesco New York Cheesecake 450G,£2.75,£0.61/100g,null,frozen_desserts,2024-11-05
Tesco Strawberry Cheesecake 500G,£2.35,£0.47/100g,null,frozen_desserts,2024-11-05
Viennetta Vanilla Ice Cream Dessert 650Ml,£2.00,£0.31/100ml,Save 25% £1.50 Clubcard Price,frozen_desserts,2024-11-05
Tesco Double Chocolate Gateau 600G,£3.00,£0.50/100g,null,frozen_desserts,2024-11-05
Tesco Chocolate Profiteroles 235G,£1.90,£0.81/100g,null,frozen_desserts,2024-11-05
Viennetta Mint Ice Cream Dessert 650Ml,£2.00,£0.31/100ml,Save 25% £1.50 Clubcard Price,frozen_desserts,2024-11-05
Tesco Apple Strudel 600G,£1.75,£0.29/100g,null,frozen_desserts,2024-11-05
Tesco Black Forest Gateau 630G,£3.00,£0.48/100g,null,frozen_desserts,2024-11-05
Tesco Strawberry Gateau Bar 400G,£2.50,£0.62/100g,null,frozen_desserts,2024-11-05
Tesco Double Chocolate Yule Log 400G,£3.00,£0.75/100g,Save 25% £2.25 Clubcard Price,frozen_desserts,2024-11-05
Tesco Finest Toffee & Pecan Roulade 420G,£5.10,£1.21/100g,null,frozen_desserts,2024-11-05
Tesco Finest Raspberry & Dark Chocolate Roulade 450G,£5.10,£1.13/100g,null,frozen_desserts,2024-11-05
English Cheesecake Company Ltd 6 Vanilla With Lotus Cheesecake Bite 225G,£3.25,£1.44/100g,null,frozen_desserts,2024-11-05
Tesco Morello Cherry Bakewell Tart 410G,£2.60,£0.63/100g,null,frozen_desserts,2024-11-05
Tesco Banoffee Pie 500G,£2.50,£0.50/100g,null,frozen_desserts,2024-11-05
Jus Rol Vol au Vents Medium 313G,£2.50,£7.99/kg,null,frozen_desserts,2024-11-05
Tesco Lemon Meringue Pie 475G,£2.50,£0.53/100g,null,frozen_desserts,2024-11-05
Tesco 6 Chocolate Eclairs 160G,£1.85,£1.16/100g,null,frozen_desserts,2024-11-05
Tesco Chocolate Cheesecake 425G,£2.35,£0.55/100g,null,frozen_desserts,2024-11-05
Ms Molly's Strawberry Swirl Cheesecake 375G,£0.80,£0.21/100g,null,frozen_desserts,2024-11-05
Ms Molly's Lemon Swirl Cheesecake 375G,£0.80,£0.21/100g,null,frozen_desserts,2024-11-05
Aunt Bessie's Jam Roly Poly 300G,£2.00,£0.67/100g,null,frozen_desserts,2024-11-05
Tesco 4 Free From Chocolate Eclairs 100G,null,null,null,frozen_desserts,2024-11-05
Tesco Berry & Lemon Tart 380G,£2.60,£0.68/100g,null,frozen_desserts,2024-11-05
Aunt Bessie's Bramley Apple Crumble 500G,£2.00,£0.40/100g,null,frozen_desserts,2024-11-05
Tesco Finest Chocolate & Praline Roulade 525G,£5.10,£0.97/100g,null,frozen_desserts,2024-11-05
Tesco 8 Mini Salted Caramel Tarts 160G,£3.00,£1.88/100g,Any 3 for £6 Clubcard Price - Selected Tesco Frozen Party Food,frozen_desserts,2024-11-05
Almondy Daim Chocolate Cake 400G,£4.00,£1.00/100g,null,frozen_desserts,2024-11-05
Doughlicious Chocolate Chip Cookie Dough & Gelato Bites 6 x 34g,£4.50,£2.21/100g,null,frozen_desserts,2024-11-05
Doughlicious Chocolate Truffle Cookie Dough & Gelato Bites 6 x 34g,£4.50,£2.21/100g,null,frozen_desserts,2024-11-05
Oreo Cheesecake 425G,£3.40,£0.80/100g,null,frozen_desserts,2024-11-05
Kirsty's Luxury Apple Pie 322G,£3.30,£10.25/kg,null,frozen_desserts,2024-11-05
Lotus Biscoff Ice Cream Cake 650ml,£3.75,£0.58/100ml,£3.00 Clubcard Price,frozen_desserts,2024-11-05
Tesco Confetti Trifle Cake 420g,£2.75,£0.66/100g,£2.25 Clubcard Price,frozen_desserts,2024-11-05
Aunt Bessie's Sticky Toffee 300G,£2.00,£0.67/100g,null,frozen_desserts,2024-11-05
"Tesco Finest Raspberry, Passion fruit and Pistachio Meringue Stack 505g",£6.50,£1.29/100g,£5.80 Clubcard Price,frozen_desserts,2024-11-05
Tesco Hot Chocolate Fudge Cake 450G,£1.85,£0.41/100g,null,frozen_desserts,2024-11-05
Gu Frozen Double Salted Caramel & Mascarpone Sundae 4 x 85g,£5.50,£1.62/100g,£4.00 Clubcard Price,frozen_desserts,2024-11-05
Gu Frozen Clotted Cream & Chocolate Crunch Sundae 4 x 73.5g,£5.50,£1.87/100g,£4.00 Clubcard Price,frozen_desserts,2024-11-05
"Gu Frozen Caramel, Chocolate & Hazelnut Sundae 4 x 79g",£5.50,£1.74/100g,£4.00 Clubcard Price,frozen_desserts,2024-11-05
Itsu Chocolate Bao Buns 4 X 45G,£3.50,£1.94/100g,null,frozen_desserts,2024-11-05
Jus-Rol 2 Shortcrust Pastry Ready Rolled 640G,£2.50,£0.39/100g,null,frozen_desserts,2024-11-05
Jus-Rol 2 Puff Pastry Ready Rolled 640G,null,null,null,frozen_desserts,2024-11-05
Itsu Salted Caramel Bao Buns 4 X 45G,£3.50,£1.94/100g,null,frozen_desserts,2024-11-05
Tesco Millionaires Cheesecake 450g,£2.75,£0.61/100g,null,frozen_desserts,2024-11-05
Tesco Raspberry & White Chocolate Cheesecake 455g,£2.75,£0.60/100g,£2.25 Clubcard Price,frozen_desserts,2024-11-05
English Cheesecake Company 6 Lemon Cheesecake Bites 210g,£3.25,£1.55/100g,null,frozen_desserts,2024-11-05
Tesco Apple Tart 450g,£2.60,£0.58/100g,null,frozen_desserts,2024-11-05
Country Style 5 Fresh Cream Doughnuts 265g,£1.40,£0.53/100g,null,frozen_desserts,2024-11-05
Tesco Gingerbread Cheesecake 450G,£2.75,£0.61/100g,£2.25 Clubcard Price,frozen_desserts,2024-11-05
Pret A Manger 6 Chocolate Filled Croissants 420G,£3.95,£0.94/100g,£3.00 Clubcard Price,frozen_fruit_pastries,2024-11-05
Pret Greens Smoothie Mix 400G,£3.50,£8.75/kg,£3.00 Clubcard Price,frozen_fruit_pastries,2024-11-05
Tesco Frozen Strawberry & Banana Smoothie Mix 500G,£2.65,£5.30/kg,null,frozen_fruit_pastries,2024-11-05
Pret A Manger 6 Butter Croissants 330G,£3.60,£1.09/100g,£3.00 Clubcard Price,frozen_fruit_pastries,2024-11-05
Tesco Strawberries & Blueberries 400G,£2.65,£6.62/kg,null,frozen_fruit_pastries,2024-11-05
Tesco Frozen Cranberries 400G,£2.65,£6.62/kg,null,frozen_fruit_pastries,2024-11-05
Snacksters Classic Breakfast Wrap 163G,£1.85,£11.35/kg,null,frozen_fruit_pastries,2024-11-05
Pret Berries & Cherries Smoothie Mix 400G,£3.50,£8.75/kg,£3.00 Clubcard Price,frozen_fruit_pastries,2024-11-05
Pret 2 Ham & Cheese Croissants 220G,£4.00,£1.82/100g,£3.50 Clubcard Price,frozen_fruit_pastries,2024-11-05
Pret 2 Mozzarella & Tomato Croissants 230G,£4.00,£1.74/100g,£3.50 Clubcard Price,frozen_fruit_pastries,2024-11-05
Tesco 4 Pain Au Chocolat 320G,£2.85,£0.89/100g,null,frozen_fruit_pastries,2024-11-05
Tesco 4 Cinnamon Swirls 345G,£2.85,£0.83/100g,null,frozen_fruit_pastries,2024-11-05
Tesco Frozen Whole Strawberries 350G,£2.25,£6.43/kg,null,frozen_fruit_pastries,2024-11-05
Tesco Frozen Pineapple Chunks 450G,£2.25,£5.00/kg,null,frozen_fruit_pastries,2024-11-05
Tesco 4 Maple & Pecan Plaits 350G,£2.85,£0.81/100g,null,frozen_fruit_pastries,2024-11-05
Tesco Fruit Breakfast Topper 350G,£2.25,£6.43/kg,null,frozen_fruit_pastries,2024-11-05
Pret A Manger Plain Vegan Croissants 360G,null,null,£2.95 Clubcard Price,frozen_fruit_pastries,2024-11-05
Tesco Berry Smoothie Mix 500G,£2.65,£5.30/kg,null,frozen_fruit_pastries,2024-11-05
Tesco 6 All Butter Croissants 255G,£2.55,£1.00/100g,null,frozen_fruit_pastries,2024-11-05
Tesco 4 Almond Croissants 322G,£2.85,£0.88/100g,null,frozen_fruit_pastries,2024-11-05
Pret 4 Almond Croissants 280G,£3.60,£1.29/100g,£3.00 Clubcard Price,frozen_fruit_pastries,2024-11-05
Tesco Frozen Summer Fruits Mix 500G,£2.65,£5.30/kg,null,frozen_fruit_pastries,2024-11-05
Tesco Black Forest Fruits Mix 500G,£2.65,£5.30/kg,null,frozen_fruit_pastries,2024-11-05
Tesco 6 Mini Danish Pastry Selection 235G,£2.55,£1.08/100g,null,frozen_fruit_pastries,2024-11-05
Schar Gluten Free 4 Croissants 220g,£3.25,£14.77/kg,£2.75 Clubcard Price,frozen_fruit_pastries,2024-11-05
Tesco Raspberries 300G,£2.25,£7.50/kg,null,frozen_fruit_pastries,2024-11-05
Tesco Blackberries 350G,£2.25,£6.43/kg,null,frozen_fruit_pastries,2024-11-05
Tesco Blueberries 350G,£2.25,£6.43/kg,null,frozen_fruit_pastries,2024-11-05
Tesco Portuguese Custard Tarts 4 Pack 208G,£2.85,£1.37/100g,null,frozen_fruit_pastries,2024-11-05
Tesco Pitted Sweet Cherries 350G,£2.25,£6.43/kg,null,frozen_fruit_pastries,2024-11-05
Tesco Exotic Fruit Mix 450G,£2.25,£5.00/kg,null,frozen_fruit_pastries,2024-11-05
Tesco Perfectly Imperfect Frozen Mixed Berry 1Kg,£2.99,£2.99/kg,null,frozen_fruit_pastries,2024-11-05
Tesco Frozen Mango Chunks 500G,£2.25,£4.50/kg,null,frozen_fruit_pastries,2024-11-05
Tesco All Day Breakfast 350G,£2.30,£6.57/kg,null,frozen_fruit_pastries,2024-11-05
Haagen-Dazs Vanilla Ice Cream Collection Mini Cups 4X95ml,£5.40,£1.42/100ml,£3.75 Clubcard Price,icecreams,2024-11-05
Haagen-Dazs Caramel Mini Cups 4 X 95Ml,£5.40,£1.42/100ml,£3.75 Clubcard Price,icecreams,2024-11-05
Haagen-Dazs Strawberry Cheesecake Ice Cream 460Ml,£5.40,£1.17/100ml,null,icecreams,2024-11-05
Ben & Jerry's Half Baked Chocolate & Vanilla Ice Cream Tub 465ml,£5.20,£1.12/100ml,£3.00 Clubcard Price,icecreams,2024-11-05
Cornetto Classic Ice Cream Cones 6x90ml,£3.50,£0.65/100ml,£2.50 Clubcard Price,icecreams,2024-11-05
Kelly's Cornish Clotted Cream Ice Cream 950Ml,£4.00,£0.42/100ml,Save 25% £3.00 Clubcard Price,icecreams,2024-11-05
Cornetto Strawberry Ice Cream Cones 6x90ml,£3.50,£0.65/100ml,£2.50 Clubcard Price,icecreams,2024-11-05
Carte D'or Madagascan Vanilla Ice Cream Tub 900ml,£3.75,£0.42/100ml,Save 25% £2.75 Clubcard Price,icecreams,2024-11-05
Mackie's Traditional Luxury Dairy Ice Cream 1 Litre,£3.30,£0.33/100ml,null,icecreams,2024-11-05
Haagen-Dazs Salted Caramel Ice Cream 460Ml,£5.40,£1.17/100ml,null,icecreams,2024-11-05
Mackie's Dairy Honeycombe Ice Cream 1Ltr,£3.30,£0.33/100ml,null,icecreams,2024-11-05
Carte D'or Salted Caramel Ice Cream Tub 900ml,£3.75,£0.42/100ml,Save 25% £2.75 Clubcard Price,icecreams,2024-11-05
Mackie's Traditional Luxury Dairy Ice Cream 2Ltr,£4.25,£0.21/100ml,null,icecreams,2024-11-05
Tesco Vanilla Ice Cream 900Ml,£2.65,£0.29/100ml,null,icecreams,2024-11-05
Haagen-Dazs Vanilla Ice Cream 460Ml,£5.40,£1.17/100ml,null,icecreams,2024-11-05
Swedish Glace Vanilla Non Dairy Vegan Ice Cream Tub 750ml,£3.00,£0.40/100ml,null,icecreams,2024-11-05
Tesco Triple Chocolate Ice Cream 900Ml,£2.65,£0.29/100ml,null,icecreams,2024-11-05
Tesco Mini Chocolate Ice Creams 8 X 50Ml,£3.00,£0.75/100ml,null,icecreams,2024-11-05
Tesco Caramel Vanilla Ice Cream 900Ml,£2.65,£0.29/100ml,null,icecreams,2024-11-05
Tesco Tropical Ice Creams 3 X100ml,£1.80,£0.60/100ml,null,icecreams,2024-11-05
Tesco Cornish Ice Cream 2 Litres,£3.90,£0.20/100ml,null,icecreams,2024-11-05
Rowntrees Fruit Pastilles Lollies 4X65ml,£2.50,£0.96/100ml,£2.00 Clubcard Price,icecreams,2024-11-05
Tesco Milk Chocolate Ice Creams 3X110ml,£2.10,£0.64/100ml,null,icecreams,2024-11-05
Nestle Fab Strawberry Ice Lollies 6 X 58Ml,£2.50,£0.72/100ml,£2.00 Clubcard Price,icecreams,2024-11-05
Wall's Soft Scoop Vanilla Ice Cream Tub 1800ml,£2.75,£0.15/100ml,null,icecreams,2024-11-05
Tesco Real Fruit Splits 6 X 73Ml,£1.60,£0.36/100ml,null,icecreams,2024-11-05
Tesco Chocolate & Caramel Ice Creams 3X110ml,£2.10,£0.64/100ml,null,icecreams,2024-11-05
Tesco Milk Chocolate Ices 6 X 70Ml,£1.60,£0.38/100ml,null,icecreams,2024-11-05
Tesco Strawberry & Vanilla Cones 4 X 110Ml,£1.65,£0.38/100ml,null,icecreams,2024-11-05
Tesco Salted Caramel Cones 4X110ml,£1.65,£0.38/100ml,null,icecreams,2024-11-05
Tesco Chocolate & Nut Cones 4 X 110Ml,£1.65,£0.38/100ml,null,icecreams,2024-11-05
Tesco Mint & Chocolate Cones 4 X 110Ml,£1.65,£0.38/100ml,null,icecreams,2024-11-05
Tesco Toffee & Vanilla Cones 4 X 110Ml,£1.65,£0.38/100ml,null,icecreams,2024-11-05
Ms. Molly's Assorted Fruit Lollies 8X35ml,£1.15,£0.41/100ml,null,icecreams,2024-11-05
Tesco Rocket Lollies 8 Pack 464Ml,£1.60,£0.34/100ml,null,icecreams,2024-11-05
Ms. Molly's Milk Lollies 8X35ml,£1.15,£0.41/100ml,null,icecreams,2024-11-05
Ms Molly's Vanilla Ice Cream 2Ltr,£1.35,£0.07/100ml,null,icecreams,2024-11-05
Ms Molly's Lemon Swirl Cheesecake 375G,£0.80,£0.21/100g,null,icecreams,2024-11-05
Ben & Jerry's Phish Food Chocolate & Marshmallow Ice Cream Tub 465ml,£5.20,£1.12/100ml,£3.00 Clubcard Price,icecreams,2024-11-05
Ben & Jerry's Chocolate Fudge Brownie Ice Cream Tub 465ml,£5.20,£1.12/100ml,£3.00 Clubcard Price,icecreams,2024-11-05
Magnum Double Gold Caramel Billionaire Ice Cream Sticks 3x85ml,£4.00,£1.57/100ml,Save 25% £3.00 Clubcard Price,icecreams,2024-11-05
Cornetto Mint Ice Cream Cones 6x90ml,£3.50,£0.65/100ml,£2.50 Clubcard Price,icecreams,2024-11-05
Cadbury Flake Ice Cream 480Ml,£3.50,£0.73/100ml,null,icecreams,2024-11-05
Cadbury Flake 99 Ice Cream Cones 4 X 125Ml,£4.25,£0.85/100ml,null,icecreams,2024-11-05
Tesco Finest Salted Caramel Sauce 250G,£3.00,£1.20/100g,null,icecreams,2024-11-05
Haagen-Dazs Strawberry Cheesecake Ice Cream 460Ml,£5.40,£1.17/100ml,null,icecreams,2024-11-05
Carte D'or Indulgent Chocolate Ice Cream Tub 900ml,£3.75,£0.42/100ml,Save 25% £2.75 Clubcard Price,icecreams,2024-11-05
Carte D'or Madagascan Vanilla Light Ice Cream Tub 900ml,£3.75,£0.42/100ml,Save 25% £2.75 Clubcard Price,icecreams,2024-11-05
Haagen-Dazs Belgian Chocolate Ice Cream 460Ml,£5.40,£1.17/100ml,null,icecreams,2024-11-05
Haagen-Dazs Pralines & Cream Ice Cream 460Ml,£5.40,£1.17/100ml,null,icecreams,2024-11-05
Tesco Strawberry & Cream Ice Cream Tub 900Ml,£2.65,£0.29/100ml,null,icecreams,2024-11-05
Cadbury Dairy Milk Buttons Ice Cream Cones 4 X 100Ml,£3.25,£0.81/100ml,null,icecreams,2024-11-05
Kelly's Cornish Vanilla Dairy Ice Cream 2 Litres,£5.00,£0.25/100ml,null,icecreams,2024-11-05
Tesco Mint Chocolate Ice Cream 900Ml,£2.65,£0.29/100ml,null,icecreams,2024-11-05
Askeys Treat Chocolate 325G Topping,£1.75,£0.54/100g,null,icecreams,2024-11-05
Askeys Treat Strawberry Sauce 325G,£1.75,£0.54/100g,null,icecreams,2024-11-05
Tesco Cookie Dough Ice Cream 480Ml,£2.75,£0.57/100ml,null,icecreams,2024-11-05
Tesco Raspberry Sorbet 500Ml,£2.55,£0.51/100ml,null,icecreams,2024-11-05
Tesco Finest Ice Cream Madagascan Vanilla 480Ml,£3.00,£0.62/100ml,null,icecreams,2024-11-05
Askeys Round Icecream Cones 21Pk,£1.70,£0.08/each,null,icecreams,2024-11-05
Nobbly Bobbly 4X60ml,£2.50,£1.04/100ml,£2.00 Clubcard Price,icecreams,2024-11-05
Wall's Solero Exotic Ice Cream Sticks 3x90ml,£2.75,£1.02/100ml,null,icecreams,2024-11-05
Carnation Caramel Drizzle 450g,£2.50,£0.56/100g,null,icecreams,2024-11-05
Tesco Soft Scoop Neapolitan 2 Litres,£2.40,£0.12/100ml,null,icecreams,2024-11-05
Rowntrees Fruit Stack 4X70ml,£2.50,£0.89/100ml,£2.00 Clubcard Price,icecreams,2024-11-05
Rowntrees Watermelon Lolly 4X73ml,£2.50,£0.86/100ml,£2.00 Clubcard Price,icecreams,2024-11-05
Tesco White Chocolate Ice Creams 3X110ml,£2.10,£0.64/100ml,null,icecreams,2024-11-05
Walls Soft Scoop Vanilla Light Ice Cream Tub 1800ml,£2.75,£0.15/100ml,null,icecreams,2024-11-05
Tesco Fruity Helter Skelters (5 X 70Ml) 350Ml,£1.60,£0.46/100ml,null,icecreams,2024-11-05
Tesco 6 Dark Chocolate Ices 6X70ml,£1.60,£0.38/100ml,null,icecreams,2024-11-05
Tesco Chocolate & Almond Ice Creams 3X110ml,£2.10,£0.64/100ml,null,icecreams,2024-11-05
Tesco Soft Scoop Raspberry Ripple 2 Litres,£2.40,£0.12/100ml,null,icecreams,2024-11-05
Ms Molly's Strawberry Swirl Cheesecake 375G,£0.80,£0.21/100g,null,icecreams,2024-11-05
Ben & Jerry's Caramel Brownie Party Ice Cream Tub 465ml,£5.20,£1.12/100ml,£3.00 Clubcard Price,icecreams,2024-11-05
Ben & Jerry's Minter Wonderland Mint Ice Cream 465Ml,£5.20,£1.12/100ml,£3.00 Clubcard Price,icecreams,2024-11-05
Little Moons 6 Passion Fruit Mango Treats 192G,£5.00,£2.60/100g,Save 25% £3.75 Clubcard Price,icecreams,2024-11-05
Haagen-Dazs Fruit Mini Cups Ice Cream 4X95ml,£5.40,£1.42/100ml,£3.75 Clubcard Price,icecreams,2024-11-05
Magnum Vegan Non Dairy Classic Ice Cream Sticks 3x90ml,£4.00,£1.48/100ml,null,icecreams,2024-11-05
Magnum Vegan Non Dairy Almond Ice Cream Sticks 3x90ml,£4.00,£1.48/100ml,null,icecreams,2024-11-05
Kelly's Honeycomb Crunch 950Ml,£4.00,£0.42/100ml,Save 25% £3.00 Clubcard Price,icecreams,2024-11-05
Haagen-Dazs Caramel Mini Cups 4 X 95Ml,£5.40,£1.42/100ml,£3.75 Clubcard Price,icecreams,2024-11-05
Nuii Salted Caramel Macadamia Ice Cream Sticks 3X90ml,£4.00,£1.48/100ml,Save 25% £3.00 Clubcard Price,icecreams,2024-11-05
Cadbury Caramel Ice Cream 480Ml,£3.50,£0.73/100ml,£3.00 Clubcard Price,icecreams,2024-11-05
Kelly's Clotted Cream & Raspberry Ripple Ice Cream 950Ml,£4.00,£0.42/100ml,Save 25% £3.00 Clubcard Price,icecreams,2024-11-05
Magnum Mini Vegan Classic Vanilla & Almond 6 Pack 330Ml,£4.50,£1.36/100ml,null,icecreams,2024-11-05
Ben & Jerry's Sundae Oh My Banoffee Pie Ice Cream Tub 427ml,£5.50,£1.29/100ml,null,icecreams,2024-11-05
Carte D'or Mint Chocolate Chip Ice Cream Tub 900ml,£3.75,£0.42/100ml,Save 25% £2.75 Clubcard Price,icecreams,2024-11-05
Ben & Jerry's Sundae Cookie Vermonster Ice Cream Tub 427ml,£5.50,£1.29/100ml,null,icecreams,2024-11-05
Carte D'or Strawberry Ice Cream Tub 900ml,£3.75,£0.42/100ml,Save 25% £2.75 Clubcard Price,icecreams,2024-11-05
Swedish Glace Raspberry Non Dairy Vegan Ice Cream Tub 750ml,£3.00,£0.40/100ml,null,icecreams,2024-11-05
Tesco Finest Alphonso Mango & Passion Fruit Coulis 275G,£2.70,£0.98/100g,null,icecreams,2024-11-05
Oreo Stick Sandwich 4X75ml,£3.50,£1.17/100ml,£3.00 Clubcard Price,icecreams,2024-11-05
Cadbury Dairy Milk Caramel Ice Cream 4 X 100Ml,£3.25,£0.81/100ml,null,icecreams,2024-11-05
Tesco Mango Sorbet 500Ml,£2.55,£0.51/100ml,null,icecreams,2024-11-05
Cadbury Darkmilk Ice Cream Sticks 4X90ml,£3.50,£0.97/100ml,null,icecreams,2024-11-05
Askeys Treat Toffee Sauce 325G,£1.75,£0.54/100g,null,icecreams,2024-11-05
Haagen Dazs Salted Caramel Ice Cream Stick Bar 3X80ml,£4.25,£1.77/100ml,null,icecreams,2024-11-05
Cornetto Soft Cookie & Chocolate Ice Cream Cones 4x140ml,£3.75,£0.67/100ml,null,icecreams,2024-11-05
Cornetto Soft Strawberry Ice Cream Cones 4x140ml,£3.75,£0.67/100ml,null,icecreams,2024-11-05
Oreo Ice Cream 480Ml,£3.50,£0.73/100ml,£2.50 Clubcard Price,icecreams,2024-11-05
Askeys Treat Chocolate Chunk Crackin 225G,£1.70,£0.76/100g,null,icecreams,2024-11-05
Tesco Free From Ice Cream Chocolate Sticks 3 X100ml,£2.75,£0.92/100ml,null,icecreams,2024-11-05
Tesco Free From Toffee & Vanilla Cones 4X110ml,null,null,null,icecreams,2024-11-05
Halo Top Gooey Brownie Stick 3X100ml,null,null,null,icecreams,2024-11-05
Tesco Finest Cornish Sea Salted Caramel Ice Cream 480Ml,£3.00,£0.62/100ml,null,icecreams,2024-11-05
Del Monte 100% Juice Orange Ice Lollies 3 X 75Ml,£2.50,£1.11/100ml,£2.00 Clubcard Price,icecreams,2024-11-05
Wall's Solero Red Berries Ice Cream Sticks 3x90ml,£2.75,£1.02/100ml,null,icecreams,2024-11-05
Tesco 10 Waffle Cones,£1.40,£0.14/each,null,icecreams,2024-11-05
Haagen-Dazs Vanilla Ice Cream Collection Mini Cups 4X95ml,£5.40,£1.42/100ml,£3.75 Clubcard Price,icecreams,2024-11-05
Ben & Jerry's Karamel Sutra Core Chocolate & Caramel Ice Cream Tub 465ml,£5.20,£1.12/100ml,£3.00 Clubcard Price,icecreams,2024-11-05
Ben & Jerry's Caramel Chew Chew Ice Cream Tub 465ml,£5.20,£1.12/100ml,£3.00 Clubcard Price,icecreams,2024-11-05
Ben & Jerry's Cookie Dough S'wich Up Vanilla Ice Cream Tub 465ml,£5.20,£1.12/100ml,£3.00 Clubcard Price,icecreams,2024-11-05
Magnum Classic Ice Cream Sticks 6x100ml,£5.85,£0.98/100ml,£4.50 Clubcard Price,icecreams,2024-11-05
Magnum White Chocolate Ice Cream Sticks 6x100ml,£5.85,£0.98/100ml,£4.50 Clubcard Price,icecreams,2024-11-05
Halo Top Sea Salt Caramel Ice Cream 473Ml,£5.25,£1.11/100ml,£3.75 Clubcard Price,icecreams,2024-11-05
Oppo Double Salted Caramel Swirl Ice Cream 475Ml,£5.20,£1.10/100ml,£3.75 Clubcard Price,icecreams,2024-11-05
Oppo Gooey Chocolate Brownie Ice Cream 475Ml,£5.20,£1.10/100ml,£3.75 Clubcard Price,icecreams,2024-11-05
Almondy Daim Chocolate Cake 400G,£4.00,£1.00/100g,null,icecreams,2024-11-05
Nuii Coconut & Indian Mango Ice Cream 3X90ml,£4.00,£1.48/100ml,Save 25% £3.00 Clubcard Price,icecreams,2024-11-05
Little Moons Honey Roasted Pistachio Mochi Ice Cream 192G,£5.00,£2.60/100g,Save 25% £3.75 Clubcard Price,icecreams,2024-11-05
Nuii Dark Chocolate & Berry Ice Cream Sticks 3X90ml,£4.00,£1.48/100ml,Save 25% £3.00 Clubcard Price,icecreams,2024-11-05
Doughlicious Chocolate Chip Cookie Dough & Gelato Bites 6 x 34g,£4.50,£2.21/100g,null,icecreams,2024-11-05
Doughlicious Chocolate Truffle Cookie Dough & Gelato Bites 6 x 34g,£4.50,£2.21/100g,null,icecreams,2024-11-05
Hackney Gelato Pistachio Almond & Lemon Gelato 460Ml,£5.00,£1.09/100ml,null,icecreams,2024-11-05
Hackney Gelato Chocolate & Roasted Hazelnut 460Ml,£5.00,£1.09/100ml,null,icecreams,2024-11-05
Cadbury Dairy Milk Ice Cream Tub 480Ml,£3.50,£0.73/100ml,£3.00 Clubcard Price,icecreams,2024-11-05
Haagen-Dazs Caramel Swirl Gelato 4X95ml,£5.35,£1.41/100ml,null,icecreams,2024-11-05
Tesco Chocolate Fudge Brownie Ice Cream 480Ml,£2.75,£0.57/100ml,null,icecreams,2024-11-05
Cadbury Boost Ice Cream Sticks 4X90ml,null,null,null,icecreams,2024-11-05
Haagen Dazs Mango & Raspberry Ice Cream Stick Bar 3X80ml,£4.25,£1.77/100ml,null,icecreams,2024-11-05
Cornetto Non Dairy Vegan Gluten Free Soy Vanilla Ice Cream Cone 4x90ml,£3.00,£0.83/100ml,null,icecreams,2024-11-05
Carousel Oyster Delights 6S,£2.00,£0.33/each,null,icecreams,2024-11-05
Tesco Free From Strawberry & Vanilla Cones 4 X 120Ml,null,null,null,icecreams,2024-11-05
Carousel Nougat Wafers 6 Pack,£2.00,£0.33/each,null,icecreams,2024-11-05
Carnation Original Drizzle Condensed Milk Dessert Sauce Bottle 450g,£2.50,£0.56/100g,null,icecreams,2024-11-05
Halo Top Peanut Butter Swirl Sticks 3 X 100Ml,£4.00,£1.33/100ml,null,icecreams,2024-11-05
Rowntree's Fruit Blaster Ice Lollies 6X58ml,£2.50,£0.72/100ml,£2.00 Clubcard Price,icecreams,2024-11-05
Ferrero Rocher Classic Ice Cream Sticks 4 X 70Ml,£5.20,£1.86/100ml,null,icecreams,2024-11-05
Ferrero Raffaello Ice Cream Sticks 4 X 70Ml,£5.20,£1.86/100ml,null,icecreams,2024-11-05
Terry's Chocolate Orange Ice Cream Tub 450ml,£4.00,£0.89/100ml,Save 25% £3.00 Clubcard Price,icecreams,2024-11-05
Terry's Chocolate Orange Ice Cream Sticks 4x85ml,£4.50,£1.32/100ml,Save 1/3 £3.00 Clubcard Price,icecreams,2024-11-05
Hackney Gelato Madagascan Vanilla Ice Cream 460ml,£5.00,£1.09/100ml,£3.00 Clubcard Price,icecreams,2024-11-05
Oreo Ice Cream Sticks 4x90ml,£3.50,£0.97/100ml,£2.50 Clubcard Price,icecreams,2024-11-05
Ben & Jerry's Lighten Up Chocolate Cookie Dough Ice Cream Tub 465ml,£5.20,£1.12/100ml,null,icecreams,2024-11-05
Cadbury Creme Egg Ice Cream 480Ml,£3.50,£0.73/100ml,£3.00 Clubcard Price,icecreams,2024-11-05
Cadbury Crunchie Blast Ice Cream Cones 4x100ml,£3.25,£0.81/100ml,null,icecreams,2024-11-05
Maltesers Ice Cream Bars 4x50ml,£2.75,£1.38/100ml,£2.00 Clubcard Price,icecreams,2024-11-05
Cadbury Dairy Milk Ice Cream Sticks 4x90ml,£3.50,£0.97/100ml,null,icecreams,2024-11-05
Cadbury Crunchie Blast Ice Cream Sticks 4x90ml,£3.50,£0.97/100ml,null,icecreams,2024-11-05
Cadbury Dairy Milk Caramel Ice Cream Sticks 4x90ML,£3.50,£0.97/100ml,null,icecreams,2024-11-05
Bounty Ice Cream Bars 4 X 50.1Ml,£2.50,£1.25/100ml,£2.00 Clubcard Price,icecreams,2024-11-05
Cornetto Soft Caramel Stracciatella Ice Cream Cones 4x140ml,£3.75,£0.67/100ml,null,icecreams,2024-11-05
Cornetto Soft Chocolate And Vanilla Cones 4X140ml,£3.75,£0.67/100ml,null,icecreams,2024-11-05
Cadbury Creme Egg Ice Cream Cones 4X100ml,£3.25,£0.81/100ml,null,icecreams,2024-11-05
Wicked Kitchen Non Dairy Chocolate & Red Berry Cones 4x120ml,£4.50,£0.94/100ml,null,icecreams,2024-11-05
Tango Cherry Sub Zero Ice Lollies 4X70ml,£2.50,£0.89/100ml,£2.00 Clubcard Price,icecreams,2024-11-05
Cadbury Dairy Milk Ice Cream Stick 90ml,£1.90,£2.11/100ml,null,icecreams,2024-11-05
Wall's Calippo Mini Orange & Lemon-Lime Ice Lollies 5x80ml,£2.50,£0.62/100ml,£2.00 Clubcard Price,icecreams,2024-11-05
Wall's Calippo Mini Cola Ice Lollies 5x80ml,£2.50,£0.62/100ml,£2.00 Clubcard Price,icecreams,2024-11-05
Mars Ice Cream Bars 4 x 49.5 ml,£2.75,£1.39/100ml,£2.00 Clubcard Price,icecreams,2024-11-05
Snickers Ice Cream 4 x 50.3 ml,null,null,null,icecreams,2024-11-05
Tesco Rainbow Ice Cream Cones 4x110ml,£1.65,£0.38/100ml,null,icecreams,2024-11-05
Rowntree's Fruit Push Ups Orange & Blackcurrant Ice Lollies 4x90ml,£2.50,£0.69/100ml,£2.00 Clubcard Price,icecreams,2024-11-05
Rowntrees Fruit Push Ups Strawberry & Tropical Ice Lollies 4x90ml,£2.50,£0.69/100ml,£2.00 Clubcard Price,icecreams,2024-11-05
Wall's Twister Mini Pineapple Ice Cream Lollies 6x50ml,£2.50,£0.83/100ml,null,icecreams,2024-11-05
Tesco Soft Scoop Vanilla Ice Cream 2L,£2.40,£0.12/100ml,null,icecreams,2024-11-05
Wall's Twister Fruit Zingerrr Ice Lollies 4x70ml,£2.50,£0.89/100ml,null,icecreams,2024-11-05
Wall's Twister Peek-A-Blue Ice Lollies 4x70ml,£2.50,£0.89/100ml,null,icecreams,2024-11-05
Tesco Peach & Yogurt Swirled Lollies 4X50ml,£1.60,£0.80/100ml,null,icecreams,2024-11-05
Cadbury Chocolate Top Ice Cream Cones 4 X 100Ml,£3.25,£0.81/100ml,null,icecreams,2024-11-05
Oreo Ice Cream Cones 4 Pack 400Ml,£3.00,£0.75/100ml,null,icecreams,2024-11-05
"Magnum Mini Classic, Almond & White Chocolate Ice Cream sticks 10x55ml",£6.50,£1.18/100ml,£5.00 Clubcard Price,icecreams,2024-11-05
Magnum Double Raspberry Ice Cream Sticks 3X85ml,£4.00,£1.57/100ml,Save 25% £3.00 Clubcard Price,icecreams,2024-11-05
Magnum Sunlover White Chocolate Mango & Coconut Ice Cream Sticks 3x85ml,£4.00,£1.57/100ml,Save 25% £3.00 Clubcard Price,icecreams,2024-11-05
"Magnum Starchaser Chocolate, Caramel & Popcorn Ice Cream Sticks 3x85ml",£4.00,£1.57/100ml,Save 25% £3.00 Clubcard Price,icecreams,2024-11-05
"Magnum Euphoria White Chocolate, Pink Lemonade Ice Cream Sticks 3x90ml",£4.00,£1.48/100ml,Save 25% £3.00 Clubcard Price,icecreams,2024-11-05
Nuii White Chocolate & Scandinavian Cranberries Ice Cream Sticks 270ml (3x90ml),£4.00,£1.48/100ml,Save 25% £3.00 Clubcard Price,icecreams,2024-11-05
"Magnum Mini Classic, Almond & White Chocolate Ice Cream Sticks 6x55ml",£4.50,£1.36/100ml,null,icecreams,2024-11-05
Magnum Mini Euphoria White Chocolate & Pink Lemonade Ice Cream Sticks 6x55ml,£4.50,£1.36/100ml,null,icecreams,2024-11-05
Magnum Mini Double Caramel Almond & Billionaire Ice Cream Sticks 6x55ml,£4.50,£1.36/100ml,null,icecreams,2024-11-05
Magnum Mini Classic Ice Cream Sticks 6x55ml,£4.50,£1.36/100ml,null,icecreams,2024-11-05
Magnum Mini Double Chocolate & Caramel Ice Cream Sticks 6x55ml,£4.50,£1.36/100ml,null,icecreams,2024-11-05
Tesco Strawberries and Cream Ice Lollies 284g (4x70ml),£2.50,£0.88/100g,null,icecreams,2024-11-05
Tesco Cloudy Apple Ice Lollies 4x73ml,£2.50,£0.86/100ml,null,icecreams,2024-11-05
Magnum White Chocolate Ice Cream Sticks 3x100ml,£3.25,£1.08/100ml,null,icecreams,2024-11-05
Magnum Classic Ice Cream Sticks 3x100ml,£3.25,£1.08/100ml,null,icecreams,2024-11-05
Tesco Pineapple Coconut & Lime Ice Lollies 4x73ml,£2.50,£0.86/100ml,null,icecreams,2024-11-05
Magnum Salted Caramel Ice Cream Sticks 3x100ml,£3.25,£1.08/100ml,null,icecreams,2024-11-05
Magnum Mint Ice Cream Sticks 3x100ml,£3.25,£1.08/100ml,null,icecreams,2024-11-05
Tango Apple Sub Zero Tang Iced lollies 4 x 70ml,£2.50,£0.89/100ml,£2.00 Clubcard Price,icecreams,2024-11-05
Tesco 8 Mini Caramelised Biscuit Ice Creams 8 x 36g,£3.00,£0.75/100ml,null,icecreams,2024-11-05
R Whites Lemonade Lollies 3 x 74ml,£2.50,£1.13/100ml,£2.00 Clubcard Price,icecreams,2024-11-05
Rowntree's Fruit Twisties Ice Lollies 4X70ml,£2.50,£0.89/100ml,£2.00 Clubcard Price,icecreams,2024-11-05
Tesco Caramelised Pecan Ice Creams 3x90ml,£2.25,£0.83/100ml,null,icecreams,2024-11-05
Tesco Valencia Orange Juice Ice Lollies 4x73ml,£2.50,£0.86/100ml,null,icecreams,2024-11-05
Tesco Sour Cherry Cola Helter Skelter Ice Lollies 5x70ml,£1.60,£0.46/100ml,null,icecreams,2024-11-05
Guuud Salted Caramel Greek Style Yoghurt Ice Cream Sticks 3x70ml,£3.75,£1.79/100ml,£2.00 Clubcard Price,icecreams,2024-11-05
Guuud Raspberry Greek Style Yoghurt Ice Cream Sticks 3x70ml,£3.75,£1.79/100ml,£2.00 Clubcard Price,icecreams,2024-11-05
Del Monte Strawberry Splits Ice Cream Lollies 4x73ml,£2.50,£0.86/100ml,£2.00 Clubcard Price,icecreams,2024-11-05
Wall's Twister Berrylicious Ice Lollies 4x70ml,£2.50,£0.89/100ml,null,icecreams,2024-11-05
Tesco Strawberry and Apple Ice Lollies 4x60ml,£1.60,£0.67/100ml,null,icecreams,2024-11-05
Tesco 4 Snowman Ice Cream Lollies 140g,null,null,£1.25 Clubcard Price,icecreams,2024-11-05
Halo Top Chocolate Chip Cookie Dough Ice Cream Tub 460ml,£5.25,£1.14/100ml,£3.75 Clubcard Price,icecreams,2024-11-05
Halo Top Golden Blondie Ice Cream Tub 460ml,£5.25,£1.14/100ml,£3.75 Clubcard Price,icecreams,2024-11-05
Magnum Almond Ice Cream Sticks 6x100ml,£5.85,£0.98/100ml,£4.50 Clubcard Price,icecreams,2024-11-05
Magnum Bon Bon Salted Caramel & Almond Ice Cream x12 204ml,£5.00,£2.45/100ml,£3.00 Clubcard Price,icecreams,2024-11-05
"Magnum Chill Chocolate, Blueberry Cookies Ice Cream Sticks 3x90ml",£4.00,£1.48/100ml,Save 25% £3.00 Clubcard Price,icecreams,2024-11-05
Oppo Brothers Caramelised Biscuit Swirl 475Ml,£5.20,£1.10/100ml,£3.75 Clubcard Price,icecreams,2024-11-05
Magnum Bon Bon White Chocolate & Cookies Ice Cream x12 204ml,£5.00,£2.45/100ml,£3.00 Clubcard Price,icecreams,2024-11-05
Haagen-Dazs Red Velvet Cheesecake Ice Cream 420ml,£5.40,£1.29/100ml,null,icecreams,2024-11-05
Haagen-Dazs Mint Chocolate Ice Cream 420ml,£5.40,£1.29/100ml,null,icecreams,2024-11-05
Ben & Jerry's Sundae Dulce De-Lish Ice Cream Tub 427ml,£5.50,£1.29/100ml,null,icecreams,2024-11-05
Carte D'Or Baileys Ice Cream Tub 825ml,£4.50,£0.54/100ml,null,icecreams,2024-11-05
Hackney Gelato Gingerbread Gelato 460ml,£5.00,£1.09/100ml,£3.00 Clubcard Price,icecreams,2024-11-05
Haagen-Dazs Coffee I/crm 460ml,£5.40,£1.17/100ml,null,icecreams,2024-11-05
Nuii Caramelised Salted Almond & New Zealand Honey Ice Cream Sticks 3x90ml,£4.00,£1.48/100ml,Save 25% £3.00 Clubcard Price,icecreams,2024-11-05
Haagen-Dazs Dulce De Leche Ice Cream 460ml,£5.40,£1.17/100ml,null,icecreams,2024-11-05
Ben & Jerry's Sundae Choco-Lotta Cheesecake Ice Cream Tub 427ml,£5.50,£1.29/100ml,null,icecreams,2024-11-05
Ben & Jerry's Lighten Up Vanilla Fudge Brownie Ice Cream Tub 465ml,£5.20,£1.12/100ml,null,icecreams,2024-11-05
Magnum Mini White Chocolate & White Chocolate Almond Ice Cream Sticks 6x55ml,£4.50,£1.36/100ml,null,icecreams,2024-11-05
Carte D'or Deluxe Tiramisu Ice Cream Tub 825ml,£4.50,£0.54/100ml,null,icecreams,2024-11-05
Tesco Finest Apple Crumble & Salted Caramel Ice Cream Tub 480ml,£3.00,£0.62/100ml,null,icecreams,2024-11-05
Magnum Almond Ice Cream Sticks 3x100ml,£3.25,£1.08/100ml,null,icecreams,2024-11-05
Tesco Caramelised Biscuit Ice Cream 900ml,£2.65,£0.29/100ml,null,icecreams,2024-11-05
Wall's soft scoop neapolitan Ice Cream Tub 1800ml,£2.75,£0.15/100ml,null,icecreams,2024-11-05
Carte D'Or Mini Pots Eton Mess Ice Cream Tub 200ml,£2.00,£1.00/100ml,£1.25 Clubcard Price,icecreams,2024-11-05
Carte D'or Vanilla Caramel And Pecan Ice Cream 200Ml,£2.00,£1.00/100ml,£1.25 Clubcard Price,icecreams,2024-11-05
Carte D'or Mini Pots Indlgnt Chocolate Cookie 200Ml,£2.00,£1.00/100ml,£1.25 Clubcard Price,icecreams,2024-11-05
Birds Brandy Flavour Sauce 465G,£2.00,£0.43/100g,null,icecreams,2024-11-05
Ben & Jerry's Cookie Dough Vanilla Ice Cream Tub 465ml,£5.20,£1.12/100ml,£3.00 Clubcard Price,icecreams,2024-11-05
Halo Top Gooey Brownie Ice Cream Tub 460ml,£5.25,£1.14/100ml,£3.75 Clubcard Price,icecreams,2024-11-05
Halo Top Honeycomb Crunch Ice Cream Tub 460ml,£5.25,£1.14/100ml,£3.75 Clubcard Price,icecreams,2024-11-05
Ben & Jerry's Spectacu-love Ice Cream Tub 465ml,£5.20,£1.12/100ml,£3.00 Clubcard Price,icecreams,2024-11-05
Ben & Jerry's Peaces Salted Caramel Brownie Ice Cream x10 160ml,£5.00,£3.12/100ml,null,icecreams,2024-11-05
Magnum Bon Bon Gold Caramel Billionaire Ice Cream 12 Pack 204ml,£5.00,£2.45/100ml,£3.00 Clubcard Price,icecreams,2024-11-05
Magnum Vegan Raspberry Swirl Ice Cream Sticks 3 x 90ml,£4.00,£1.48/100ml,null,icecreams,2024-11-05
Little Moons Iced Latte Mochi Ice Cream 6x32g,£5.00,£2.60/100g,Save 25% £3.75 Clubcard Price,icecreams,2024-11-05
Ben & Jerry's Cookies On Cookie Dough Non Dairy Ice Cream Tub 465ml,£5.20,£1.12/100ml,null,icecreams,2024-11-05
Haagen-Dazs Bites Chocolate Ice Cream 8x16ml,£5.00,£3.91/100ml,£3.50 Clubcard Price,icecreams,2024-11-05
Halo Top Honeycomb Crunch Ice Cream Sticks 3 x 100ml,£4.00,£1.33/100ml,null,icecreams,2024-11-05
Magnum Intense Dark Chocolate Ice Cream 3 X100ml,£4.00,£1.33/100ml,Save 25% £3.00 Clubcard Price,icecreams,2024-11-05
Haagen-Dazs Bites Salted Caramel Ice Cream 8x16ml,£5.00,£3.91/100ml,£3.50 Clubcard Price,icecreams,2024-11-05
Ben & Jerry's Sundae Oat Of This Swirled Non Dairy Ice Cream Tub 427ml,£5.20,£1.22/100ml,null,icecreams,2024-11-05
Ben & Jerry's Sundae Coffee Caramel Non Dairy Ice Cream Tub 427ml,£5.20,£1.22/100ml,null,icecreams,2024-11-05
Ben & Jerry’s Chocolate Fudge Brownie Non Dairy Ice Cream Tub 465ml,£5.20,£1.12/100ml,null,icecreams,2024-11-05
Ben & Jerry's Sundae Marshmallow & S'more Ice Cream Tub 427ml,£5.50,£1.29/100ml,null,icecreams,2024-11-05
Haagen-Dazs Strawberries And Cream Ice Cream 460Ml,£5.40,£1.17/100ml,null,icecreams,2024-11-05
Oreo Ice Cream Sandwich Minis 6x55ml,£3.50,£1.06/100ml,£2.50 Clubcard Price,icecreams,2024-11-05
Haagen-Dazs Lotus Biscoff Caramel & Cream Ice Cream Tub 460ml,£5.40,£1.17/100ml,null,icecreams,2024-11-05
Haagen-Dazs Cookies & Crm Bars 3 X 80ml,£4.25,£1.77/100ml,null,icecreams,2024-11-05
Little Moons Mochi Sorbet Very Berry 6X32g,£5.00,£2.60/100g,null,icecreams,2024-11-05
Little Moons Mochi Sorbet Pineapple 6X32g,£5.00,£2.60/100g,null,icecreams,2024-11-05
Haagen-Dazs Favourites Collection 4X95ml,£5.40,£5.68/100ml,£3.75 Clubcard Price,icecreams,2024-11-05
Tesco Fully Loaded Caramel Ice Cream Tub 480ml,£2.75,£0.57/100ml,null,icecreams,2024-11-05
Tesco Mini Triple Chocolate Ice Cream 6x37g,£2.50,£1.13/100g,null,icecreams,2024-11-05
Cadbury Creme Egg Ice Cream Sticks 4x90ml,£3.50,£0.97/100ml,null,icecreams,2024-11-05
Del Monte Raspberry & Vanilla Swirl Ice Cream Sticks 3x90ml,£2.50,£0.93/100ml,£2.00 Clubcard Price,icecreams,2024-11-05
Tesco Cookies and Cream Ice Cream Sandwich 510ml (6x85ml),£3.25,£0.64/100ml,null,icecreams,2024-11-05
Tesco Finest Colombian Coffee Ice Cream 480Ml,£3.00,£0.62/100ml,null,icecreams,2024-11-05
Tesco Mini Salted Caramel & Honeycomb Ice Cream 6x36g,£2.50,£1.16/100g,null,icecreams,2024-11-05
Tesco Finest Belgian Chocolate Ice Cream 480Ml,£3.00,£0.62/100ml,null,icecreams,2024-11-05
Twix Ice Cream Bars 4x43.1ml,£2.50,£1.45/100ml,null,icecreams,2024-11-05
Tesco Finest Roasted Pistachio Ice Cream 480Ml,£3.00,£0.62/100ml,null,icecreams,2024-11-05
Little Moons Cinnamon Bun Mochi Ice Cream 6x32g,£5.00,£2.60/100g,Save 25% £3.75 Clubcard Price,icecreams,2024-11-05
Ben & Jerry's Peaces Cookie Dough Ice Cream 10 Pack 160ml,£5.00,£3.12/100ml,null,icecreams,2024-11-05
Doughlicious Chocolate Raspberry Cookie Dough & Gelato Bites 6 x 32g,£4.50,£2.34/100g,null,icecreams,2024-11-05
Little Moons Strawberry & Mascarpone Cheesecake Mochi 4x30g,£3.75,£3.12/100g,null,icecreams,2024-11-05
Little Moons Belgian Chocolate & Salted Caramel Cheesecake Mochi 4x30g,£3.75,£3.12/100g,null,icecreams,2024-11-05
Little Moons Caramelised Biscuit & White Chocolate Cheesecake Mochi 4x30g,£3.75,£3.12/100g,null,icecreams,2024-11-05
Doughlicious Mint Chocolate Chip Cookie Dough & Non-Dairy Gelato Bites 6 x 32g,£4.50,£2.34/100g,null,icecreams,2024-11-05
TrüFrü White & Milk Chocolate covered Strawberries 227g,£5.00,£2.20/100g,£4.00 Clubcard Price,icecreams,2024-11-05
TrüFrü White & Dark Chocolate covered Raspberries 227g,£5.00,£2.20/100g,£4.00 Clubcard Price,icecreams,2024-11-05
TrüFrü Piña Colada White Chocolate Covered Pineapple & Coconut 227g,£5.00,£2.20/100g,£4.00 Clubcard Price,icecreams,2024-11-05
Oreo Mini Bites Ice Cream 14 pack 105ml,£2.50,£2.38/100ml,null,icecreams,2024-11-05
Del Monte Mango & Coconut Swirl Ice Cream Sticks 3x90ml,£2.50,£0.93/100ml,£2.00 Clubcard Price,icecreams,2024-11-05
"Tunnocks Milk Chocolate Caramel Wafer Biscuits Multipack, 240g",£1.85,£0.77/100g,null,treats_snacks,2024-11-05
Pringles Sour Cream & Onion 185g,£2.20,£1.19/100g,£1.85 Clubcard Price,treats_snacks,2024-11-05
Cheez-It Cheese Sour Cream & Onion 150g,£2.00,£1.33/100g,Save 25% £1.50 Clubcard Price,treats_snacks,2024-11-05
Tesco Finest Assorted Cracker For Cheese 250G,£4.00,£1.60/100g,Save 25% £3.00 Clubcard Price,treats_snacks,2024-11-05
Walkers Ready Salted Multipack Crisps 12x25g,£3.00,£1.00/100g,null,treats_snacks,2024-11-05
Walkers Classic Variety Multipack Crisps 12x25g,£3.00,£1.00/100g,null,treats_snacks,2024-11-05
Cadbury Dairy Milk Chocolate Bar Large 360G,£4.50,£1.25/100g,£4.00 Clubcard Price,treats_snacks,2024-11-05
Mccoy's Flame Grilled Steak Crisps 6X25g,£2.25,£1.50/100g,£1.75 Clubcard Price,treats_snacks,2024-11-05
Philadelphia Original Soft Cream Cheese 165G,£2.25,£13.64/kg,null,treats_snacks,2024-11-05
Walkers Quavers Cheese Multipack Crisps 6x16g,£2.00,£2.08/100g,£1.65 Clubcard Price,treats_snacks,2024-11-05
Mini Babybel Original Cheese Snacks 10X20g 200G,null,null,null,treats_snacks,2024-11-05
Cadbury Chocolate Mini Roll 5 Pack,£2.00,£0.40/each,null,treats_snacks,2024-11-05
Walkers Cheese & Onion Multipack Crisps 6x25g,£2.00,£1.33/100g,£1.65 Clubcard Price,treats_snacks,2024-11-05
Walkers Ready Salted Multipack Crisps 6x25g,£2.00,£1.33/100g,£1.65 Clubcard Price,treats_snacks,2024-11-05
"Kit Kat 2 Finger Milk Chocolate Biscuit Bars Multipack, 9 Pack",£2.20,£1.18/100g,Save 25% £1.65 Clubcard Price,treats_snacks,2024-11-05
Kp Skips Prawn Cocktail Crisps 6 X 13.1G,£1.50,£1.91/100g,null,treats_snacks,2024-11-05
Quality Street Chocolate Tub 600G,£6.00,£1.00/100g,Save 25% £4.50 Clubcard Price,treats_snacks,2024-11-05
Tesco Finest Sea Salt Chardonnay Vinegar Crisps 150G,£1.35,£0.90/100g,£1.20 Clubcard Price,treats_snacks,2024-11-05
Tesco Finest Mature Cheddar & Onion Crisps 150G,£1.35,£0.90/100g,£1.20 Clubcard Price,treats_snacks,2024-11-05
Cadbury Twirl Chocolate Bar 4 Pack Multipack 136g,£1.75,£1.29/100g,null,treats_snacks,2024-11-05
Tesco Finest Sea Salt & Black Pepper Crisps 150G,£1.35,£0.90/100g,£1.20 Clubcard Price,treats_snacks,2024-11-05
Tesco Finest Lightly Salted Crisps 150G,£1.35,£0.90/100g,£1.20 Clubcard Price,treats_snacks,2024-11-05
Pom Bear Original Crisps 6 X 13G,£1.50,£1.92/100g,£1.35 Clubcard Price,treats_snacks,2024-11-05
After Eight Dark Mint Chocolate Box 300g,£3.50,£1.17/100g,£2.50 Clubcard Price,treats_snacks,2024-11-05
Fridge Raiders Roast Chicken Bites 3X22.5G,£1.60,£2.37/100g,£1.25 Clubcard Price,treats_snacks,2024-11-05
Seabrook Sea Salted Potato Crisps 6 X 25G,£1.25,£0.83/100g,null,treats_snacks,2024-11-05
Kit Kat Chunky Milk Chocolate Bars Multipack 40g 4 Pack,£1.50,£0.94/100g,null,treats_snacks,2024-11-05
Cadbury Fingers Milk Chocolate Biscuits 114G,£1.90,£1.67/100g,£1.00 Clubcard Price,treats_snacks,2024-11-05
Tesco Mince Pies 6 Pack,£1.50,£0.25/each,null,treats_snacks,2024-11-05
Tesco Sweet & Salted Popcorn 110G,null,null,null,treats_snacks,2024-11-05
Tesco Rich Tea Biscuit 300G,£0.65,£0.22/100g,null,treats_snacks,2024-11-05
Stockwell & Co Roasted & Salted Cashews 125G,£0.99,£7.92/kg,null,treats_snacks,2024-11-05
Tesco Marshmallows 200G,£1.10,£0.55/100g,null,treats_snacks,2024-11-05
Tunnocks Milk Chocolate Teacakes 6X24g,£1.09,£0.76/100g,null,treats_snacks,2024-11-05
Maoam Bloxx 4 Pack 88G,£0.65,£0.74/100g,"£5 Meal Deal Clubcard Price £5.50 Meal Deal Regular Price - Selected Drink + Snack + Tesco Finest* Or Branded Sandwich, Wrap, Roll, Salad Or Sushi",treats_snacks,2024-11-05
Tesco Dreamy Caramel Chocolate Bars Multipack 6 X 40g,£1.45,£0.60/100g,null,treats_snacks,2024-11-05
Tesco Ginger Nut Biscuits 300G,£0.65,£0.22/100g,null,treats_snacks,2024-11-05
Tesco Original Breadsticks 125G,£0.55,£0.44/100g,null,treats_snacks,2024-11-05
Tesco Malted Milk Biscuits 200G,£0.49,£0.24/100g,null,treats_snacks,2024-11-05
Terry's Chocolate Orange Milk Chocolate Box 157G,null,null,null,treats_snacks,2024-11-05
Tesco Bourbon Creams Biscuits 296G,£0.61,£0.21/100g,null,treats_snacks,2024-11-05
Tesco Milk Chocolate Digestive Biscuits 300G,£0.77,£0.26/100g,null,treats_snacks,2024-11-05
Stockwell & Co Lightly Salted Tortilla 200G,£0.57,£0.28/100g,null,treats_snacks,2024-11-05
Ms Molly's Milk Chocolate Bar 100G,£0.49,£0.49/100g,null,treats_snacks,2024-11-05
Tesco Custard Cream Biscuits 400G,£0.60,£0.15/100g,null,treats_snacks,2024-11-05
Ms Molly's Chocolate Digestives Biscuits 300G,£0.65,£0.22/100g,null,treats_snacks,2024-11-05
Jacob's Biscuits for Cheese 8 Variety Cracker Selection 300g,£4.00,£1.33/100g,Save 25% £3.00 Clubcard Price,treats_snacks,2024-11-05
Peperami Original Mini Salami 10 X 10G,£3.00,£3.00/100g,null,treats_snacks,2024-11-05
Jacobs Biscuits For Cheese 450G,£4.50,£1.00/100g,null,treats_snacks,2024-11-05
Mcvitie's Victoria Finest Biscuit Selection 550G,£5.00,£0.91/100g,£4.50 Clubcard Price,treats_snacks,2024-11-05
Tyrrells Lightly Sea Salted Crisps 150 G,£2.50,£1.67/100g,£1.75 Clubcard Price,treats_snacks,2024-11-05
Maltesers Milk Chocolate Gift Box of Chocolates 310g,£5.00,£1.61/100g,null,treats_snacks,2024-11-05
Ferrero Rocher 24 Pieces Boxed Chocolates 300G,£9.50,£3.17/100g,£6.50 Clubcard Price,treats_snacks,2024-11-05
Mccoy's Classic Variety Crisps 6X25g,£2.25,£1.50/100g,£1.75 Clubcard Price,treats_snacks,2024-11-05
Walkers Quavers Cheese Multipack Crisps 12x16g,£3.00,£1.56/100g,null,treats_snacks,2024-11-05
Jacob's Mini Cheddars Original Multipack Baked Snacks 6x23g,£1.75,£1.27/100g,null,treats_snacks,2024-11-05
Walkers Squares Salt & Vinegar Multipack Crisps 6x22g,£2.00,£1.52/100g,£1.65 Clubcard Price,treats_snacks,2024-11-05
Philadelphia Original Soft Cream Cheese 280G,null,null,£1.90 Clubcard Price,treats_snacks,2024-11-05
Mccoy's Salt & Malt Vinegar Crisps 6X25g,£2.25,£1.50/100g,£1.75 Clubcard Price,treats_snacks,2024-11-05
Mini Babybel Light Cheese Snacks 10 X 20G 200G,£2.59,£12.95/kg,null,treats_snacks,2024-11-05
Discos Assorted Crisps 6X25.5G,£1.50,£0.98/100g,null,treats_snacks,2024-11-05
Kp Hula Hoops Bbq Beef 6X24g,null,null,null,treats_snacks,2024-11-05
Cadbury Mini Snowballs Chocolate Bar 110g,£1.75,£1.59/100g,£1.50 Clubcard Price,treats_snacks,2024-11-05
Walkers Salt & Vinegar Multipack Crisps 6x25g,£2.00,£1.33/100g,£1.65 Clubcard Price,treats_snacks,2024-11-05
Maltesers Milk Chocolate Gift Box Chocolates 110g,£2.50,£2.27/100g,null,treats_snacks,2024-11-05
Cadbury Dairy Milk Caramel Chocolate Bar 4 Pack Multipack 148g,£1.75,£1.18/100g,null,treats_snacks,2024-11-05
Cadbury Dairy Milk Buttons Chocolate Bag 119g,£1.75,£1.47/100g,null,treats_snacks,2024-11-05
"Tunnocks Milk Chocolate Caramel Wafer Biscuits Multipack, 240g",£1.85,£0.77/100g,null,treats_snacks,2024-11-05
Tesco Cool Tortilla Chips 200G,£1.10,£0.55/100g,null,treats_snacks,2024-11-05
Paterson's Shortbread Fingers 300G,£1.45,£0.48/100g,£1.00 Clubcard Price,treats_snacks,2024-11-05
Tesco Finest Thai Inspired Sweet Chilli Crisps 150G,£1.35,£0.90/100g,£1.20 Clubcard Price,treats_snacks,2024-11-05
Tesco High Baked Water Biscuits 200G,£1.10,£0.55/100g,null,treats_snacks,2024-11-05
Carr's Melts Cheese Crackers 150g,£2.00,£1.33/100g,£1.25 Clubcard Price,treats_snacks,2024-11-05
Tesco Onion Ring Snacks 150 G,£1.00,£0.67/100g,null,treats_snacks,2024-11-05
Tesco Ridge Cut Variety Crisps 6X30g,null,null,null,treats_snacks,2024-11-05
Tesco Oaty Rounds Biscuits 300G,£0.80,£0.27/100g,null,treats_snacks,2024-11-05
Tesco Crunchy Caramel Chocolate Bars Multipack 5 X 42g,£1.45,£0.69/100g,null,treats_snacks,2024-11-05
Jammie Dodgers Biscuits 140G,£0.90,£0.64/100g,null,treats_snacks,2024-11-05
Cadbury Dairy Milk Little Bars Chocolate Bars 6 Pack 108g,£1.40,£1.30/100g,null,treats_snacks,2024-11-05
Tesco Ready Salted Crisps 6X25g,£1.00,£0.67/100g,null,treats_snacks,2024-11-05
Ms Molly's Chocolate Chip Cake Bars 5 Pack,null,null,null,treats_snacks,2024-11-05
Quality Street Matchmakers Cool Mint Chocolate Box 120g,£1.50,£1.25/100g,£1.35 Clubcard Price,treats_snacks,2024-11-05
Tesco Cheese & Onion Crisps 6X25g,£1.00,£0.67/100g,null,treats_snacks,2024-11-05
Stockwell & Co. Ready Salted Crisps 6X25g,£0.85,£0.57/100g,null,treats_snacks,2024-11-05
Barber Cream Crackers 300G,£0.70,£0.23/100g,null,treats_snacks,2024-11-05
Stockwell & Co Roasted & Salted Peanuts 200G,£0.54,£2.70/kg,null,treats_snacks,2024-11-05
Tesco Cheese Twists 125G,£0.75,£0.60/100g,null,treats_snacks,2024-11-05
Tesco Fig Roll Biscuits 200G,£0.49,£0.24/100g,null,treats_snacks,2024-11-05
Grower's Harvest Sultanas 500G,£1.10,£2.20/kg,null,treats_snacks,2024-11-05
Ms Molly's Dark Chocolate Bar 100G,£0.49,£0.49/100g,null,treats_snacks,2024-11-05
Lindt Lindor Milk Chocolate Truffles Carton 200G,£6.30,£3.15/100g,£4.50 Clubcard Price,treats_snacks,2024-11-05
Dairylea Dunkers Jumbo Tubes Cheese Snacks 6 pack 6x41G,£3.30,£13.42/kg,null,treats_snacks,2024-11-05
Kettle Sea Salt & Black Peppercorns Potato Chips 130G,£2.40,£1.85/100g,£1.50 Clubcard Price,treats_snacks,2024-11-05
"Kit Kat 2 Finger Milk Chocolate Biscuit Bars Family Pack Multipack, 14 Pack",£3.50,£1.21/100g,null,treats_snacks,2024-11-05
Cheestrings Original 8Pk Cheese Snacks 160G,£2.49,£15.56/kg,null,treats_snacks,2024-11-05
Hula Hoops Variety Pack 12X24g,£3.30,£1.15/100g,null,treats_snacks,2024-11-05
Walkers Cheese & Onion Multipack Crisps 12x25g,£3.00,£1.00/100g,null,treats_snacks,2024-11-05
Walkers Sensations Poppadoms Lime & Coriander Sharing Bag 82.5g,£2.50,£3.03/100g,Save 1/3 £1.65 Clubcard Price,treats_snacks,2024-11-05
Walkers Sensations Roast Chicken & Thyme Sharing Bag Crisps 150g,£2.50,£1.67/100g,Save 1/3 £1.65 Clubcard Price,treats_snacks,2024-11-05
Philadelphia Light Low Fat Soft Cream Cheese 165G,£2.25,£13.64/kg,null,treats_snacks,2024-11-05
Tesco Biscuits For Cheese 500G,£3.65,£0.73/100g,null,treats_snacks,2024-11-05
Jacob's TUC Sandwich Snack Crackers 150G,£1.70,£1.13/100g,Save 25% £1.25 Clubcard Price,treats_snacks,2024-11-05
Tesco Seedless Raisins 500G,£1.85,£3.70/kg,null,treats_snacks,2024-11-05
Kp Hula Hoops Original 6X24g,£2.25,£1.56/100g,null,treats_snacks,2024-11-05
Walkers Prawn Cocktail Multipack Crisps 6x25g,£2.00,£1.33/100g,£1.65 Clubcard Price,treats_snacks,2024-11-05
"Kellogg's Rice Krispies Squares Marshmallow Snack Bars Multipack, 4x28g",£2.25,£2.01/100g,null,treats_snacks,2024-11-05
"Kellogg's Rice Krispies Squares Chocolatey Cereal Bars Multipack, 4x36g",£2.25,£1.56/100g,null,treats_snacks,2024-11-05
Walkers Monster Munch Pickled Onion Multipack Crisps 6x20g,£2.00,£1.67/100g,null,treats_snacks,2024-11-05
Walkers Wotsits Cheese Multipack Crisps 6x16.5g,£2.00,£2.02/100g,null,treats_snacks,2024-11-05
Nik Naks Nice & Spicy Corn Snacks 6X20g,£1.50,£1.25/100g,null,treats_snacks,2024-11-05
Tesco Variety Pack Biscuits 700G,£1.90,£0.27/100g,null,treats_snacks,2024-11-05
Smarties Milk Chocolate Tube Multipack 34g 4 Pack,£1.70,£1.25/100g,null,treats_snacks,2024-11-05
Space Raiders Pickled Onion Flavoured Crisp 6X13g,£1.50,£1.92/100g,null,treats_snacks,2024-11-05
Maryland Cookies Chocolate Chip Minis 6 Bags 118.8G,£1.40,£1.18/100g,null,treats_snacks,2024-11-05
Tesco Bacon Rashers Snacks 150G,£1.00,£0.67/100g,null,treats_snacks,2024-11-05
Tesco Sea Salt Crackers 185G,£1.15,£0.62/100g,null,treats_snacks,2024-11-05
Tesco Cheese Balls Snacks 150G,£1.00,£0.67/100g,null,treats_snacks,2024-11-05
Haribo Tangfastics 175G,£1.25,£0.71/100g,null,treats_snacks,2024-11-05
Haribo Starmix 175G,£1.25,£0.71/100g,null,treats_snacks,2024-11-05
Tesco Ridge Cut Crisp Meaty Variety 6X30g,£1.35,£0.75/100g,null,treats_snacks,2024-11-05
Tesco Bunny Bites Snacks 6 X 19 G,£1.35,£1.18/100g,null,treats_snacks,2024-11-05
Tesco Dark Chocolate Bar 200G,£1.80,£0.90/100g,null,treats_snacks,2024-11-05
Tesco Egg Custard Tarts 4 Pack,£1.25,£0.31/each,null,treats_snacks,2024-11-05
Tesco Potato Chip Snacks 150G,£1.00,£0.67/100g,null,treats_snacks,2024-11-05
Tesco Twirls Salt & Vinegar Snacks 125G,£1.00,£0.80/100g,null,treats_snacks,2024-11-05
Quality Street Matchmakers Zingy Orange Chocolate Box 120g,£1.50,£1.25/100g,£1.35 Clubcard Price,treats_snacks,2024-11-05
Creamfields 15 Cheese Slices 255G,£0.83,£3.26/kg,null,treats_snacks,2024-11-05
Ms Molly's Digestive 400G,£0.55,£0.14/100g,null,treats_snacks,2024-11-05
Ms Molly's White Chocolate Bar 100G,£0.49,£0.49/100g,null,treats_snacks,2024-11-05
Kp Original Salted Peanuts 250G,£3.25,£13.00/kg,£2.75 Clubcard Price,treats_snacks,2024-11-05
Lindt Excellence Dark 70% Cocoa Chocolate Bar 100G,£3.00,£3.00/100g,£2.50 Clubcard Price,treats_snacks,2024-11-05
Ferrero Rocher 16 Pieces Boxed Chocolates 200G,£6.50,£3.25/100g,£5.00 Clubcard Price,treats_snacks,2024-11-05
Kettle Lightly Salted Potato Chips 130G,£2.40,£1.85/100g,£1.50 Clubcard Price,treats_snacks,2024-11-05
Hula Hoops Original Crisps Multipack 12X24g,£3.30,£1.15/100g,null,treats_snacks,2024-11-05
Tyrrells Sea Salted & Cider Vinegar Crisps 150G,£2.50,£1.67/100g,£1.75 Clubcard Price,treats_snacks,2024-11-05
Foxs Chocolatey Milk Chocolate Rounds 130G,£2.25,£1.73/100g,Save 1/3 £1.50 Clubcard Price,treats_snacks,2024-11-05
McVitie's Digestives Milk Chocolate Biscuits Twin Pack 2 x 266g,£2.65,£0.50/100g,£2.35 Clubcard Price,treats_snacks,2024-11-05
Walkers French Fries Variety Multipack Crisps 6x18g,£2.00,£1.85/100g,£1.65 Clubcard Price,treats_snacks,2024-11-05
FULFIL MILK CHOCOLATE CRUNCH FLAVOUR VITAMIN & PROTEIN BAR 40G,£2.00,£5.00/100g,"£5 Meal Deal Clubcard Price £5.50 Meal Deal Regular Price - Selected Drink + Snack + Tesco Finest* Or Branded Sandwich, Wrap, Roll, Salad Or Sushi",treats_snacks,2024-11-05
Cathedral City Minis Mature Cheddar Cheese 6x20g,£2.10,£17.50/kg,null,treats_snacks,2024-11-05
Sunbites Sun Ripened Sweet Chilli Multipack Crisps 6x25g,£2.00,£1.33/100g,£1.65 Clubcard Price,treats_snacks,2024-11-05
Lotus Biscoff Snack Pack 248G,£1.70,£0.68/100g,null,treats_snacks,2024-11-05
"Fox's Party Rings Mini Biscuits Multipack, 6 Pack 120g",£1.45,£1.21/100g,£1.25 Clubcard Price,treats_snacks,2024-11-05
Tesco 10 Mild Cheese Slices 200G,£1.40,£7.00/kg,null,treats_snacks,2024-11-05
Fox's Chocolate Viennese Biscuits 120G,£1.90,£1.58/100g,null,treats_snacks,2024-11-05
Cheestrings Original Cheese Snacks 4 Pack 80G,£1.75,£21.88/kg,£1.25 Clubcard Price,treats_snacks,2024-11-05
Lindt Milk Chocolate Santa 40G,£2.00,£5.00/100g,£1.60 Clubcard Price,treats_snacks,2024-11-05
Tesco Roasted Salted Peanuts 550G,£2.20,£4.00/kg,null,treats_snacks,2024-11-05
Walkers Lightly Salted Less Salt Multipack Crisps 6x25g,£2.00,£1.33/100g,£1.65 Clubcard Price,treats_snacks,2024-11-05
Tesco Dry Roasted Peanuts 200G,£1.20,£6.00/kg,null,treats_snacks,2024-11-05
Fox's Golden Crunch Creams Biscuit 200G,£1.30,£0.65/100g,£1.00 Clubcard Price,treats_snacks,2024-11-05
Tesco Sweet Chilli Coated Peanuts 200G,£1.30,£6.50/kg,null,treats_snacks,2024-11-05
Cadbury Festive Cake Bar 5 Pack,£1.50,£0.30/each,£1.25 Clubcard Price,treats_snacks,2024-11-05
Dairylea Cheese Slices 8 pack 8x20.5G,£1.45,£8.84/kg,£1.25 Clubcard Price,treats_snacks,2024-11-05
Cadbury Flake Chocolate Bar 4 Pack Multipack 102g,£1.75,£1.72/100g,null,treats_snacks,2024-11-05
Space Raiders Beef Flavoured Corn Snacks 6X13g,£1.50,£1.92/100g,null,treats_snacks,2024-11-05
Tesco Sweet & Salted Popcorn 6X14g,£1.50,£1.79/100g,null,treats_snacks,2024-11-05
Walkers Baked Cheese & Onion Multipack Crisps 6x22g,£2.00,£1.52/100g,null,treats_snacks,2024-11-05
Pringles Original Sharing Crisps 165g,£2.00,£1.21/100g,null,treats_snacks,2024-11-05
Tesco Multigrain Cracker 170G,£1.15,£0.68/100g,null,treats_snacks,2024-11-05
Tesco Cheese Savouries Snacks 250G,£1.25,£0.50/100g,null,treats_snacks,2024-11-05
Jacob's Mini Cheddars Christmas Caddy 260G,£2.50,£0.96/100g,£2.00 Clubcard Price,treats_snacks,2024-11-05
Fox's Party Rings Biscuits 125G,£0.90,£0.72/100g,null,treats_snacks,2024-11-05
Tesco Nutty Nougat Caramel Chocolate Bars Multipack 6 X 40g,£1.45,£0.60/100g,null,treats_snacks,2024-11-05
Tesco Mini Poppadom Snacks 70 G,£1.00,£1.43/100g,null,treats_snacks,2024-11-05
Tesco Salt & Vinegar Crisps 6X25g,£1.00,£0.67/100g,null,treats_snacks,2024-11-05
Tesco Variety Crisps 6X25g,£1.00,£0.67/100g,null,treats_snacks,2024-11-05
Tesco Rich Tea Finger Biscuits 250G,£0.70,£0.28/100g,null,treats_snacks,2024-11-05
Lyons Viscount Mint Chocolate Biscuit 7 Pack 98G,£0.60,£0.61/100g,null,treats_snacks,2024-11-05
Ms Molly's Chocolate Chip Cookies 250G,£0.52,£0.21/100g,null,treats_snacks,2024-11-05
Lindt Lindor Assorted Chocolate Truffles 200G,£6.30,£3.15/100g,£4.50 Clubcard Price,treats_snacks,2024-11-05
BelVita Soft Bakes Chocolate Chip Biscuits 5 Pack 250G,£2.95,£1.18/100g,£1.75 Clubcard Price,treats_snacks,2024-11-05
Fox's Classic Biscuit Selection 550G,£5.00,£0.91/100g,£4.00 Clubcard Price,treats_snacks,2024-11-05
Tesco Honey Roast Peanuts & Cashews 200G,£2.75,£13.75/kg,null,treats_snacks,2024-11-05
McVities Rich Tea The Classic One Twin Pack 2 x 300g,£3.00,£0.50/100g,null,treats_snacks,2024-11-05
Celebrations Milk Chocolate Box Chocolate Bars Gift 385g,£6.00,£1.56/100g,null,treats_snacks,2024-11-05
Kettle Sea Salt & Balsamic Vinegar Potato Chips 130G,£2.40,£1.85/100g,£1.50 Clubcard Price,treats_snacks,2024-11-05
Cadbury Roses Chocolate Box 290g,£4.50,£1.55/100g,null,treats_snacks,2024-11-05
Tesco Honey Roasted Cashews 150G,£2.45,£16.33/kg,null,treats_snacks,2024-11-05
Tesco Jumbo Roasted Salted Cashew Nuts 150G,£2.50,£16.67/kg,null,treats_snacks,2024-11-05
Tyrrells Crisps Mature Cheddar & Chive 150G,£2.50,£1.67/100g,£1.75 Clubcard Price,treats_snacks,2024-11-05
Walkers Wotsits Cheese Multipack Crisps 12x16.5g,£3.00,£1.52/100g,null,treats_snacks,2024-11-05
Walkers French Fries Ready Salted Multipack Crisps 6x18g,£2.00,£1.85/100g,£1.65 Clubcard Price,treats_snacks,2024-11-05
"Kit Kat 2 Finger Milk Chocolate Biscuit Bars Multipack, 21 Pack",£3.60,£0.83/100g,null,treats_snacks,2024-11-05
Cathedral City 5 Cheddar Sticks with Branston Pickle Dip 60g,£1.25,£20.83/kg,£1.00 Clubcard Price,treats_snacks,2024-11-05
Propercorn Sweet & Salty Popcorn 6X14g,£1.90,£2.26/100g,£1.50 Clubcard Price,treats_snacks,2024-11-05
Carr's Table Water Crackers 125g,£1.70,£1.36/100g,Save 25% £1.25 Clubcard Price,treats_snacks,2024-11-05
Walkers Classic Variety Multipack Crisps 6x25g,£2.00,£1.33/100g,£1.65 Clubcard Price,treats_snacks,2024-11-05
Mr Kipling Viennese Whirls 6 Pack,£2.50,£0.42/each,£1.50 Clubcard Price,treats_snacks,2024-11-05
Walkers Sensations Coated Peanuts Thai Sweet Chilli 150g,£2.50,£16.67/kg,null,treats_snacks,2024-11-05
Wheat Crunchies Crispy Bacon 6 X 20G,£1.50,£1.25/100g,null,treats_snacks,2024-11-05
Tesco Roasted Salted Peanuts 200G,£1.20,£6.00/kg,null,treats_snacks,2024-11-05
McVitie's Ginger Nuts Biscuits 250g,£1.50,£0.60/100g,null,treats_snacks,2024-11-05
Tesco Finest Lightly Sea Salted Crinkle Cut Crisps 150G,£1.35,£0.90/100g,£1.20 Clubcard Price,treats_snacks,2024-11-05
Jammie Dodger Minis 6 X 20G,£1.40,£1.17/100g,£1.25 Clubcard Price,treats_snacks,2024-11-05
"Barny Chocolate Kids Sponge Cake Bears Biscuits Multipack, 5 Pack 125g",£1.25,£1.00/100g,null,treats_snacks,2024-11-05
Tesco Milk Chocolate Bar 200G,£1.80,£0.90/100g,null,treats_snacks,2024-11-05
Fox's Jam Sandwich Cream Biscuit 150G,£0.90,£0.60/100g,70p Clubcard Price,treats_snacks,2024-11-05
Aero Bubbly Peppermint Mint Chocolate Bar Multipack 27g 4 Pack,£1.80,£1.67/100g,null,treats_snacks,2024-11-05
Walkers Baked Variety Multipack Crisps 6x22g,null,null,null,treats_snacks,2024-11-05
Maryland Chocolate Chip Cookies 200G,£1.50,£0.75/100g,null,treats_snacks,2024-11-05
Snack Organisation Sweet Chilli Cracker 100G,£1.00,£1.00/100g,null,treats_snacks,2024-11-05
"Tesco Snappy Fingers Milk Chocolate Wafer Biscuit Bars Multipack, 8 Pack 172g",£1.35,£0.78/100g,null,treats_snacks,2024-11-05
Tesco Cheese Puff Snacks 150G,£1.00,£0.67/100g,null,treats_snacks,2024-11-05
Swizzels Giant Love Hearts 39G (C),£0.30,£0.77/100g,null,treats_snacks,2024-11-05
Tesco Egg Custard Tarts 2 Pack,£0.85,£0.42/each,null,treats_snacks,2024-11-05
Lindt Milk Chocolate Snowman 40G,£2.00,£5.00/100g,£1.60 Clubcard Price,treats_snacks,2024-11-05
Tesco Sesame Breadsticks 125,£0.55,£0.44/100g,null,treats_snacks,2024-11-05
Tesco Cheese Curls 10 Pack 150G,£1.35,£0.90/100g,null,treats_snacks,2024-11-05
Tesco Walnuts 200G,£2.65,£13.25/kg,null,treats_snacks,2024-11-05
Kp Original Salted Peanuts 415G,£4.50,£10.84/kg,null,treats_snacks,2024-11-05
Tesco Mixed Nuts 200G,£2.65,£13.25/kg,null,treats_snacks,2024-11-05
Tesco Roasted Salted Cashew Nuts 150G,£2.45,£16.33/kg,null,treats_snacks,2024-11-05
Tesco Shortbread Assortment Tin 500G,£5.00,£1.00/100g,null,treats_snacks,2024-11-05
Tesco Sultanas 500G,£1.85,£3.70/kg,null,treats_snacks,2024-11-05
Mr Kipling Frosty Fancies 8 Pack,£2.25,£0.28/each,£2.00 Clubcard Price,treats_snacks,2024-11-05
Soreen Banana Lunchbox Loaves 5 Pack,null,null,£1.25 Clubcard Price,treats_snacks,2024-11-05
Tesco Finest Root Vegetable With Sea Salt Crisps 125G,£2.20,£1.76/100g,null,treats_snacks,2024-11-05
Philadelphia Lightest Low Fat Soft Cream Cheese 165G,£2.25,£13.64/kg,null,treats_snacks,2024-11-05
Nature Valley Crunchy Oats & Honey 5 x 42g (210g),£2.50,£1.19/100g,£2.00 Clubcard Price,treats_snacks,2024-11-05
Mccoy's Cheddar & Onion Crisps 6X25g,£2.25,£1.50/100g,£1.75 Clubcard Price,treats_snacks,2024-11-05
Tesco Milk Chocolate Ice Creams 3X110ml,£2.10,£0.64/100ml,null,treats_snacks,2024-11-05
Cadbury Dairy Milk Chocolate Bar 180g,£2.50,£1.39/100g,£2.00 Clubcard Price,treats_snacks,2024-11-05
Cathedral City 4 Mature Cheddar Slices Crackers & Pickle 122g,£2.00,£16.39/kg,£1.75 Clubcard Price,treats_snacks,2024-11-05
Wall's Soft Scoop Vanilla Ice Cream Tub 1800ml,£2.75,£0.15/100ml,null,treats_snacks,2024-11-05
Tesco Variety Crisps 30X25g,£4.50,£0.60/100g,null,treats_snacks,2024-11-05
Tesco Chocolate & Caramel Ice Creams 3X110ml,£2.10,£0.64/100ml,null,treats_snacks,2024-11-05
Snack a Jacks Salt & Vinegar Rice Cakes Multipack Snacks 5x19g,£2.20,£2.32/100g,£1.50 Clubcard Price,treats_snacks,2024-11-05
Walkers Roast Chicken Multipack Crisps 6x25g,£2.00,£1.33/100g,£1.65 Clubcard Price,treats_snacks,2024-11-05
Walkers Monster Munch Roast Beef Multipack Crisps 6x20g,£2.00,£1.67/100g,null,treats_snacks,2024-11-05
Cadbury Dairy Milk Chocolate Bar 110g,£1.65,£1.50/100g,null,treats_snacks,2024-11-05
Pringles Texas Bbq Crisps 165G,£2.00,£1.21/100g,null,treats_snacks,2024-11-05
Seriously Spreadable Original Cheese Spread 125g,£1.58,£12.64/kg,null,treats_snacks,2024-11-05
Cadbury Boost Chocolate Bar 4 Pack Multipack 148g,£1.75,£1.18/100g,null,treats_snacks,2024-11-05
"Kellogg's Coco Pops Chocolate Cereal Bars Multipack, 6x20g",£1.35,£1.12/100g,Save 25% £1.00 Clubcard Price,treats_snacks,2024-11-05
Walkers Salt & Shake Multipack Crisps 6x24g,£2.00,£1.39/100g,£1.65 Clubcard Price,treats_snacks,2024-11-05
Tesco Bramley Apple Pies 6 Pack,null,null,null,treats_snacks,2024-11-05
Walkers Baked Salted Multipack Crisps 6x22g,£2.00,£1.52/100g,null,treats_snacks,2024-11-05
Tesco Strawberry Laces 75G,£0.75,£1.00/100g,null,treats_snacks,2024-11-05
Haribo Maoam Stripes 140G (R),£1.09,£0.78/100g,null,treats_snacks,2024-11-05
"Bahlsen Pick Up! Milk Chocolate Biscuit Bars Multipack, 5 Pack 140g",£2.00,£1.43/100g,null,treats_snacks,2024-11-05
Tesco Salted Popcorn 85G,£0.99,£1.16/100g,null,treats_snacks,2024-11-05
Tesco Salt & Vinegar Rice Cakes 130G,£1.25,£0.96/100g,null,treats_snacks,2024-11-05
Fry's Turkish Delight Chocolate Bar 3 Pack Multipack 153g,£1.35,£0.88/100g,null,treats_snacks,2024-11-05
Tesco Mint Humbugs 200G,£1.10,£0.55/100g,null,treats_snacks,2024-11-05
Tesco Sweet Popcorn 110G,£0.99,£0.90/100g,null,treats_snacks,2024-11-05
Tesco Jaffa Cakes Twin Pack 282G,£1.35,£0.48/100g,null,treats_snacks,2024-11-05
Walkers Bugles Southern Style BBQ Sharing Bag Crisps 110g,£1.25,£1.14/100g,null,treats_snacks,2024-11-05
Tesco Shortcake Biscuits 200G,£0.49,£0.24/100g,null,treats_snacks,2024-11-05
Tesco Meaty Variety Crisps 6X25g,£1.00,£0.67/100g,null,treats_snacks,2024-11-05
Stockwell & Co. Variety Pack Crisps 6X25g,£0.85,£0.57/100g,null,treats_snacks,2024-11-05
Galaxy Smooth Milk Chocolate Bars Multipack Chocolate 4x42g,£1.75,£1.04/100g,null,treats_snacks,2024-11-05
Tesco Unsalted Mixed Nuts & Raisins 500G,£3.00,£6.00/kg,null,treats_snacks,2024-11-05
Galaxy Smooth Milk Chocolate Bar Gift 360g,£4.00,£1.11/100g,£3.50 Clubcard Price,treats_snacks,2024-11-05
Cadbury Heroes Chocolate Box 290g,£4.50,£1.55/100g,null,treats_snacks,2024-11-05
McVitie's Hobnobs Milk Chocolate Biscuits 262g,£1.90,£0.72/100g,£1.50 Clubcard Price,treats_snacks,2024-11-05
Dairylea Cheese Spread 270G,£2.70,£10.00/kg,£2.25 Clubcard Price,treats_snacks,2024-11-05
Kallo Organic Lightly Salted Wholegrain Rice Cake 130G,£1.60,£1.23/100g,£1.25 Clubcard Price,treats_snacks,2024-11-05
Walkers Sensations Balsamic Vinegar & Onion Crisps 150g,£2.50,£1.67/100g,Save 1/3 £1.65 Clubcard Price,treats_snacks,2024-11-05
Popchips Bbq Popped Chips 85G,£2.25,£2.65/100g,Save 1/3 £1.50 Clubcard Price,treats_snacks,2024-11-05
OREO Vanilla Cookie Sandwich Biscuits Twin Pack 2x154G,£2.00,£0.65/100g,null,treats_snacks,2024-11-05
Dairylea Cheese Spread 145G,£1.95,£13.45/kg,null,treats_snacks,2024-11-05
Mccoy's Thai Sweet Chicken Ridge Cut Crisps 6X25g,£2.25,£1.50/100g,£1.75 Clubcard Price,treats_snacks,2024-11-05
Philadelphia Light Low Fat Soft Cream Cheese 280G,£3.25,£11.61/kg,£1.90 Clubcard Price,treats_snacks,2024-11-05
Cadbury Bournville Classic Dark Chocolate Bar 180g,£2.50,£1.39/100g,£2.00 Clubcard Price,treats_snacks,2024-11-05
Nairns Fine Milled Oatcakes 250G,£1.30,£0.52/100g,£1.00 Clubcard Price,treats_snacks,2024-11-05
Dairylea Cheese Spread Triangles 8 pack 8x15.6G,£1.75,£14.00/kg,null,treats_snacks,2024-11-05
Penn State Salted Pretzels 175G,£1.50,£0.86/100g,null,treats_snacks,2024-11-05
Penn State Sour Cream & Chive Pretzels 175G,£1.50,£0.86/100g,null,treats_snacks,2024-11-05
Walkers Mild Cheese & Onion Less Salt Multipack Crisps 6x25g,£2.00,£1.33/100g,£1.65 Clubcard Price,treats_snacks,2024-11-05
Doritos Mild Salsa Dip 300g,£2.50,£0.83/100g,null,treats_snacks,2024-11-05
"Kit Kat 2 Finger Dark Chocolate Biscuit Bars Multipack, 9 Pack",£2.20,£1.18/100g,Save 25% £1.65 Clubcard Price,treats_snacks,2024-11-05
Tesco Meaty Variety Crisps 30X25g,£4.50,£0.60/100g,null,treats_snacks,2024-11-05
Rowntree's Jelly Tots Sweets Sharing Bag 150g,£1.50,£1.00/100g,null,treats_snacks,2024-11-05
Popchips Bbq Flavour 5X17g,£2.25,£2.65/100g,null,treats_snacks,2024-11-05
Cadbury Dairy Milk Chocolate Bar 4 Pack Multipack 134g,£1.75,£1.31/100g,null,treats_snacks,2024-11-05
Milky Way Chocolate Bars 6X21.5G,£1.79,£1.39/100g,null,treats_snacks,2024-11-05
Cadbury Crunchie Chocolate Bar 4 Pack Multipack 128g,£1.75,£1.37/100g,null,treats_snacks,2024-11-05
Tesco Finest Prawn Marie Rose Crisps 150G,£1.35,£0.90/100g,£1.20 Clubcard Price,treats_snacks,2024-11-05
Nik Naks Rib & Saucy Corn Snacks 6X20g,£1.50,£1.25/100g,null,treats_snacks,2024-11-05
Tesco Nacho Cheese Tortilla Chips 200G,£1.10,£0.55/100g,null,treats_snacks,2024-11-05
Jacob's Hovis Digestives Biscuits 250G,£1.50,£0.60/100g,null,treats_snacks,2024-11-05
Tesco Scottish Rough Oatcakes 250G,£1.00,£0.40/100g,null,treats_snacks,2024-11-05
Fridge Raiders Southern Style Chicken Bites 3X22.5G,£1.60,£2.37/100g,£1.25 Clubcard Price,treats_snacks,2024-11-05
Mars Chocolate Bars Multipack 4 X 39.4g 157.6G,£1.69,£1.07/100g,null,treats_snacks,2024-11-05
Snickers Milk Chocolate Bars Multipack 4 X 41.7G,£1.69,£1.01/100g,null,treats_snacks,2024-11-05
Toffee Crisp Milk Chocolate Bar Multipack 38g 4 Pack,£1.50,£0.99/100g,null,treats_snacks,2024-11-05
Tesco Milk Chocolate Butter Biscuits 125G,£1.65,£1.32/100g,null,treats_snacks,2024-11-05
Tesco Lebkuchen Iced Stars 250G,£1.20,£0.48/100g,null,treats_snacks,2024-11-05
Tesco Soft Apricots 250G,£2.00,£8.00/kg,null,treats_snacks,2024-11-05
Werther's Original 135G,£1.19,£0.88/100g,null,treats_snacks,2024-11-05
Tesco Cosmic Whip Chocolate Bars Multipack 8 X 22g,£1.45,£0.82/100g,null,treats_snacks,2024-11-05
Tesco Butter Mintoes 200G,£1.10,£0.55/100g,null,treats_snacks,2024-11-05
Maltesers Milk Chocolate Bag 102g,£1.65,£1.62/100g,null,treats_snacks,2024-11-05
Galaxy Ripple Milk Chocolate Bars Multipack 4 x 30g,£1.69,£1.41/100g,null,treats_snacks,2024-11-05
Tesco Chocolate Hollow Reindeer 100G,null,null,null,treats_snacks,2024-11-05
Lindt Milk Chocolate & Hazelnut Choco Wafers 135G,£6.00,£4.44/100g,Save 1/3 £4.00 Clubcard Price,treats_snacks,2024-11-05
Lindt Assorted Chocolate Choco Wafers 138G,£6.00,£4.35/100g,Save 1/3 £4.00 Clubcard Price,treats_snacks,2024-11-05
Tesco Cranberries 200G,£2.80,£14.00/kg,null,treats_snacks,2024-11-05
Cornetto Classic Ice Cream Cones 6x90ml,£3.50,£0.65/100ml,£2.50 Clubcard Price,treats_snacks,2024-11-05
Kp Dry Roasted Peanuts 250G,£3.25,£13.00/kg,£2.75 Clubcard Price,treats_snacks,2024-11-05
Tesco Unsalted Mixed Nuts Snacks 200 G,£2.20,£11.00/kg,null,treats_snacks,2024-11-05
Tesco Cashew Nuts 200G,£2.65,£13.25/kg,null,treats_snacks,2024-11-05
Bear Strawberry Yoyo Multipack 5X20g,£2.85,£2.85/100g,Any 3 for 2 Clubcard Price - Cheapest Product Free - Selected Kids Snacking,treats_snacks,2024-11-05
Kettle Sweet Chilli & Sour Cream Potato Chips 130G,£2.40,£1.85/100g,£1.50 Clubcard Price,treats_snacks,2024-11-05
Butterkist Toffee Popcorn 170G,£1.90,£1.12/100g,£1.50 Clubcard Price,treats_snacks,2024-11-05
Go Ahead Apple Fruit & Oat Bakes Snack Bars Multipack 6 x 35g,£2.00,£0.95/100g,£1.25 Clubcard Price,treats_snacks,2024-11-05
Walkers Meaty Variety Multipack Crisps 12x25g,£3.00,£1.00/100g,null,treats_snacks,2024-11-05
Soreen Malt Lunchbox Loaves 5 Pack,null,null,£1.25 Clubcard Price,treats_snacks,2024-11-05
Walkers Sensations Poppadoms Mango & Chilli Sharing Bag 82.5g,£2.50,£3.03/100g,Save 1/3 £1.65 Clubcard Price,treats_snacks,2024-11-05
OREO Vanilla Cookie Sandwich Biscuits 154G,£1.50,£0.97/100g,90p Clubcard Price,treats_snacks,2024-11-05
Philadelphia Garlic & Herbs Soft Cream Cheese 165G,£2.25,£13.64/kg,null,treats_snacks,2024-11-05
Cadbury Dairy Milk Fruit and Nut Chocolate Bar 180g,£2.50,£1.39/100g,£2.00 Clubcard Price,treats_snacks,2024-11-05
Walkers Sunbites Sour Cream & Black Pepper Multipack Crisps 6x25g,£2.00,£1.33/100g,£1.65 Clubcard Price,treats_snacks,2024-11-05
Swizzels Sweet Shop Favourites Tub 650G,£3.99,£0.61/100g,null,treats_snacks,2024-11-05
Yorkie Milk Chocolate Bar Multipack 46g 3 Pack,£1.85,£1.34/100g,null,treats_snacks,2024-11-05
"Nutella B-Ready Hazelnut Spread Wafer Bars Multipack, 6x22g (132g)",£2.45,£1.86/100g,£1.75 Clubcard Price,treats_snacks,2024-11-05
Rowntree's Fruit Pastilles Sweets Sharing Bag 143g,£1.50,£1.05/100g,null,treats_snacks,2024-11-05
Tesco Finest All Butter Cheese Straws 100G,£2.00,£2.00/100g,null,treats_snacks,2024-11-05
Kp Hula Hoops Salt & Vinegar 6X24g,£2.25,£1.56/100g,null,treats_snacks,2024-11-05
Kellogg's Rice Krispies Squares Curious Caramel & Chocolate Bars 4x36g,null,null,null,treats_snacks,2024-11-05
Paterson's Shortbread Fingers Clotted Cream 300g,£1.45,£0.48/100g,£1.00 Clubcard Price,treats_snacks,2024-11-05
Jacob's Original Cream Crackers 300g,£1.50,£0.50/100g,null,treats_snacks,2024-11-05
Jacob's Baked Cheddars Cheese Crackers 150g,£1.25,£0.83/100g,null,treats_snacks,2024-11-05
Pringles Salt & Vinegar Sharing Crisps 165g,£2.00,£1.21/100g,null,treats_snacks,2024-11-05
Tesco Dry Roasted Peanuts 550G,£2.20,£4.00/kg,null,treats_snacks,2024-11-05
"Kellogg's Rice Krispies Milk Cereal Bars Multipack, 6x20g",£1.35,£1.12/100g,Save 25% £1.00 Clubcard Price,treats_snacks,2024-11-05
Mr Kipling Bakewell Slices 6 Pack,£2.75,£0.46/each,£1.50 Clubcard Price,treats_snacks,2024-11-05
Tesco Oat & Honey Granola Bars 6 Pack 180G,£1.25,£0.69/100g,null,treats_snacks,2024-11-05
Wagon Wheel Jammie 6 Pack,£1.35,£0.59/100g,null,treats_snacks,2024-11-05
Tesco Chocolate Chip Cookies 250G,£0.90,£0.36/100g,null,treats_snacks,2024-11-05
Mcvities Hobnobs Oaty Flapjacks 5 Pack 131.8G,£1.25,£0.95/100g,null,treats_snacks,2024-11-05
Tesco Cheese Puffs 10 Pack 170G,£1.35,£0.79/100g,null,treats_snacks,2024-11-05
Kinder Chocolate Bars Multipack 8 X 12.5g,£1.35,£1.35/100g,£1.20 Clubcard Price,treats_snacks,2024-11-05
Caxton Pink & White Wafers 6 Pack 85G,£0.70,£0.82/100g,null,treats_snacks,2024-11-05
Tesco Assorted Jam Tarts 6 Pack,£0.95,£0.16/each,null,treats_snacks,2024-11-05
Tesco Sour Cream & Chive Combo Mix 150G,£1.00,£0.67/100g,null,treats_snacks,2024-11-05
Tesco Chocolate Brownie Bites 20 Pack,£2.75,£0.14/each,£2.40 Clubcard Price,treats_snacks,2024-11-05
Tesco Almonds 200G,£2.65,£13.25/kg,null,treats_snacks,2024-11-05
Lindt Excellence Dark 90% Cocoa Chocolate Bar 100G,£3.00,£3.00/100g,£2.50 Clubcard Price,treats_snacks,2024-11-05
Tesco Roasted & Salted Pistachios 150G,£2.25,£15.00/kg,null,treats_snacks,2024-11-05
Bendicks Mint Collection Boxed Chocolates 200G,null,null,Save 1/3 £3.90 Clubcard Price,treats_snacks,2024-11-05
Cadbury Reindeer Cakes 4 Pack,£2.85,£0.71/each,£2.50 Clubcard Price,treats_snacks,2024-11-05
Hula Hoops Puft Salted Crisps 6 X 15 G,£2.25,£2.50/100g,Save 1/3 £1.50 Clubcard Price,treats_snacks,2024-11-05
Mr Kipling Angel Slice 6 Pack,£2.75,£0.46/each,null,treats_snacks,2024-11-05
Fox's Half Coated Milk Chocolate Cookies 175G,£2.35,£1.34/100g,£1.25 Clubcard Price,treats_snacks,2024-11-05
Ryvita Crackerbread 200G,£1.60,£0.80/100g,null,treats_snacks,2024-11-05
Tesco Roasted & Salted Nut Snacks 200G,£2.20,£11.00/kg,null,treats_snacks,2024-11-05
Jacobs Cheeselets Christmas Caddy 280G,£2.50,£0.89/100g,£2.00 Clubcard Price,treats_snacks,2024-11-05
Mr Kipling Cherry Bakewells Tarts 6 Pack,£3.00,£0.50/each,null,treats_snacks,2024-11-05
Walkers Smoky Bacon Multipack Crisps 6x25g,£2.00,£1.33/100g,£1.65 Clubcard Price,treats_snacks,2024-11-05
Popchips Sour Cream & Onion Potato Snacks 5 X 17G,£2.25,£2.65/100g,null,treats_snacks,2024-11-05
Kinder Bueno Milk & Hazelnut Chocolate Bars Multipack 4 X 43g,£2.39,£1.39/100g,null,treats_snacks,2024-11-05
Walkers Sensations Roasted Peanuts Honey & Salt Sharing Bag 145g,£2.50,£17.24/kg,null,treats_snacks,2024-11-05
Tesco Rice Cakes Milk Chocolate 105G,£1.40,£1.33/100g,null,treats_snacks,2024-11-05
Cadbury Mini Snowballs Chocolate Bag 80g,null,null,£1.25 Clubcard Price,treats_snacks,2024-11-05
Tesco Finest Crinkle Cut Roast Beef Crisps 150G,£1.35,£0.90/100g,£1.20 Clubcard Price,treats_snacks,2024-11-05
"Kellogg's Frosties Milk Cereal Bars Multipack, 6x25g",£1.35,£0.90/100g,Save 25% £1.00 Clubcard Price,treats_snacks,2024-11-05
Tesco Fruit Jellies Sweets 200G,£1.10,£0.55/100g,null,treats_snacks,2024-11-05
Tesco Strawberry Pencils 75G,£0.75,£1.00/100g,null,treats_snacks,2024-11-05
Haribo Supermix Fruit Milk & Sweet Foam Gums 175G,£1.25,£0.71/100g,null,treats_snacks,2024-11-05
Tesco Salt & Vinegar Sticks 150G,£1.00,£0.67/100g,null,treats_snacks,2024-11-05
Seabrook Prawn Cocktail Crisps 6 Pack,£1.25,£0.83/100g,null,treats_snacks,2024-11-05
Haribo Giant Strawbs Fruit Gums 175G,£1.25,£0.71/100g,null,treats_snacks,2024-11-05
Skittles Fruits Vegan Chewy Sweets 136G,£1.25,£0.92/100g,null,treats_snacks,2024-11-05
Skittles Crazy Sour Fruit Sweets 136G,£1.25,£0.92/100g,null,treats_snacks,2024-11-05
Skittles Giant Crazy Sour Vegan Sweets 132G,£1.25,£0.95/100g,null,treats_snacks,2024-11-05
Mr Kipling Angel Slice 8 Pack,£3.25,£0.41/each,null,treats_snacks,2024-11-05
Starburst Original Fruit Chews 138G,£1.25,£0.91/100g,null,treats_snacks,2024-11-05
Fruittella Berries & Cherry Vegan 170G,£1.50,£0.88/100g,null,treats_snacks,2024-11-05
Fruittella Duo Stix Vegan Chewy Sweets 160g,£1.50,£0.94/100g,null,treats_snacks,2024-11-05
Oreo White Chocolate Covered Cookies 246G,£2.00,£0.81/100g,£1.25 Clubcard Price,treats_snacks,2024-11-05
Tesco Milk Chocolate Buttons 70G,£0.75,£1.07/100g,null,treats_snacks,2024-11-05
Jacob's Cheeselets Sharing Baked Snacks 125g,£1.15,£0.92/100g,null,treats_snacks,2024-11-05
Ms Molly's 12 Iced Fairy Cakes,null,null,null,treats_snacks,2024-11-05
Ms Mollys Ginger Nut Biscuits 300G,£0.59,£0.20/100g,null,treats_snacks,2024-11-05
Terry's Chocolate Orange Ball Toffee Crunch 152G,£1.50,£0.99/100g,null,treats_snacks,2024-11-05
Stockwell & Co Fruit And Nut Mix 200G,£0.59,£2.95/kg,null,treats_snacks,2024-11-05
Guylian Seashells Boxed Chocolates 250G,£6.50,£2.60/100g,£5.00 Clubcard Price,treats_snacks,2024-11-05
Tesco Ready To Eat Prunes 500G,£3.85,£7.70/kg,null,treats_snacks,2024-11-05
Tesco Brazil Nuts 200G,£2.65,£13.25/kg,null,treats_snacks,2024-11-05
Kiddylicious Veggie Straws Multipack 4X12g,£2.65,£5.52/100g,null,treats_snacks,2024-11-05
Lindt Lindor Milk Chocolate Bars Multipack 4 X 25g,£3.00,£3.00/100g,Save 25% £2.25 Clubcard Price,treats_snacks,2024-11-05
Jacobs Twiglets Christmas Caddy 200G,£2.50,£1.25/100g,£2.00 Clubcard Price,treats_snacks,2024-11-05
Kettle Mature Cheddar & Red Onion Potato Chips 130G,£2.40,£1.85/100g,£1.50 Clubcard Price,treats_snacks,2024-11-05
Maryland Chocolate Chip Cookies 2 X 200G,£2.50,£0.62/100g,£1.75 Clubcard Price,treats_snacks,2024-11-05
Tesco Roasted & Salted Pistachios 300 G,£3.70,£12.33/kg,£3.15 Clubcard Price,treats_snacks,2024-11-05
McVitie's Digestives Dark Chocolate Biscuits Twin Pack 2 x 266g,£2.65,£0.50/100g,£2.35 Clubcard Price,treats_snacks,2024-11-05
Walkers Squares Variety Multipack Crisps 12x22g,£3.00,£1.14/100g,null,treats_snacks,2024-11-05
Walkers Monster Munch Variety Multipack Crisps 12x20g,£3.00,£1.25/100g,null,treats_snacks,2024-11-05
Walkers French Fries Variety Multipack Crisps 12x18g,£3.00,£1.39/100g,null,treats_snacks,2024-11-05
Jacob's Mini Cheddars Red Leicester Multipack Snacks 6x23g,£1.75,£1.27/100g,null,treats_snacks,2024-11-05
Tesco 6 Pack Mini Breadsticks 120G,£1.40,£1.17/100g,null,treats_snacks,2024-11-05
Cadbury Caramel Cake Bars 5 Pac,£2.25,£0.45/each,Save 1/3 £1.50 Clubcard Price,treats_snacks,2024-11-05
Green & Black's Organic 70% Dark Chocolate Bar 90g,£2.75,£3.06/100g,null,treats_snacks,2024-11-05
Jacob's Twiglets Sharing Baked Snacks 150g,£2.60,£1.73/100g,null,treats_snacks,2024-11-05
Walkers Wotsits Giants Cheese Sharing Bag Crisps 130g,£2.25,£1.73/100g,null,treats_snacks,2024-11-05
Galaxy Smooth Milk Chocolate Bar 180G,£2.10,£1.17/100g,null,treats_snacks,2024-11-05
Mr Porky Original Scratchings 65G,£1.25,£1.92/100g,null,treats_snacks,2024-11-05
Snickers Chocolate Snack Bars Multipack 9 x 35.5g,£2.90,£0.91/100g,£2.50 Clubcard Price,treats_snacks,2024-11-05
Ryvita Dark Rye Crisp Bread 250G,£1.60,£0.64/100g,null,treats_snacks,2024-11-05
Tesco Salted Caramel Cones 4X110ml,£1.65,£0.38/100ml,null,treats_snacks,2024-11-05
"Kit Kat 2 Finger Orange Chocolate Biscuit Bars Multipack, 9 Pack",£2.20,£1.18/100g,Save 25% £1.65 Clubcard Price,treats_snacks,2024-11-05
Tesco 10 Mature Slices 200G,£1.40,£7.00/kg,null,treats_snacks,2024-11-05
Tesco Toffee & Vanilla Cones 4 X 110Ml,£1.65,£0.38/100ml,null,treats_snacks,2024-11-05
Cadbury Caramilk Crisp 85G,£1.65,£1.94/100g,null,treats_snacks,2024-11-05
Tesco Pumpkin Seeds 150G,£1.20,£8.00/kg,null,treats_snacks,2024-11-05
BelVita Breakfast Biscuits Cocoa Chocolate Chip 5 Pack 225G,null,null,£1.00 Clubcard Price,treats_snacks,2024-11-05
"Maryland Minis Double Chocolate Chip Cookies Mini Bags Multipack, 6 Pack 118.8g",£1.40,£1.18/100g,null,treats_snacks,2024-11-05
Barratt Flumps 20G,£0.35,£1.75/100g,null,treats_snacks,2024-11-05
"Twix Caramel & Milk Chocolate Fingers Biscuit Bars Multipack, 9x20g",£2.50,£1.39/100g,null,treats_snacks,2024-11-05
Tesco Wheat Cracker 170G,£1.15,£0.68/100g,null,treats_snacks,2024-11-05
Galaxy Smooth Milk Chocolate Bar 100G,£1.35,£1.35/100g,null,treats_snacks,2024-11-05
Tesco Dolly Mixtures 85G,£0.75,£0.88/100g,null,treats_snacks,2024-11-05
McVitie's Hobnobs Milk Chocolate Oaty Flapjacks Multipack 5 x 26.4g,£1.25,£0.95/100g,null,treats_snacks,2024-11-05
Mcvitie's Digestives Caramel Millionaire Slices Multipack 5 x 22G,£1.25,£1.14/100g,null,treats_snacks,2024-11-05
Border Biscuits Dark Chocolate Ginger 150G,£1.90,£1.27/100g,null,treats_snacks,2024-11-05
"Cadbury Snack Shortcake Milk Chocolate Biscuits Multipack, 6 Pack 120g",£1.25,£1.04/100g,null,treats_snacks,2024-11-05
Maltesers Milk Chocolate Pouch Bag 175g,null,null,null,treats_snacks,2024-11-05
Tesco White Chocolate Bar 200G,£1.80,£0.90/100g,null,treats_snacks,2024-11-05
Tesco Jelly Babies Sweets 250G,£1.10,£0.44/100g,null,treats_snacks,2024-11-05
Tesco Nice Biscuits 200G,£0.49,£0.24/100g,null,treats_snacks,2024-11-05
Tesco Chocolate Oaties Biscuits 300G,£0.85,£0.28/100g,null,treats_snacks,2024-11-05
Kp Dry Roasted Peanuts 415G,£4.50,£10.84/kg,null,treats_snacks,2024-11-05
Tesco Iced Top Rich Fruit Cake Bar 400G,£3.50,£0.88/100g,£3.00 Clubcard Price,treats_snacks,2024-11-05
Tesco Finest Scottish Shortbread Fingers 165G,£2.40,£1.46/100g,null,treats_snacks,2024-11-05
Tesco Chocolate Chip Mini Muffins 16 Pack,£2.75,£0.17/each,£2.40 Clubcard Price,treats_snacks,2024-11-05
Mattessons Smoked Pork Sausage Original 260G,£3.00,£1.15/100g,null,treats_snacks,2024-11-05
Tesco Soft Pitted Dates 250G,£2.00,£8.00/kg,null,treats_snacks,2024-11-05
Elizabeth Shaw Mint Crisp 162G,£4.00,£2.47/100g,Save 25% £3.00 Clubcard Price,treats_snacks,2024-11-05
Quality Street Assorted Chocolate Box 220g,£3.50,£1.59/100g,£3.00 Clubcard Price,treats_snacks,2024-11-05
Hula Hoops Puft Beef Crisps 6 X 15 G,£2.25,£2.50/100g,Save 1/3 £1.50 Clubcard Price,treats_snacks,2024-11-05
Terry's Chocolate Orange Mini's Bag 125G,£1.50,£1.20/100g,null,treats_snacks,2024-11-05
Soreen 5 Apple Lunchbox Loaves 150G,null,null,£1.25 Clubcard Price,treats_snacks,2024-11-05
Nature Valley Protein Peanut & Chocolate Bars 4 x 40g,£2.49,£1.56/100g,null,treats_snacks,2024-11-05
Popchips Sour Cream & Onion Chips 85G,£2.25,£2.65/100g,Save 1/3 £1.50 Clubcard Price,treats_snacks,2024-11-05
Kp Original Salted Peanuts 375G,£4.50,£12.00/kg,£3.50 Clubcard Price,treats_snacks,2024-11-05
Kp Nuts Dry Roasted Peanuts 375G,£4.50,£12.00/kg,£3.50 Clubcard Price,treats_snacks,2024-11-05
Cadbury Dairy Milk Whole Nut Chocolate Bar 180G,£2.50,£1.39/100g,£2.00 Clubcard Price,treats_snacks,2024-11-05
McVitie's Hobnobs The Oaty One Milk Chocolate Biscuits Twin Pack 524g,£2.65,£0.51/100g,null,treats_snacks,2024-11-05
Jordans Frusli Juicy Blueberries Chewy Cereal Bars 6 x 30g (180g),£2.30,£1.28/100g,Save 1/3 £1.50 Clubcard Price,treats_snacks,2024-11-05
After Eight Dark & Milk Peppermint Chocolate Box 199g,£5.00,£2.51/100g,£3.50 Clubcard Price,treats_snacks,2024-11-05
Tesco Milk Chocolate Ices 6 X 70Ml,£1.60,£0.38/100ml,null,treats_snacks,2024-11-05
Tesco Strawberry & Vanilla Cones 4 X 110Ml,£1.65,£0.38/100ml,null,treats_snacks,2024-11-05
Kp Hula Hoops Family 6X24g,£2.25,£1.56/100g,null,treats_snacks,2024-11-05
Tesco Chia Seeds 150G,£1.20,£8.00/kg,null,treats_snacks,2024-11-05
Rowntree's Fruit Gums Sweets Sharing Bag 150g,£1.50,£1.00/100g,null,treats_snacks,2024-11-05
Kinder Mini Treats 16 Pack 200G,£2.80,£1.40/100g,null,treats_snacks,2024-11-05
Tesco Mint & Chocolate Cones 4 X 110Ml,£1.65,£0.38/100ml,null,treats_snacks,2024-11-05
Tesco Dried Mixed Fruit 500G,£1.75,£3.50/kg,null,treats_snacks,2024-11-05
"Mini Babybel Original Cheese 6 Pack, 120 G",null,null,£1.50 Clubcard Price,treats_snacks,2024-11-05
Haribo Starmix Mini Bag 16G,£0.30,£1.88/100g,null,treats_snacks,2024-11-05
Cadbury Twirl Bites Chocolate Bag 109g,null,null,null,treats_snacks,2024-11-05
Seriously Spreadable Lighter Cheese Spread 125g,£1.58,£12.64/kg,null,treats_snacks,2024-11-05
Butterkist Toffee Popcorn 6X20g,null,null,null,treats_snacks,2024-11-05
Tesco Dark Chocolate Mint Thins 180G,£1.75,£0.97/100g,null,treats_snacks,2024-11-05
Tesco Bacon Rashers Crisps 300G,£1.75,£0.58/100g,£1.55 Clubcard Price,treats_snacks,2024-11-05
Lion Milk Chocolate Bar Multipack 42g 4 Pack,£1.50,£0.89/100g,null,treats_snacks,2024-11-05
Walkers Baked Salt & Vinegar Multipack Crisps 6x22g,£2.00,£1.52/100g,null,treats_snacks,2024-11-05
Mr Kipling Mini Battenberg Cakes 5 Pack,£2.50,£0.50/each,£1.50 Clubcard Price,treats_snacks,2024-11-05
Mr Kipling Country Slices 6 Pack,£2.75,£0.46/each,£1.50 Clubcard Price,treats_snacks,2024-11-05
Seabrook Cut Cheese & Onion Crisps 6 Pack,£1.25,£0.83/100g,null,treats_snacks,2024-11-05
Tesco Cheese Balls Snacks 300G,£1.75,£0.58/100g,£1.55 Clubcard Price,treats_snacks,2024-11-05
Tesco Jelly Beans Sweets 200G,£1.10,£0.55/100g,null,treats_snacks,2024-11-05
Toblerone Milk Chocolate Bar 360g,£6.00,£1.67/100g,£4.25 Clubcard Price,treats_snacks,2024-11-05
Fry's Chocolate Cream Chocolate Bar 3 Pack Multipack 147g,£1.35,£0.92/100g,null,treats_snacks,2024-11-05
Galaxy Cake Bars 5 Pack,£2.00,£0.40/each,null,treats_snacks,2024-11-05
Green & Black's Organic Tasting Collection Chocolate Gift 395g,£13.00,£3.29/100g,£9.00 Clubcard Price,treats_snacks,2024-11-05
"Thorntons Classic Collection Of Milk, Dark & White Chocolate 449G",£12.00,£2.67/100g,£8.50 Clubcard Price,treats_snacks,2024-11-05
Tesco Wholefoods Pine Nuts 100G,£3.75,£37.50/kg,null,treats_snacks,2024-11-05
BelVita Soft Bakes Choco Hazelnut Filled Biscuits 5 Pack 250G,£2.95,£1.18/100g,null,treats_snacks,2024-11-05
Cornetto Strawberry Ice Cream Cones 6x90ml,£3.50,£0.65/100ml,£2.50 Clubcard Price,treats_snacks,2024-11-05
The Laughing Cow Light Cheese Spread Triangles 16Pk 267G,£2.95,£11.05/kg,null,treats_snacks,2024-11-05
BelVita Breakfast Biscuits Strawberry & Yogurt Crunch 5 Pack 253G,£2.75,£1.09/100g,£1.75 Clubcard Price,treats_snacks,2024-11-05
Tesco Mini Chocolate Ice Creams 8 X 50Ml,£3.00,£0.75/100ml,null,treats_snacks,2024-11-05
Tesco Toasted Flaked Almonds 100G,£1.80,£18.00/kg,null,treats_snacks,2024-11-05
Kellogg's Fruit Winders Strawberry Snack Rolls 5x17g,£2.00,£2.35/100g,Save 25% £1.50 Clubcard Price,treats_snacks,2024-11-05
Kettle Lightly Salted Crisps 5 X 25G,£2.40,£1.92/100g,£1.50 Clubcard Price,treats_snacks,2024-11-05
Green & Black's Organic 85% Dark Chocolate Bar 90g,£2.75,£3.06/100g,null,treats_snacks,2024-11-05
Kit Kat 4 Finger Milk Chocolate Bar Multipack 41.5g 8 Pack,£2.75,£0.83/100g,null,treats_snacks,2024-11-05
Kallo Lightly Salted Wholegrain Low Fat Corn Cake 130G,£1.50,£1.15/100g,£1.25 Clubcard Price,treats_snacks,2024-11-05
Lindt Chocolate Reindeer 100G,£3.50,£3.50/100g,£3.00 Clubcard Price,treats_snacks,2024-11-05
Terry's Orange Chocolate Bars Multipack 3 X 35g,£1.35,£1.29/100g,null,treats_snacks,2024-11-05
Mr Kipling French Fancies 8 Pack,£3.00,£0.38/each,Save 1/3 £2.00 Clubcard Price,treats_snacks,2024-11-05
Nairns Cheese Oatcake 200G,£1.60,£0.80/100g,null,treats_snacks,2024-11-05
Tesco Glace Cherry Halves 200G,£1.80,£9.00/kg,null,treats_snacks,2024-11-05
Van Der Meulen Melba Original Thins 100G,£1.30,£1.30/100g,null,treats_snacks,2024-11-05
"Border Dark Chocolate Ginger Biscuit Bars Multipack, 6x24g",£1.85,£1.28/100g,£1.25 Clubcard Price,treats_snacks,2024-11-05
Doritos Hot Salsa Dip 300g,£2.50,£0.83/100g,null,treats_snacks,2024-11-05
Ryvita Original Crisp Bread 250G,£1.60,£0.64/100g,null,treats_snacks,2024-11-05
Doritos Nacho Cheese Dip 280g,£2.50,£0.89/100g,null,treats_snacks,2024-11-05
Tesco Chocolate & Nut Cones 4 X 110Ml,£1.65,£0.38/100ml,null,treats_snacks,2024-11-05
Organix Apple Rice Cake Clouds 40G,£1.50,£37.50/kg,£1.25 Clubcard Price,treats_snacks,2024-11-05
Paw Patrol Snack Raisins 126G (9X14g),£1.15,£0.91/100g,null,treats_snacks,2024-11-05
BelVita Breakfast Biscuits Milk & Cereals 5 Pack 225G,£1.25,£0.56/100g,£1.00 Clubcard Price,treats_snacks,2024-11-05
BelVita Breakfast Biscuits Honey & Nut 5 Pack 225G,£1.25,£0.56/100g,£1.00 Clubcard Price,treats_snacks,2024-11-05
Seriously Spreadable Vintage Cheese Spread 125g,£1.58,£12.64/kg,null,treats_snacks,2024-11-05
Giant New Refresher Chew Bar (C),£0.20,£1.11/100g,null,treats_snacks,2024-11-05
Kit Kat Santa Milk Chocolate Sharing Bag 55G,£1.75,£3.18/100g,£1.35 Clubcard Price,treats_snacks,2024-11-05
Rolo Milk Chocolate Tube Multipack 41.6g 4 Pack,£1.50,£0.90/100g,null,treats_snacks,2024-11-05
Tesco Chunky Chocolate 10 Cookies 200G,£1.35,£0.68/100g,null,treats_snacks,2024-11-05
Tesco Shorties Biscuits 300G,£0.95,£0.32/100g,null,treats_snacks,2024-11-05
Kit Kat 4 Finger Milk Chocolate Bar Multipack 41.5g 4 Pack,£1.50,£0.90/100g,null,treats_snacks,2024-11-05
Alpen Cereal Bars Strawberry & Yoghurt 5 x 29g,£1.25,£0.86/100g,null,treats_snacks,2024-11-05
Tesco 6 Coconut & Chocolate Bars 180G,£1.25,£0.69/100g,null,treats_snacks,2024-11-05
"Toffee Crisp Milk Chocolate Biscuit Bars Multipack, 7 Pack",£1.25,£0.96/100g,null,treats_snacks,2024-11-05
Lindt Milk Chocolate Teddy 40G,£2.00,£5.00/100g,£1.60 Clubcard Price,treats_snacks,2024-11-05
Tesco Shrimps And Bananas 80G,£0.75,£0.94/100g,null,treats_snacks,2024-11-05
Tesco White Chocolate Buttons 70G,£0.75,£1.07/100g,null,treats_snacks,2024-11-05
Galaxy Minstrels Milk Chocolate Buttons Pouch Bag 125g,£1.65,£1.32/100g,null,treats_snacks,2024-11-05
Reese's Peanut Butter Tree 34G X 4,£2.50,£1.84/100g,Save 1/3 £1.65 Clubcard Price,treats_snacks,2024-11-05
Ms Molly's 12 Fairy Cakes,null,null,null,treats_snacks,2024-11-05
Thorntons Continental Collection Boxed Chocolate 264G,£11.00,£4.17/100g,£7.50 Clubcard Price,treats_snacks,2024-11-05
Ben & Jerry's Half Baked Chocolate & Vanilla Ice Cream Tub 465ml,£5.20,£1.12/100ml,£3.00 Clubcard Price,treats_snacks,2024-11-05
Cadbury Chocolate & Biscuits Favourites Selection Gift Box 370g,£6.00,£1.62/100g,£5.00 Clubcard Price,treats_snacks,2024-11-05
BelVita Breakfast Soft Bakes Blueberry 5 Pack 250g,£2.95,£1.18/100g,£1.75 Clubcard Price,treats_snacks,2024-11-05
Tesco Dried Mango 100G,£2.15,£21.50/kg,null,treats_snacks,2024-11-05
Kallo Organic Dark Chocolate Ricecakes 90G,£2.75,£3.06/100g,null,treats_snacks,2024-11-05
Kellogg's Nutri-Grain Strawberry Snack Bars 6x37g,£2.30,£1.04/100g,£1.75 Clubcard Price,treats_snacks,2024-11-05
Dairylea Cheese Spread Triangles 16 pack 16x15.6G,£2.95,£11.80/kg,£2.25 Clubcard Price,treats_snacks,2024-11-05
Tesco Ready To Eat Apricots 500G,£4.00,£8.00/kg,null,treats_snacks,2024-11-05
Popchips Sea Salt & Vinegar Chips 85G,£2.25,£2.65/100g,Save 1/3 £1.50 Clubcard Price,treats_snacks,2024-11-05
Mr Kipling Bramley Apple Pies 6 Pack,£3.00,£0.50/each,null,treats_snacks,2024-11-05
Go Ahead Strawberry Fruit & Oat Bakes Snack Bars Multipack 6 x 35g,£2.00,£0.95/100g,£1.25 Clubcard Price,treats_snacks,2024-11-05
Tesco Breadstick Selection 120G,£1.75,£1.46/100g,null,treats_snacks,2024-11-05
Tesco Lightly Salted Rice Cakes 130G,£1.25,£0.96/100g,null,treats_snacks,2024-11-05
Nature Valley Crunchy Oats & Dark Chocolate 5 x 42g (210g),£2.50,£1.19/100g,£2.00 Clubcard Price,treats_snacks,2024-11-05
Skittles And Friends Christmas Selection Box 150.5G,£3.00,£1.99/100g,Save 1/3 £2.00 Clubcard Price,treats_snacks,2024-11-05
Walkers A Dash of Salt & Vinegar Less Salt Multipack Crisps 6x25g,£2.00,£1.33/100g,£1.65 Clubcard Price,treats_snacks,2024-11-05
Real Foods Original Corn Thins 150G,£1.40,£0.93/100g,null,treats_snacks,2024-11-05
Tesco Bbq Flavoured Coated Peanuts 200G,£1.30,£6.50/kg,null,treats_snacks,2024-11-05
Cadbury Picnic Chocolate Bar 4 Pack Multipack 152g,£1.75,£1.15/100g,null,treats_snacks,2024-11-05
Rowntree's Randoms Sweets Sharing Bag 150g,£1.50,£1.00/100g,null,treats_snacks,2024-11-05
McVitie's Milk Chocolate Digestive Biscuits 266g,£1.90,£0.71/100g,null,treats_snacks,2024-11-05
Tesco Fizzy Strawberry Flavour Lances 75G,£0.75,£1.00/100g,null,treats_snacks,2024-11-05
Tesco Lebkuchen Hearts 250G,£1.20,£0.48/100g,null,treats_snacks,2024-11-05
Aero Peppermint Bubbles Giant Tube 70G,£1.50,£2.14/100g,£1.25 Clubcard Price,treats_snacks,2024-11-05
Tesco Raspberry Mushrooms 75G,£0.75,£1.00/100g,null,treats_snacks,2024-11-05
Aero Bubbly Milk Chocolate Bar Multipack 27g 4 Pack,£1.80,£1.67/100g,null,treats_snacks,2024-11-05
Snack Organisation Crackers Lightly Salted 100G,£1.00,£1.00/100g,null,treats_snacks,2024-11-05
Tesco Free From Chocolate Chip Cookie Dairy Free 145G,£1.40,£0.97/100g,null,treats_snacks,2024-11-05
Cadbury White Chocolate Fingers Biscuits 114g,£1.90,£1.67/100g,£1.00 Clubcard Price,treats_snacks,2024-11-05
Tesco Mini Gems Sweets 200G,£1.10,£0.55/100g,null,treats_snacks,2024-11-05
Skinny Whip Toffee Bars 5X20g,£0.99,£0.99/100g,null,treats_snacks,2024-11-05
Tesco Mint Assortment 200G,£1.10,£0.55/100g,null,treats_snacks,2024-11-05
Tesco Fruit Shortcake Biscuits 200G,£0.65,£0.32/100g,null,treats_snacks,2024-11-05
Cadbury Heroes Chocolate Tub 550g,£6.00,£1.09/100g,Save 25% £4.50 Clubcard Price,treats_snacks,2024-11-05
Cadbury Roses Chocolate Tub 550g,£6.00,£1.09/100g,Save 25% £4.50 Clubcard Price,treats_snacks,2024-11-05
Maltesers Cake Bars 5 Pack,£2.00,£0.40/each,null,treats_snacks,2024-11-05
Tesco Finest Stollen Slices 6 Pack,£4.25,£0.71/each,£3.75 Clubcard Price,treats_snacks,2024-11-05
Tesco 20 Flapjack Bites,£2.75,£0.14/each,£2.40 Clubcard Price,treats_snacks,2024-11-05
Tesco Finest Belgian Biscuit Selection 400G,£6.50,£1.62/100g,null,treats_snacks,2024-11-05
Carte D'or Salted Caramel Ice Cream Tub 900ml,£3.75,£0.42/100ml,Save 25% £2.75 Clubcard Price,treats_snacks,2024-11-05
Lindt Santa 125G,£3.50,£2.80/100g,£3.00 Clubcard Price,treats_snacks,2024-11-05
Kallo Organic Milk Chocolate Thin Rice Cakes 90G,£2.75,£3.06/100g,null,treats_snacks,2024-11-05
Lindt Lindor Milk Truffles 37G,£1.75,£4.73/100g,null,treats_snacks,2024-11-05
Mr. Porky Crispy Pork Strips 35G,£1.30,£3.71/100g,null,treats_snacks,2024-11-05
Kellogg's Fruit Winders Doubles Strawberry & Apple Snack Rolls 5x17g,£2.00,£2.35/100g,Save 25% £1.50 Clubcard Price,treats_snacks,2024-11-05
nakd. Peanut Delight Fruit & Nut Bars Multipack 4 x 35g,£3.00,£2.14/100g,null,treats_snacks,2024-11-05
Tesco Seedless Raisins 12 Pack 168G,£1.40,£8.33/kg,null,treats_snacks,2024-11-05
Whitworths Dried Golden Malatya Apricots 140G,£2.00,£14.29/kg,Any 2 for £3.20 Clubcard Price - Selected Whitworths Classics Multibuy 130g-350g,treats_snacks,2024-11-05
Jacob's TUC Original Snack Crackers 150G,£1.50,£1.00/100g,null,treats_snacks,2024-11-05
Mattessons Smoked Pork Sausage Original 160G,£2.25,£1.41/100g,£1.75 Clubcard Price,treats_snacks,2024-11-05
Graze Protein Oat Boosts Cocoa Vanilla 4 x 30g (120g),£2.75,£2.29/100g,null,treats_snacks,2024-11-05
Cadbury Marvellous Creations Jelly Pop Candy Chocolate Bar 160g,£2.50,£1.56/100g,£2.00 Clubcard Price,treats_snacks,2024-11-05
Tesco Yogurt Coated Strawberry Fruit Bites 125G,£2.00,£1.60/100g,null,treats_snacks,2024-11-05
Lindt Sleigh Milk Chocolate 5 Pack 50G,£3.00,£6.00/100g,£2.50 Clubcard Price,treats_snacks,2024-11-05
Kinder Bueno White Chocolate Bars Multipack 4 X 39g,£2.39,£1.53/100g,null,treats_snacks,2024-11-05
Nairns Rough Oatcakes 291G,£1.30,£0.45/100g,null,treats_snacks,2024-11-05
Propercorn Lightly Sea Salt Popcorn 6X10g,£1.90,£3.17/100g,£1.50 Clubcard Price,treats_snacks,2024-11-05
Nature Valley Crunchy Variety Pack 5 x 42g (210g),£2.50,£1.19/100g,£2.00 Clubcard Price,treats_snacks,2024-11-05
Propercorn Sweet & Salty Popcorn Sharing Bag 90 G,£1.90,£2.11/100g,null,treats_snacks,2024-11-05
Tesco Chicken Kiev Bites 216G,£2.20,£1.02/100g,Any 2 for £3.50 Clubcard Price - Selected Tesco Bite Size 120g - 300g,treats_snacks,2024-11-05
Snack a Jacks Sour Cream & Chive Rice Cakes Multipack Snacks 5x19g,£2.20,£2.32/100g,£1.50 Clubcard Price,treats_snacks,2024-11-05
Philadelphia Light Soft Cream Cheese Snacks Mini Tub 4 Pack 140G,£1.95,£13.93/kg,£1.00 Clubcard Price,treats_snacks,2024-11-05
Haribo Tangfastics Mini Bag 16G,£0.30,£1.88/100g,null,treats_snacks,2024-11-05
Organix Summer Fruits Rice Cake Clouds 40G,£1.50,£37.50/kg,£1.25 Clubcard Price,treats_snacks,2024-11-05
Kinder Happy Hippo Single 20.7G,£0.50,£2.42/100g,null,treats_snacks,2024-11-05
Tesco Mint Imperials 200G,£1.10,£0.55/100g,null,treats_snacks,2024-11-05
Pink Panther Wafers 154G,£0.90,£0.58/100g,null,treats_snacks,2024-11-05
Walkers Baked Prawn Cocktail Multipack Crisps 6x22g,£2.00,£1.52/100g,null,treats_snacks,2024-11-05
Haribo Maoam Joystixx 140G (R),£1.09,£0.78/100g,null,treats_snacks,2024-11-05
Golden Wonder Cheese & Onion Crisps 6X25g,£1.40,£0.93/100g,null,treats_snacks,2024-11-05
Tesco Milk Bottles 75G,£0.75,£1.00/100g,null,treats_snacks,2024-11-05
Tesco Chocolate Coated Malted Milk 250,£1.45,£0.58/100g,null,treats_snacks,2024-11-05
Tesco Cashew Nuts 25G,£0.70,£28.00/kg,Any 3 for 2 Clubcard Price - Cheapest Product Free - Selected Tesco Dried Fruit Or Nuts,treats_snacks,2024-11-05
Tesco Toffee 175G,£1.10,£0.63/100g,null,treats_snacks,2024-11-05
Skinny Crunch Light Salted Caramel 5X19g,£1.00,£1.05/100g,null,treats_snacks,2024-11-05
Tesco Finest Iced Rich Fruit Cake 400G,£5.25,£1.31/100g,£4.50 Clubcard Price,treats_snacks,2024-11-05
Fox's Fabulously Biscuits 275G,£4.50,£1.64/100g,null,treats_snacks,2024-11-05
Tesco 15 Chocolate Cornflake Clusters,£2.75,£0.18/each,£2.40 Clubcard Price,treats_snacks,2024-11-05
Haagen-Dazs Salted Caramel Ice Cream 460Ml,£5.40,£1.17/100ml,null,treats_snacks,2024-11-05
Tesco Sweet Biscuits 400G,£2.60,£0.65/100g,null,treats_snacks,2024-11-05
Lindt Excellence Touch Of Sea Salt Chocolate Bar 100G,£3.00,£3.00/100g,£2.50 Clubcard Price,treats_snacks,2024-11-05
Haagen-Dazs Vanilla Ice Cream 460Ml,£5.40,£1.17/100ml,null,treats_snacks,2024-11-05
Real Lancashire Eccles Cakes,£2.30,£0.58/each,null,treats_snacks,2024-11-05
Walkers Wotsits Crunchy Cheese Sharing Bag Crisps 140g,£2.25,£1.61/100g,£1.75 Clubcard Price,treats_snacks,2024-11-05
Mr Kipling Lemon Slice 6 Pack,£2.75,£0.46/each,null,treats_snacks,2024-11-05
Crosta & Mollica Torinesi Breadsticks 120G,£1.60,£1.33/100g,£1.30 Clubcard Price,treats_snacks,2024-11-05
Tesco Free From Wholegrain Rice Cakes 130G,£1.50,£1.15/100g,null,treats_snacks,2024-11-05
Tesco Sunflower Seeds 150G,£1.20,£8.00/kg,null,treats_snacks,2024-11-05
Nature Valley Crunchy Canadian Maple Syrup 5 x 42g (210g),£2.50,£1.19/100g,£2.00 Clubcard Price,treats_snacks,2024-11-05
Kellogg's Nutri-Grain Bakes Chocolate Snack Bars 6x45g,£2.50,£0.93/100g,null,treats_snacks,2024-11-05
Cathedral City Minis Mature Lighter Cheddar Cheese 6x20G,£2.10,£17.50/kg,null,treats_snacks,2024-11-05
Maltesers Milk Chocolate Fun Size Bags Multipack 214.5g,null,null,null,treats_snacks,2024-11-05
Jacobs Cracker Sour Cream & Chive 150 G,£1.35,£0.90/100g,null,treats_snacks,2024-11-05
Jordans Frusli Juicy Red Berry Chewy Cereal Bars 6 x 30g (180g),£2.30,£1.28/100g,Save 1/3 £1.50 Clubcard Price,treats_snacks,2024-11-05
Mr Kipling 6 Christmas Slice,£2.25,£0.38/each,£2.00 Clubcard Price,treats_snacks,2024-11-05
Butterkist Cinema Sweet Popcorn 100G,£2.00,£2.00/100g,£1.25 Clubcard Price,treats_snacks,2024-11-05
Twix Chocolate Biscuit Fingers Multipack 16 x 20g 320g,£2.90,£0.91/100g,null,treats_snacks,2024-11-05
The Laughing Cow Cheese Dip & Crunch Spread 140 G,£1.60,£11.43/kg,null,treats_snacks,2024-11-05
Cadbury Bitsa Wispa Chocolate Bag 110G,null,null,null,treats_snacks,2024-11-05
Skips Prawn Cocktail Sharing Crisps 65G,£1.20,£1.85/100g,null,treats_snacks,2024-11-05
Fox's Salted Caramel Crunch Cream Biscuits 200G,£1.30,£0.65/100g,£1.00 Clubcard Price,treats_snacks,2024-11-05
Cadbury Wispa Chocolate Bar 4 Pack Multipack 111.6g,£1.75,£1.57/100g,null,treats_snacks,2024-11-05
Cadbury Dairy Milk Caramel Nibbles Chocolate Bag 120G,£1.75,£1.46/100g,null,treats_snacks,2024-11-05
Cathedral City Kids Nibbles Mild Lighter Cheddar Cheese 5x16g,£2.00,£25.00/kg,£1.15 Clubcard Price,treats_snacks,2024-11-05
Peppa Pig Mini Snack Raisins 9X14g,£1.15,£9.13/kg,null,treats_snacks,2024-11-05
Lotus Biscoff Sandwich Original Cream 150G,£1.70,£1.13/100g,null,treats_snacks,2024-11-05
"McVitie's Mini Gingerbread Men Biscuits Multipack, 6x19g",£1.25,£1.10/100g,null,treats_snacks,2024-11-05
Big Hoops Bbq Beef Grab Bag Crisps 45G,£1.10,£2.44/100g,"£5 Meal Deal Clubcard Price £5.50 Meal Deal Regular Price - Selected Drink + Snack + Tesco Finest* Or Branded Sandwich, Wrap, Roll, Salad Or Sushi",treats_snacks,2024-11-05
Wagon Wheels Original Biscuit 6 Pack,£1.35,£0.61/100g,null,treats_snacks,2024-11-05
Nutella & Go! Hazelnut Chocolate Spread and Breadsticks Snack Pot Multipack 2 x 48g,£1.70,£1.77/100g,null,treats_snacks,2024-11-05
Galaxy Counters Milk Chocolate Buttons Pouch Bag 122g,£1.65,£1.35/100g,null,treats_snacks,2024-11-05
M&M's Crunchy Peanut & Milk Chocolate Bites Pouch Bag 125g,£1.65,£1.32/100g,null,treats_snacks,2024-11-05
Barratt Sherbet Fountain 25G,£0.35,£1.40/100g,null,treats_snacks,2024-11-05
Kinder Chocolate 4 Pack 50G,£0.75,£1.50/100g,"£5 Meal Deal Clubcard Price £5.50 Meal Deal Regular Price - Selected Drink + Snack + Tesco Finest* Or Branded Sandwich, Wrap, Roll, Salad Or Sushi",treats_snacks,2024-11-05
Tesco Wine Gums Sweets 250G,£1.10,£0.44/100g,null,treats_snacks,2024-11-05
Tesco Chocolate Chip Digestive Biscuits 400G,£0.85,£0.21/100g,null,treats_snacks,2024-11-05
Lindt Lindor Salted Caramel Truffles 200G,£6.30,£3.15/100g,£4.50 Clubcard Price,treats_snacks,2024-11-05
Tesco 30 Mini Gingerbread Men 300G,£2.75,£0.92/100g,£2.40 Clubcard Price,treats_snacks,2024-11-05
Tesco Pecan Halves 200G,£3.50,£17.50/kg,null,treats_snacks,2024-11-05
Cadbury Flake 99 Ice Cream Cones 4 X 125Ml,£4.25,£0.85/100ml,null,treats_snacks,2024-11-05
Tesco Wholefoods 4 Seed Mix 300G,£2.25,£7.50/kg,null,treats_snacks,2024-11-05
Fruit Bowl Strawberry Peelers 5X16g,£2.75,£3.44/100g,null,treats_snacks,2024-11-05
Dairylea Dunkers Ritz Cheese Snacks 6 pack 6x43G,£3.30,£12.79/kg,null,treats_snacks,2024-11-05
Philadelphia Light Low Fat Soft Cream Cheese Snacks 3 Pack 126G,£2.00,£15.87/kg,null,treats_snacks,2024-11-05
Kp Salt & Vinegar Peanuts 225G,£3.25,£14.44/kg,null,treats_snacks,2024-11-05
Tesco Double Chocolate Mini Muffins 16 Pack,£2.75,£0.17/each,£2.40 Clubcard Price,treats_snacks,2024-11-05
Fruit Factory Multi Fruit Stars 5 Pack 100G,£2.45,£2.45/100g,£1.95 Clubcard Price,treats_snacks,2024-11-05
Mattessons Smoked Pork Sausages Reduced Fat 160G,£2.25,£1.41/100g,£1.75 Clubcard Price,treats_snacks,2024-11-05
Philadelphia Chives Soft Cream Cheese 165G,£2.25,£13.64/kg,null,treats_snacks,2024-11-05
Tesco Glace Cherries 200G,£1.80,£9.00/kg,null,treats_snacks,2024-11-05
Philadelphia Garlic & Herbs Soft Cream Cheese 280G,£3.25,£11.61/kg,£1.90 Clubcard Price,treats_snacks,2024-11-05
OREO Double Stuff Cookie Sandwich Biscuits 157G,£1.50,£0.96/100g,90p Clubcard Price,treats_snacks,2024-11-05
Pagen Wholegrain Krisprolls 225G,£1.80,£0.80/100g,null,treats_snacks,2024-11-05
Cadbury Dairy Milk Bitsa Wispa Chocolate Bag 185.5G,£2.65,£1.43/100g,null,treats_snacks,2024-11-05
Popchips Original Popped Chips 85G,£2.25,£2.65/100g,Save 1/3 £1.50 Clubcard Price,treats_snacks,2024-11-05
Tesco White Chocolate Ice Creams 3X110ml,£2.10,£0.64/100ml,null,treats_snacks,2024-11-05
Rowntree's Pick & Mix Sweets Sharing Bag 150g,£1.50,£1.00/100g,null,treats_snacks,2024-11-05
Tesco 6 Dark Chocolate Ices 6X70ml,£1.60,£0.38/100ml,null,treats_snacks,2024-11-05
Rowntree's Fruit Pastilles Strawberry & Blackcurrant Sweets Sharing Bag 143g,£1.50,£1.05/100g,null,treats_snacks,2024-11-05
Fox's Ginger Crunch Creams Biscuits 200G,£1.30,£0.65/100g,£1.00 Clubcard Price,treats_snacks,2024-11-05
Tesco Sultana & Oat Cookies 200G,£1.35,£0.68/100g,null,treats_snacks,2024-11-05
Barny Milk Soft Baked Bears Biscuits 5 Pack Multipack 125G,£1.25,£1.00/100g,null,treats_snacks,2024-11-05
Polo Original Mint Tube 34g,£0.75,£2.21/100g,"£5 Meal Deal Clubcard Price £5.50 Meal Deal Regular Price - Selected Drink + Snack + Tesco Finest* Or Branded Sandwich, Wrap, Roll, Salad Or Sushi",treats_snacks,2024-11-05
Haribo Maoam Pinballs 140G (R),£1.09,£0.78/100g,null,treats_snacks,2024-11-05
Tesco Fizzy Cola Lances 75G,£0.75,£1.00/100g,null,treats_snacks,2024-11-05
Tesco Milk Chocolate Medallion 80G,null,null,null,treats_snacks,2024-11-05
Kellogg's Special K Juicy Red Berry Snack Bars 6x21.5g,£1.35,£1.05/100g,null,treats_snacks,2024-11-05
Haribo Giant Strawbs Gone Mini 16G,£0.30,£1.88/100g,null,treats_snacks,2024-11-05
Tesco Onion Rings Snacks 300G,£1.75,£0.58/100g,£1.55 Clubcard Price,treats_snacks,2024-11-05
Tesco Milk Chocolate £50 Note 100G,null,null,null,treats_snacks,2024-11-05
Marmite Rice Cakes 110G,£2.00,£1.82/100g,null,treats_snacks,2024-11-05
Tesco Fruit Pastilles Sweets 250G,£1.10,£0.44/100g,null,treats_snacks,2024-11-05
Cadbury Roses Chocolate Pouch 300g,£4.00,£1.33/100g,null,treats_snacks,2024-11-05
Cadbury Heroes Chocolate Pouch 300g,£4.00,£1.33/100g,null,treats_snacks,2024-11-05
Cadbury Twirl Chocolate Pouch 300g,£4.00,£1.33/100g,null,treats_snacks,2024-11-05
Fox's Favourites Biscuit Selection 350G,£3.45,£0.99/100g,null,treats_snacks,2024-11-05
Bear Pure Fruit Yoyo Strawberry 9X20g,£4.65,£2.58/100g,null,treats_snacks,2024-11-05
Tesco Millionaire Bites 22 Pack,£2.75,£0.12/each,£2.40 Clubcard Price,treats_snacks,2024-11-05
Cornetto Mint Ice Cream Cones 6x90ml,£3.50,£0.65/100ml,£2.50 Clubcard Price,treats_snacks,2024-11-05
The Laughing Cow Original Cheese Spread Triangles 16Pk 267G,£2.95,£11.05/kg,null,treats_snacks,2024-11-05
Lindt Excellence Extra Creamy Milk Chocolate Bar 100G,£3.00,£3.00/100g,£2.50 Clubcard Price,treats_snacks,2024-11-05
Butterkist Microwave Popcorn Sweet & Salted 3X60g,£2.50,£1.39/100g,£1.75 Clubcard Price,treats_snacks,2024-11-05
Lindt Excellence 85% Cocoa 100G,£3.00,£3.00/100g,£2.50 Clubcard Price,treats_snacks,2024-11-05
Lindt Excellence Dark Orange Intense Chocolate Bar 100G,£3.00,£3.00/100g,£2.50 Clubcard Price,treats_snacks,2024-11-05
Famous Names Signature Collection 185G,£6.00,£3.24/100g,£5.00 Clubcard Price,treats_snacks,2024-11-05
Cadbury Dairy Milk Buttons Ice Cream Cones 4 X 100Ml,£3.25,£0.81/100ml,null,treats_snacks,2024-11-05
Kp Honey Roast Peanuts 225G,£3.25,£14.44/kg,null,treats_snacks,2024-11-05
Tesco Sea Salt & Black Pepper Cashew Nuts 150G,£2.45,£16.33/kg,null,treats_snacks,2024-11-05
Bear Pure Fruit Yoyo Raspberry 5 X 20G,£2.85,£2.85/100g,Any 3 for 2 Clubcard Price - Cheapest Product Free - Selected Kids Snacking,treats_snacks,2024-11-05
Fruit Factory Multi Fruit Strings 5 Pack 100G,£2.45,£2.45/100g,£1.95 Clubcard Price,treats_snacks,2024-11-05
Walkers Ready Salted & Salt & Vinegar Multipack Crisps 12x25g,£3.00,£1.00/100g,null,treats_snacks,2024-11-05
Walkers Ready Salted & Cheese & Onion Multipack Crisps 12x25g,£3.00,£1.00/100g,null,treats_snacks,2024-11-05
Border Biscuits Lemon Drizzle Melts 150G,£1.90,£1.27/100g,Save 1/3 £1.25 Clubcard Price,treats_snacks,2024-11-05
OREO Choco Brownie Cookie Sandwich Biscuits 154G,£1.50,£0.97/100g,90p Clubcard Price,treats_snacks,2024-11-05
Trebor Extra Strong Peppermint Mints 4 Pack Multipack 166g,£1.80,£1.09/100g,null,treats_snacks,2024-11-05
Trebor Softmints Peppermint Mints Roll 4 pack Multipack 179g,£1.80,£1.01/100g,null,treats_snacks,2024-11-05
Tesco Roasted & Salted Almonds 100G,£1.55,£15.50/kg,null,treats_snacks,2024-11-05
Tesco Bombay Mix Snacks 200 G,£1.45,£7.25/kg,null,treats_snacks,2024-11-05
Proper Chips 85G Sea Salt,£1.90,£2.24/100g,£1.50 Clubcard Price,treats_snacks,2024-11-05
Tesco Turkish Delight Bar 150G,£1.80,£1.20/100g,null,treats_snacks,2024-11-05
Tesco Yogurt Coated Rice Cakes 105G,£1.40,£1.33/100g,null,treats_snacks,2024-11-05
Polo Sugar Free Mint Tube Multipack 33.4g 4 Pack,£1.75,£1.31/100g,null,treats_snacks,2024-11-05
M&M’s Santa Milk Chocolate 100g,£3.00,£3.00/100g,£2.50 Clubcard Price,treats_snacks,2024-11-05
Tesco Roasted Monkey Nuts 250G,£1.25,£5.00/kg,null,treats_snacks,2024-11-05
Schar Crisp Bread 150G,£1.50,£1.00/100g,null,treats_snacks,2024-11-05
Tesco Chocolate & Almond Ice Creams 3X110ml,£2.10,£0.64/100ml,null,treats_snacks,2024-11-05
Hoppers Chocolate Mini Rolls 10 Pack,null,null,null,treats_snacks,2024-11-05
Flipz Milk Chocolate Coated Pretzels 90G,£1.50,£1.67/100g,£1.25 Clubcard Price,treats_snacks,2024-11-05
Nature Valley Sweet & Salty Nut Dark Chocolate with Nuts Bars 4 x 30g (120g),£1.75,£1.46/100g,null,treats_snacks,2024-11-05
McVitie's Hobnobs Biscuits The Oaty One 255g,£1.50,£0.59/100g,null,treats_snacks,2024-11-05
Ryvita Multiseed Thins 125G,£2.20,£1.76/100g,null,treats_snacks,2024-11-05
Revels Milk Chocolate Pouch Bag 112g,£1.65,£1.47/100g,null,treats_snacks,2024-11-05
Tesco Liquorice Allsorts Sweets 250G,£1.10,£0.44/100g,null,treats_snacks,2024-11-05
Tesco Chocolate Eclairs 175G,£1.10,£0.63/100g,null,treats_snacks,2024-11-05
Tesco Cashew Nuts Snack Pack 60G,£1.00,£1.67/100g,Any 3 for 2 Clubcard Price - Cheapest Product Free - Selected Tesco Dried Fruit Or Nuts,treats_snacks,2024-11-05
Tesco Mixed Nuts 250G,£3.40,£13.60/kg,null,treats_snacks,2024-11-05
Lindt Lindor White Chocolate Truffles Carton 200G,£6.30,£3.15/100g,£4.50 Clubcard Price,treats_snacks,2024-11-05
Bendicks Bittermints Carton 200G,£5.50,£2.75/100g,£3.90 Clubcard Price,treats_snacks,2024-11-05
Toblerone Milk Chocolate Truffles Gift Box 180g,£5.50,£3.06/100g,£4.00 Clubcard Price,treats_snacks,2024-11-05
Tesco Whole Blanched Almonds 100G,£1.80,£18.00/kg,null,treats_snacks,2024-11-05
Kiddylicious Cheesy Veggie Straws 4X12g,£2.65,£5.52/100g,null,treats_snacks,2024-11-05
Tesco Apple & Strawberry Fruit Slurpers 4X90g,£2.25,£0.62/100g,null,treats_snacks,2024-11-05
Soreen Malt Lunchbox Loaves 10 Pack 300G,null,null,null,treats_snacks,2024-11-05
Kellogg's Fruit Winders Doubles Strawberry & Blackcurrant 5X17g,£2.00,£2.35/100g,Save 25% £1.50 Clubcard Price,treats_snacks,2024-11-05
Cadbury Dairy Milk Winter Mint Crisp Chocolate Bar 360g,£4.50,£1.25/100g,£4.00 Clubcard Price,treats_snacks,2024-11-05
Tesco Currants 500G,£2.00,£4.00/kg,null,treats_snacks,2024-11-05
Soreen 5 Strawberry Lunchbox Loaves 150G,null,null,£1.25 Clubcard Price,treats_snacks,2024-11-05
"Kinder Cards Cocoa and Milk Biscuit Wafers Multipack, 8x12.8g",£2.15,£2.10/100g,£1.75 Clubcard Price,treats_snacks,2024-11-05
Trebor Softmints Spearmint Mints Multipack 4 Pack 179g,£1.80,£1.01/100g,null,treats_snacks,2024-11-05
Nairns Gluten Free Oatcakes 213G,£2.00,£0.94/100g,null,treats_snacks,2024-11-05
Kp Cheese Footballs Drum 142G,£2.75,£1.94/100g,£2.00 Clubcard Price,treats_snacks,2024-11-05
McVities Rich Tea The Light One Biscuits 300g,£1.80,£0.60/100g,£1.25 Clubcard Price,treats_snacks,2024-11-05
Laughing Cow Lightest Cheese Spread Triangles 8Pk 133G,£1.90,£14.29/kg,Save 1/3 £1.25 Clubcard Price,treats_snacks,2024-11-05
Proper Chips 85G Bbq,£1.90,£2.24/100g,£1.50 Clubcard Price,treats_snacks,2024-11-05
Lindt Teddy Perforated 5 Pack 50G,£3.00,£6.00/100g,£2.50 Clubcard Price,treats_snacks,2024-11-05
Properchips Salt & Vinegar Lentil Chips 85G,null,null,£1.50 Clubcard Price,treats_snacks,2024-11-05
Milkybar White Chocolate Giant Buttons Sharing Bag 94g,£1.65,£1.76/100g,null,treats_snacks,2024-11-05
Tesco Prunes 250G,£2.00,£8.00/kg,null,treats_snacks,2024-11-05
Aero Peppermint Mint Chocolate Sharing Bar 90g,£1.50,£1.67/100g,null,treats_snacks,2024-11-05
Ryvita Multigrain Rye Bread 250G,£1.60,£0.64/100g,null,treats_snacks,2024-11-05
Barratts Dip Dabs 23G,£0.55,£2.39/100g,null,treats_snacks,2024-11-05
Arla LactoFREE Soft Cheese 200g,£1.75,£8.75/kg,null,treats_snacks,2024-11-05
"Kit Kat 2 Finger Dark Mint Chocolate Biscuit Bars Multipack, 9 Pack",£2.20,£1.18/100g,Save 25% £1.65 Clubcard Price,treats_snacks,2024-11-05
Soreen Gingerbread Christmas Lunchbox Loaves 5 Pack 150G,£1.50,£1.00/100g,£1.25 Clubcard Price,treats_snacks,2024-11-05
Walkers Delicate Prawn Cocktail Less Salt Multipack Crisps 6x25g,£2.00,£1.33/100g,£1.65 Clubcard Price,treats_snacks,2024-11-05
"Cheestrings Twisted Cheese Snacks 4 Pk, 80 G",£1.75,£21.88/kg,£1.25 Clubcard Price,treats_snacks,2024-11-05
Tesco Sweet & Salty Popcorn 200 G,£1.75,£0.88/100g,£1.00 Clubcard Price,treats_snacks,2024-11-05
Stockan's Thick Oatcakes 200G (L),£1.10,£0.55/100g,null,treats_snacks,2024-11-05
Cadbury Crunchie Rocks Chocolate Bag 110g,null,null,null,treats_snacks,2024-11-05
Tesco Soft Figs 250G,£2.00,£8.00/kg,null,treats_snacks,2024-11-05
Ryvita Thins Rosemary & Sea Salt Flatbreads 125G,£2.20,£1.76/100g,null,treats_snacks,2024-11-05
McVitie's Dark Chocolate Digestive Biscuits 266g,£1.90,£0.71/100g,null,treats_snacks,2024-11-05
Butterkist Cinema Sweet Popcorn 6X12g,£1.50,£2.08/100g,null,treats_snacks,2024-11-05
Cadbury Dairy Milk Wholenut Chocolate Bar 120g,£1.65,£1.38/100g,null,treats_snacks,2024-11-05
Tesco Dark Chocolate Butter Biscuits 125G,£1.65,£1.32/100g,null,treats_snacks,2024-11-05
Galaxy Minstrels Sharing Bag 217G,£2.75,£1.27/100g,null,treats_snacks,2024-11-05
M&M's Peanut Milk Chocolate Pouch Bag 220g,£2.75,£1.25/100g,null,treats_snacks,2024-11-05
Tesco Shortbread Petticoat Tails 450G,£2.45,£0.54/100g,null,treats_snacks,2024-11-05
Tesco All Butter Fudge 125G,£1.20,£0.96/100g,null,treats_snacks,2024-11-05
Tesco Cherry Bakewell Tarts 6 Pack,null,null,null,treats_snacks,2024-11-05
Lindt Lindor Milk Chocolate Truffles Carton 337G,£10.00,£2.97/100g,Save 25% £7.40 Clubcard Price,treats_snacks,2024-11-05
Border Biscuits Sharing Pack 400G,£4.25,£1.06/100g,£3.50 Clubcard Price,treats_snacks,2024-11-05
Tesco Finest Victoria Sponge Cake,£3.50,£3.50/each,null,treats_snacks,2024-11-05
Thorntons Classic Collection 262G,£8.50,£3.24/100g,£6.00 Clubcard Price,treats_snacks,2024-11-05
Butterkist Microwave Salted Popcorn 3X60g,£2.50,£1.39/100g,£1.75 Clubcard Price,treats_snacks,2024-11-05
BelVita Breakfast Biscuits Milk & Cereals 12 Pack Multipack 540G,£2.90,£0.54/100g,null,treats_snacks,2024-11-05
Whitworths Sunny Raisins 14 X 14G,£2.40,£12.24/kg,Any 3 for 2 Clubcard Price - Cheapest Product Free - Selected Kids Snacking,treats_snacks,2024-11-05
Tesco Party Cake Selection 12 Pack,£3.00,£0.25/each,null,treats_snacks,2024-11-05
Tyrrells Mixed Root Vegetable Crisps 125G,£2.85,£2.28/100g,null,treats_snacks,2024-11-05
McVitie's Hobnobs Dark Chocolate Biscuits The Oaty One 262g,£1.90,£0.72/100g,£1.50 Clubcard Price,treats_snacks,2024-11-05
Philadelphia Sweet Chilli Soft Cream Cheese 165G,£2.25,£13.64/kg,null,treats_snacks,2024-11-05
Graze Protein Oat Boosts Lemon Blueberry 4X 30G,£2.75,£2.29/100g,null,treats_snacks,2024-11-05
Green & Black's Organic Milk Chocolate Bar 90g,£2.75,£3.06/100g,null,treats_snacks,2024-11-05
Tesco Finest Ice Cream Madagascan Vanilla 480Ml,£3.00,£0.62/100ml,null,treats_snacks,2024-11-05
Cadbury Dairy Milk Chocolate Xmas Puds 5 Pack 175g,£4.00,£2.29/100g,£2.50 Clubcard Price,treats_snacks,2024-11-05
Kellogg's Nutri-Grain Bakes Raisin Snack Bars 6x45g,£2.50,£0.93/100g,null,treats_snacks,2024-11-05
Cadbury Dairy Milk Chocolate Fingers Biscuits 189g,£2.40,£1.27/100g,null,treats_snacks,2024-11-05
Nairn's Super Seeded Oatcakes 200G,£1.60,£0.80/100g,Save 25% £1.20 Clubcard Price,treats_snacks,2024-11-05
Smarties Milk Chocolate Sharing Bag 105g,£1.65,£1.57/100g,null,treats_snacks,2024-11-05
Walkers Wotsits Giants Flamin' Hot Sharing Bag Crisps 130g,£2.25,£1.73/100g,null,treats_snacks,2024-11-05
Tesco 10 Reduced Fat Mild Slices 200G,£1.40,£7.00/kg,null,treats_snacks,2024-11-05
Ryvita Sesame Crisp Bread 250G,£1.60,£0.64/100g,null,treats_snacks,2024-11-05
Tesco Almond Fingers 5 Pack,£1.19,£0.24/each,null,treats_snacks,2024-11-05
Nature Valley Sweet & Salty Nut Roasted Peanuts Bars 4 x 30g (120g),£1.75,£1.46/100g,null,treats_snacks,2024-11-05
Nairns Stem Ginger Oat Biscuit 200G (L),£1.60,£0.80/100g,null,treats_snacks,2024-11-05
Proper Chips Bbq Lentil Chips 5X14g,£1.90,£2.71/100g,null,treats_snacks,2024-11-05
Nairns Dark Chocolate Oat Biscuits 200G,£1.60,£0.80/100g,null,treats_snacks,2024-11-05
Bahlsen Pick Up! Minis Milk Chocolate 10.6Gx10,£1.65,£1.56/100g,null,treats_snacks,2024-11-05
Haribo Fruitilicious Fruit Gums 150G,£1.25,£0.83/100g,null,treats_snacks,2024-11-05
Cadbury Snowy Fingers Milk & White Chocolate Biscuits 115g,£1.90,£1.65/100g,£1.50 Clubcard Price,treats_snacks,2024-11-05
Maoam 8 Pack Bloxx Chewy Sweets 176G,£1.25,£0.71/100g,null,treats_snacks,2024-11-05
Cadbury Dairy Milk Chocolate Fruit & Nut Bar 110G,£1.65,£1.50/100g,null,treats_snacks,2024-11-05
Haribo Jelly Babies Double Trouble 175G,£1.25,£0.71/100g,null,treats_snacks,2024-11-05
Mr Kipling Almond Slices 6 Pack,£2.75,£0.46/each,£1.50 Clubcard Price,treats_snacks,2024-11-05
Walkers Max Punchy Paprika Grab Bag Crisps 50g,£1.00,£2.00/100g,"£5 Meal Deal Clubcard Price £5.50 Meal Deal Regular Price - Selected Drink + Snack + Tesco Finest* Or Branded Sandwich, Wrap, Roll, Salad Or Sushi",treats_snacks,2024-11-05
Tesco Mini Jelly Beans 85G,£0.75,£0.88/100g,null,treats_snacks,2024-11-05
Mcvities Digestives 5 Milk Chocolate Slices 114.1G,£1.25,£1.10/100g,null,treats_snacks,2024-11-05
Tesco Mixed Nuts & Pecans 25G,£0.70,£28.00/kg,Any 3 for 2 Clubcard Price - Cheapest Product Free - Selected Tesco Dried Fruit Or Nuts,treats_snacks,2024-11-05
Tesco Onion Rings 10 Pack 170G,£1.35,£0.79/100g,null,treats_snacks,2024-11-05
Kit Kat Chunky White Bars Multipack 40g 4 Pack,£1.50,£0.94/100g,null,treats_snacks,2024-11-05
M&M's Milk Chocolate Bites Pouch Bag 125g,£1.65,£1.32/100g,null,treats_snacks,2024-11-05
Tesco Whole Foods Pistachio Nuts 250G,£6.20,£24.80/kg,null,treats_snacks,2024-11-05
Tesco Mango 200G,£3.60,£18.00/kg,null,treats_snacks,2024-11-05
Tesco Cranberries 100G,£2.00,£20.00/kg,null,treats_snacks,2024-11-05
BelVita Breakfast Soft Bakes Red Berries 5 Pack 250G,£2.95,£1.18/100g,£1.75 Clubcard Price,treats_snacks,2024-11-05
Mr Kipling Jam Tarts 6 Pack,£3.00,£0.50/each,Half Price £1.50 Clubcard Price,treats_snacks,2024-11-05
Lindt Excellence Mint Iintense Chocolate Bar 100G,£3.00,£3.00/100g,£2.50 Clubcard Price,treats_snacks,2024-11-05
Tesco Finest Roasted Nut Selection 190G,£3.70,£19.47/kg,null,treats_snacks,2024-11-05
Black Magic Dark Chocolate Box 348g,£6.00,£1.72/100g,£5.00 Clubcard Price,treats_snacks,2024-11-05
Tesco Pistachio Nuts 200G,£2.65,£13.25/kg,null,treats_snacks,2024-11-05
Dairylea Filled Cheese Crackers Snacks 5 pack 5x19.3G,£2.30,£23.86/kg,null,treats_snacks,2024-11-05
Tesco Apple & Banana Fruit Slurpers 4X90g,£2.25,£0.62/100g,null,treats_snacks,2024-11-05
Kellogg's Nutri-Grain Blueberry Snack Bars 6x37g,£2.30,£1.04/100g,£1.75 Clubcard Price,treats_snacks,2024-11-05
Bear Blackcurrant Yoyo Multipack 5X20g,£2.85,£2.85/100g,Any 3 for 2 Clubcard Price - Cheapest Product Free - Selected Kids Snacking,treats_snacks,2024-11-05
Dairylea Strip Cheese 8 Pack 168G,£2.40,£14.29/kg,null,treats_snacks,2024-11-05
Nairns Gluten Free Cheese Oatcake 180G,£2.00,£1.11/100g,null,treats_snacks,2024-11-05
Tesco Organic Medjool Dates 200G,£2.50,£12.50/kg,null,treats_snacks,2024-11-05
Philadelphia Salmon Soft Cream Cheese 165G,£2.25,£13.64/kg,null,treats_snacks,2024-11-05
Graze Protein Honey Snack Bars Wholegrain Oats 4x30g,£2.75,£2.29/100g,null,treats_snacks,2024-11-05
LU Le Petit Beurre Salted Butter Biscuits 167G,£2.00,£1.20/100g,£1.20 Clubcard Price,treats_snacks,2024-11-05
Tesco Sesame Seeds 100G,£1.20,£12.00/kg,null,treats_snacks,2024-11-05
Kellogg's Pop Tarts Strawberry Sensation Pastry Snacks 8x48g,£3.00,£0.78/100g,null,treats_snacks,2024-11-05
Kit Kat Chunky Milk Chocolate Bar Multipack 32g 9 Pack,£3.00,£1.04/100g,null,treats_snacks,2024-11-05
Old El Paso Original Cheesy Baked Nacho Kit 505G,£3.80,£7.52/kg,null,treats_snacks,2024-11-05
Walls Soft Scoop Vanilla Light Ice Cream Tub 1800ml,£2.75,£0.15/100ml,null,treats_snacks,2024-11-05
Cadbury Starbar Chocolate Bar 49g,£0.85,£1.74/100g,"£5 Meal Deal Clubcard Price £5.50 Meal Deal Regular Price - Selected Drink + Snack + Tesco Finest* Or Branded Sandwich, Wrap, Roll, Salad Or Sushi",treats_snacks,2024-11-05
Tesco Milled Flax Seed Mix 175G,£1.75,£10.00/kg,£1.40 Clubcard Price,treats_snacks,2024-11-05
Walkers Sensations Coated Peanuts Smoked Chilli Sharing Bag 150g,£2.50,£1.67/100g,null,treats_snacks,2024-11-05
Cadbury Dairy Milk Caramel Chocolate Bar 120g,£1.65,£1.38/100g,null,treats_snacks,2024-11-05
Cadbury Dairy Milk Freddo Chocolate Bar Single 18g,£0.30,£1.67/100g,null,treats_snacks,2024-11-05
Organix Strawberry Rice Clouds 40G,£1.50,£37.50/kg,£1.25 Clubcard Price,treats_snacks,2024-11-05
Proper Chips Salt & Vinegar Lentil Chips 5 X 14G,£1.90,£2.71/100g,null,treats_snacks,2024-11-05
Ryvita Fruit Crunch Crisp Bread 200G,£2.00,£1.00/100g,null,treats_snacks,2024-11-05
Haribo Goldbears 175G,£1.25,£0.71/100g,null,treats_snacks,2024-11-05
Tesco Fizzy Multicolour Sweet Belt 75G,£0.75,£1.00/100g,null,treats_snacks,2024-11-05
Walkers Ready Salted Grab Bag Crisps 45g,£1.10,£2.44/100g,"£5 Meal Deal Clubcard Price £5.50 Meal Deal Regular Price - Selected Drink + Snack + Tesco Finest* Or Branded Sandwich, Wrap, Roll, Salad Or Sushi",treats_snacks,2024-11-05
Kellogg's Special K Milk Chocolate Bars 6X20g,£1.35,£1.12/100g,null,treats_snacks,2024-11-05
Lindt Lindor Mini Milk Chocolate Truffles 80G,£2.50,£3.12/100g,£1.90 Clubcard Price,treats_snacks,2024-11-05
Drumstick Chew Bar Bubblegum 18G,£0.20,£1.11/100g,null,treats_snacks,2024-11-05
Revels Milk Chocolate Sharing Pouch Bag 205g,£2.75,£1.34/100g,null,treats_snacks,2024-11-05
Tesco Finest Cherry & Almond Stollen,£9.00,£9.00/each,null,treats_snacks,2024-11-05
Ferrero Rocher 42 Pieces Boxed Chocolates 525G,£16.50,£3.14/100g,£13.50 Clubcard Price,treats_snacks,2024-11-05
Tesco Flame Raisins 500G,£3.30,£6.60/kg,null,treats_snacks,2024-11-05
Cadbury Flake Ice Cream 480Ml,£3.50,£0.73/100ml,null,treats_snacks,2024-11-05
Monty Bojangles Choccy Scoffy Truffles 135G,£3.95,£2.93/100g,£3.25 Clubcard Price,treats_snacks,2024-11-05
Lindt Excellence Caramel With Touch Of Sea Salt 100G,£3.00,£3.00/100g,£2.50 Clubcard Price,treats_snacks,2024-11-05
Tesco Finest Scottish Shortbread Assortment 400G,£4.20,£1.05/100g,null,treats_snacks,2024-11-05
Lindt Lindor Milk Chocolate Bar 100G,£2.75,£2.75/100g,£2.25 Clubcard Price,treats_snacks,2024-11-05
Walkers Wotsits Crunchy Flamin' Hot Sharing Bag Crisps 140g,£2.25,£1.61/100g,£1.75 Clubcard Price,treats_snacks,2024-11-05
Mr Kiplng Winter Berry & Custard Crumble Tarts X6,£2.85,£0.48/each,£2.50 Clubcard Price,treats_snacks,2024-11-05
Fruit Factory Fruit Hearts Strawberry 5X20g,£2.45,£2.45/100g,£1.95 Clubcard Price,treats_snacks,2024-11-05
Gogo Squeez Fruit Snack Apple Strawberry 4X90g,£2.55,£0.71/100g,Any 3 for 2 Clubcard Price - Cheapest Product Free - Selected Kids Snacking,treats_snacks,2024-11-05
Kettle Sea Salt & Balsamic Vinegar Crisps 5 X 25G,£2.40,£1.92/100g,£1.50 Clubcard Price,treats_snacks,2024-11-05
Fox's Salted Caramel Chocolatey Rounds 130G,£2.25,£1.73/100g,Save 1/3 £1.50 Clubcard Price,treats_snacks,2024-11-05
Tesco 5 Coated Raisins In A Yogurt Coating 125G,£2.00,£1.60/100g,null,treats_snacks,2024-11-05
Nature Valley Protein Salted Caramel Nut Cereal Bars 4 x 40g,£2.49,£1.56/100g,null,treats_snacks,2024-11-05
Extra White Bubblemint Sugarfree Chewing Gum Bottle 46 Pieces,£1.99,£0.04/each,null,treats_snacks,2024-11-05
Tesco 5 Chocolate & Raspberry Bars 115G,£1.70,£1.48/100g,null,treats_snacks,2024-11-05
Peperami Chorizo 5X20g,£3.00,£3.00/100g,Save 1/3 £2.00 Clubcard Price,treats_snacks,2024-11-05
Green & Black's Organic Ginger Dark Chocolate Bar 90g,£2.75,£3.06/100g,null,treats_snacks,2024-11-05
Philadelphia Intense Garlic & Herb Soft Cream Cheese 140G,null,null,£1.75 Clubcard Price,treats_snacks,2024-11-05
Propercorn Salted Microwave Popcorn 3X70g,£2.00,£0.95/100g,null,treats_snacks,2024-11-05
Marmite Oven Baked Cashews 90G,£2.50,£27.78/kg,null,treats_snacks,2024-11-05
LU Le Petit Chocolat Chocolate Biscuits 150G,£2.00,£1.33/100g,£1.20 Clubcard Price,treats_snacks,2024-11-05
Cadbury Dairy Milk Caramel Chocolate Bar 180g,£2.50,£1.39/100g,£2.00 Clubcard Price,treats_snacks,2024-11-05
Walkers Wotsits Giants Prawn Cocktail Sharing Bag Crisps 105g,£2.25,£2.14/100g,null,treats_snacks,2024-11-05
Milkybar White Chocolate Festive Friends Bag 57G,£1.75,£3.07/100g,£1.35 Clubcard Price,treats_snacks,2024-11-05
Walkers Monster Munch Giants Pickled Onion Sharing Bag Crisps 85g,£2.25,£2.65/100g,Save 1/3 £1.50 Clubcard Price,treats_snacks,2024-11-05
Discos Salt & Vinegar Grab Bag Crisps 50G,£1.10,£2.20/100g,"£5 Meal Deal Clubcard Price £5.50 Meal Deal Regular Price - Selected Drink + Snack + Tesco Finest* Or Branded Sandwich, Wrap, Roll, Salad Or Sushi",treats_snacks,2024-11-05
Pringles Sour Cream & Onion Snacks 40G,£1.00,£2.50/100g,"£5 Meal Deal Clubcard Price £5.50 Meal Deal Regular Price - Selected Drink + Snack + Tesco Finest* Or Branded Sandwich, Wrap, Roll, Salad Or Sushi",treats_snacks,2024-11-05
Tesco Tortilla Chips Hot Chill Flavour 200G,£1.10,£0.55/100g,null,treats_snacks,2024-11-05
McVitie's Chocolate Gems Multipack Biscuits 5x19g,£1.25,£1.32/100g,null,treats_snacks,2024-11-05
Haribo Rainbow Strips 130G,£1.25,£0.96/100g,null,treats_snacks,2024-11-05
Trebor Mighties Extra Strong Sugar Free Mints 12.5g,£0.75,£6.00/100g,"£5 Meal Deal Clubcard Price £5.50 Meal Deal Regular Price - Selected Drink + Snack + Tesco Finest* Or Branded Sandwich, Wrap, Roll, Salad Or Sushi",treats_snacks,2024-11-05
Swizzels Scrumptious Sweets 173G,£1.25,£0.72/100g,null,treats_snacks,2024-11-05
Kinder Snack Bars 6 Pack 126G,£1.59,£1.26/100g,null,treats_snacks,2024-11-05
Skinny Crunch Light Raspberry & White Chocolate 5X19g,£1.00,£1.05/100g,null,treats_snacks,2024-11-05
Tesco 6 Angel Cake Slices 160G,£1.10,£0.69/100g,null,treats_snacks,2024-11-05
Ben & Jerry's Phish Food Chocolate & Marshmallow Ice Cream Tub 465ml,£5.20,£1.12/100ml,£3.00 Clubcard Price,treats_snacks,2024-11-05
Ben & Jerry's Chocolate Fudge Brownie Ice Cream Tub 465ml,£5.20,£1.12/100ml,£3.00 Clubcard Price,treats_snacks,2024-11-05
Tesco Fruit And Nut Mix 200G,£2.65,£13.25/kg,null,treats_snacks,2024-11-05
Tesco Finest Carrot Cake,£3.50,£3.50/each,null,treats_snacks,2024-11-05
Carte D'or Indulgent Chocolate Ice Cream Tub 900ml,£3.75,£0.42/100ml,Save 25% £2.75 Clubcard Price,treats_snacks,2024-11-05
Bonne Maman La Madeleine 7 Pack,£2.75,£1.57/100g,£2.00 Clubcard Price,treats_snacks,2024-11-05
Butterkist Microwave Sweet Popcorn 3X60g,£2.50,£1.39/100g,£1.75 Clubcard Price,treats_snacks,2024-11-05
Fruit Bowl Raspberry Peelers 5X16g,£2.75,£3.44/100g,null,treats_snacks,2024-11-05
Maltesers Truffles Milk Chocolate Gift Box Chocolates 200g,£5.75,£2.88/100g,£4.00 Clubcard Price,treats_snacks,2024-11-05
Tesco Finest Lemon Shortbread Fingers 165G,£2.40,£1.46/100g,null,treats_snacks,2024-11-05
Tesco Roasted Chopped Hazelnut 100G,£2.10,£21.00/kg,null,treats_snacks,2024-11-05
Tesco Soft Figs 440G,£4.20,£9.54/kg,null,treats_snacks,2024-11-05
Mr Kipling Fruit Pie Selection 6 Pack,£3.00,£0.50/each,null,treats_snacks,2024-11-05
Fruit Factory Fruit Strings Strawberry 5X20g,£2.45,£2.45/100g,£1.95 Clubcard Price,treats_snacks,2024-11-05
Tony's Chocolonely Milk Chocolate Caramel Sea Salt 180G,£3.50,£1.94/100g,null,treats_snacks,2024-11-05
Fox's Milk Chocolate Cookies 180G,£2.35,£1.31/100g,null,treats_snacks,2024-11-05
Tesco Pumpkin Seeds 250G,£1.95,£7.80/kg,null,treats_snacks,2024-11-05
Nature Valley Crunchy Variety Cereal Bars Family Pack 10 X 42G,£3.50,£0.83/100g,null,treats_snacks,2024-11-05
Snack a Jacks Sour Cream & Chive Jumbo Rice Cakes 117g,£2.25,£1.92/100g,£1.75 Clubcard Price,treats_snacks,2024-11-05
LU Le Petit Biscotte Cinnamon Biscuits 200G,£2.00,£1.00/100g,£1.20 Clubcard Price,treats_snacks,2024-11-05
Graze Fibre Oat Boosts Cherry Bakewell 4 X 30G,£2.75,£2.29/100g,null,treats_snacks,2024-11-05
Kellogg's Pop Tarts Choctastic Pastry Snacks 8x48g,£3.00,£0.78/100g,null,treats_snacks,2024-11-05
Smint Peppermint 35G,£1.50,£4.29/100g,"£5 Meal Deal Clubcard Price £5.50 Meal Deal Regular Price - Selected Drink + Snack + Tesco Finest* Or Branded Sandwich, Wrap, Roll, Salad Or Sushi",treats_snacks,2024-11-05
Organix Banana Rice Cake Clouds 40G,null,null,£1.25 Clubcard Price,treats_snacks,2024-11-05
"Fox's Party Rings Chocolate Mini Biscuits Multipack, 5x21g",£1.45,£1.38/100g,null,treats_snacks,2024-11-05
Tesco Spiced Stem Ginger 10 Cookies 200G,£1.35,£0.68/100g,null,treats_snacks,2024-11-05
BelVita Breakfast Biscuits 30% Less Sugar Choc Chip 5 Pack 225G,£1.25,£0.56/100g,£1.00 Clubcard Price,treats_snacks,2024-11-05
Ryvita 3 Cheese Thins 125G,£2.20,£1.76/100g,null,treats_snacks,2024-11-05
Mr Kipling Battenberg Cake,£1.80,£0.78/100g,null,treats_snacks,2024-11-05
Haribo Zingfest Fizzy Fruit Flavour 150G,£1.25,£0.83/100g,null,treats_snacks,2024-11-05
Tesco Finest Gouda & Edam Crispies 90G,£1.65,£1.83/100g,null,treats_snacks,2024-11-05
Kellogg's Rice Krispies Squares Cereal Bar Totally Chocolate Single 36g,£0.90,£2.50/100g,"£5 Meal Deal Clubcard Price £5.50 Meal Deal Regular Price - Selected Drink + Snack + Tesco Finest* Or Branded Sandwich, Wrap, Roll, Salad Or Sushi",treats_snacks,2024-11-05
Kinder Surprise Egg 3 X 20G,£2.70,£4.50/100g,null,treats_snacks,2024-11-05
Fruit Flavour Candy Sticks With Temporary Tattoo 18G,£0.40,£2.22/100g,null,treats_snacks,2024-11-05
Cadbury Crunchie Chocolate Bar Single 40g,£0.85,£2.12/100g,"£5 Meal Deal Clubcard Price £5.50 Meal Deal Regular Price - Selected Drink + Snack + Tesco Finest* Or Branded Sandwich, Wrap, Roll, Salad Or Sushi",treats_snacks,2024-11-05
Mr Kipling Lemon Slice 8 Pack,£3.25,£0.41/each,null,treats_snacks,2024-11-05
Tesco Chocolate & Salted Caramel Rice Cakes 123G,£1.40,£1.14/100g,null,treats_snacks,2024-11-05
Tesco Salt & Vinegar Twirls 225G,£1.75,£0.78/100g,£1.55 Clubcard Price,treats_snacks,2024-11-05
Lindt Lindor Milk Chocolate Truffles 600G,£15.00,£2.50/100g,£13.00 Clubcard Price,treats_snacks,2024-11-05
Maltesers Truffles Milk Chocolate Gift Box Chocolates 336g,£8.00,£2.38/100g,£6.50 Clubcard Price,treats_snacks,2024-11-05
Ilchester Mini Cheese Selection 230G,£3.85,£16.74/kg,null,treats_snacks,2024-11-05
Magnum Double Gold Caramel Billionaire Ice Cream Sticks 3x85ml,£4.00,£1.57/100ml,Save 25% £3.00 Clubcard Price,treats_snacks,2024-11-05
Lindt Lindor Strawberry & Cream Truffles 200G,£6.30,£3.15/100g,£4.50 Clubcard Price,treats_snacks,2024-11-05
BelVita Breakfast Soft Bakes Strawberry Filled 5 Pack 250G,£2.95,£1.18/100g,null,treats_snacks,2024-11-05
Haagen-Dazs Belgian Chocolate Ice Cream 460Ml,£5.40,£1.17/100ml,null,treats_snacks,2024-11-05
Haagen-Dazs Pralines & Cream Ice Cream 460Ml,£5.40,£1.17/100ml,null,treats_snacks,2024-11-05
Jacob's Krackawheat Crackers 230g,£2.10,£0.91/100g,null,treats_snacks,2024-11-05
Tesco Unsalted Mixed Nuts & Raisins 250G,£2.00,£8.00/kg,null,treats_snacks,2024-11-05
Tesco Tropical Fruit Slurpers 4X90g,£2.25,£0.62/100g,null,treats_snacks,2024-11-05
Tesco Finest Bakewell Tarts 2 Pack,£2.45,£1.22/each,null,treats_snacks,2024-11-05
Stoats Raspberry & Honey Porridge Oat Bars 4 x 42g (168g),£2.30,£1.37/100g,£1.75 Clubcard Price,treats_snacks,2024-11-05
Mccoy's Classic Variety Potato Crisps 12 X 25G,null,null,null,treats_snacks,2024-11-05
Mr Kipling Apple & Blackcurrant Pies 6 Pack,£3.00,£0.50/each,null,treats_snacks,2024-11-05
Lotus Biscoff Caramelized Biscuit 250 g,£1.70,£0.68/100g,£1.40 Clubcard Price,treats_snacks,2024-11-05
nakd. Cocoa Orange Fruit & Nut Bars Multipack 4 x 35g,£3.00,£2.14/100g,null,treats_snacks,2024-11-05
Whitworths Chopped Dates 250G,£2.00,£8.00/kg,Any 2 for £3.20 Clubcard Price - Selected Whitworths Classics Multibuy 130g-350g,treats_snacks,2024-11-05
Tesco Unsalted Roasted Monkey Nuts 300G,£1.50,£5.00/kg,null,treats_snacks,2024-11-05
Tesco Chopped Mixed Nuts 200G,£1.75,£8.75/kg,null,treats_snacks,2024-11-05
Tesco Italian Mixed Peel 200G,£1.30,£6.50/kg,null,treats_snacks,2024-11-05
Aero Milk Chocolate Sharing Bar 90g,£1.50,£1.67/100g,null,treats_snacks,2024-11-05
Tesco Coconut Macaroons 6 Pack,£1.29,£0.22/each,null,treats_snacks,2024-11-05
Rowntree's Tropical Tots Sweets Sharing Bag 140g,£1.50,£1.07/100g,null,treats_snacks,2024-11-05
Burton Variety Bag Biscuits 16 Pack 317.6G,£2.25,£0.71/100g,null,treats_snacks,2024-11-05
Cadbury Dairy Milk OREO Chocolate Bar 120g,£1.65,£1.38/100g,null,treats_snacks,2024-11-05
Rakusens Traditional Matzos 200G,£1.45,£0.72/100g,null,treats_snacks,2024-11-05
Cadbury Dairy Milk Orange Chocolate Giant Buttons Bag 110G,£1.75,£1.59/100g,null,treats_snacks,2024-11-05
Pringles Pop & Go Original Snacks 40 G,£1.00,£2.50/100g,"£5 Meal Deal Clubcard Price £5.50 Meal Deal Regular Price - Selected Drink + Snack + Tesco Finest* Or Branded Sandwich, Wrap, Roll, Salad Or Sushi",treats_snacks,2024-11-05
Walkers Baked Salted Grab Bag Crisps 37.5g,£1.10,£2.93/100g,"£5 Meal Deal Clubcard Price £5.50 Meal Deal Regular Price - Selected Drink + Snack + Tesco Finest* Or Branded Sandwich, Wrap, Roll, Salad Or Sushi",treats_snacks,2024-11-05
Mr Kipling Deliciously Good Chocolate Cake Slices X6,£2.50,£0.42/each,£1.50 Clubcard Price,treats_snacks,2024-11-05
Ryvita Pumpkin Seed & Oat Crisp Bread 200G,£2.00,£1.00/100g,null,treats_snacks,2024-11-05
Mr Kipling 30% Less Sugar 6 Bramley Apple Pies,£3.00,£0.50/each,null,treats_snacks,2024-11-05
Rowntree's Randoms Juicers Sweets Sharing Bag 140g,£1.50,£1.07/100g,null,treats_snacks,2024-11-05
Rowntrees Fruit Pastilles Giant Tube 115G,£1.50,£1.30/100g,£1.25 Clubcard Price,treats_snacks,2024-11-05
Tesco Mini Chocolate Spekulatius 150G,£1.20,£0.80/100g,null,treats_snacks,2024-11-05
Toblerone Orange Twist Milk Chocolate Bar 360g,£6.00,£1.67/100g,£4.25 Clubcard Price,treats_snacks,2024-11-05
Cadbury Twirl Orange Chocolate Bar 43g,£0.85,£1.98/100g,"£5 Meal Deal Clubcard Price £5.50 Meal Deal Regular Price - Selected Drink + Snack + Tesco Finest* Or Branded Sandwich, Wrap, Roll, Salad Or Sushi",treats_snacks,2024-11-05
Mr Kipling Chocolate Slice 8 Pack,£3.25,£0.41/each,null,treats_snacks,2024-11-05
Tesco Dairy Fudge 175G,£1.10,£0.63/100g,null,treats_snacks,2024-11-05
Tesco 6 Lemon Cake Slices 160G,£1.10,£0.69/100g,null,treats_snacks,2024-11-05
Lindt Lindor Limited Edition 337G,£10.00,£2.97/100g,Save 25% £7.40 Clubcard Price,treats_snacks,2024-11-05
Sour Patch Kids Original Sweets Sharing Carton 350g,£4.50,£1.29/100g,Save 1/3 £3.00 Clubcard Price,treats_snacks,2024-11-05
Lily O'Brien's Desserts Collection 210G,£7.50,£3.57/100g,£6.00 Clubcard Price,treats_snacks,2024-11-05
Lindt Lindor Double Chocolate Truffles 200G,£6.30,£3.15/100g,£4.50 Clubcard Price,treats_snacks,2024-11-05
Haagen-Dazs Strawberry Cheesecake Ice Cream 460Ml,£5.40,£1.17/100ml,null,treats_snacks,2024-11-05
Bendicks Mint Collection Boxed Carton 400G,£11.00,£2.75/100g,£6.00 Clubcard Price,treats_snacks,2024-11-05
Bear Bites Strawberry & Butternut Squash 5 Pack,£2.85,£3.17/100g,Any 3 for 2 Clubcard Price - Cheapest Product Free - Selected Kids Snacking,treats_snacks,2024-11-05
Organix Banana & Date 6 X 17G,£2.80,£2.74/100g,£2.50 Clubcard Price,treats_snacks,2024-11-05
Old El Paso Nachips Original 185G,£2.00,£1.08/100g,null,treats_snacks,2024-11-05
Tesco Cookie Dough Ice Cream 480Ml,£2.75,£0.57/100ml,null,treats_snacks,2024-11-05
Lindt Lindor Milk Chocolate Truffles Cracker 100G,£3.50,£3.50/100g,£3.00 Clubcard Price,treats_snacks,2024-11-05
Extra Refreshers Strawberry Lemon Sugar Free Chewing Gum Bottle 30 Pieces 67G,£2.75,£4.10/100g,null,treats_snacks,2024-11-05
Mentos Pure Fresh Spearmint Gum 35 Pieces 70G,£2.00,£2.86/100g,null,treats_snacks,2024-11-05
Ferrero Rocher Original Milk Chocolate Bar 90G,£2.45,£2.72/100g,null,treats_snacks,2024-11-05
Mentos Pure Fresh Bubble Fresh Gum 35 Pieces 70G,£2.00,£2.86/100g,null,treats_snacks,2024-11-05
Mentos Pure Fresh Fresh Mint Gum 35 Pieces 70G,£2.00,£2.86/100g,null,treats_snacks,2024-11-05
Whitworths Stoned Sayer Dates 300G,£2.00,£6.67/kg,Any 2 for £3.20 Clubcard Price - Selected Whitworths Classics Multibuy 130g-350g,treats_snacks,2024-11-05
Mentos Pure Fresh Cherry Gum 35 Pieces 68G,£2.00,£2.94/100g,null,treats_snacks,2024-11-05
Mentos Pure Fresh Tropical Gum 35 Pieces 70G,£2.00,£2.86/100g,null,treats_snacks,2024-11-05
Lindt Teddy Crispy Bites 120G,£3.50,£2.92/100g,£3.00 Clubcard Price,treats_snacks,2024-11-05
Kellogg's Hot Fudge Sundae Pop Tarts 8X48g,£3.00,£0.78/100g,null,treats_snacks,2024-11-05
Whitworths Extra Juicy Sultanas 325G,£2.00,£6.15/kg,Any 2 for £3.20 Clubcard Price - Selected Whitworths Classics Multibuy 130g-350g,treats_snacks,2024-11-05
Ryvita Whole Grain Cracker Bread 125G,£1.60,£1.28/100g,null,treats_snacks,2024-11-05
Doritos Tortilla Chips Pepperoni Pizza Sharing Bag Crisps 180g,£2.50,£1.39/100g,£1.75 Clubcard Price,treats_snacks,2024-11-05
Butterkist Sweet & Salted Popcorn 100G,£2.00,£2.00/100g,£1.25 Clubcard Price,treats_snacks,2024-11-05
McVitie's Milk Chocolate Digestive Biscuits the Caramel One 250g,£1.90,£0.76/100g,null,treats_snacks,2024-11-05
Fibre One 90 Calorie Triple Choc Cake Bars 4 x 25g (100g),£1.60,£1.60/100g,null,treats_snacks,2024-11-05
Nairns Fruit And Seeded Oatcake 225G,£1.60,£0.71/100g,null,treats_snacks,2024-11-05
Cadbury Bournville Dark Chocolate Giant Buttons Bag 110g,£1.75,£1.59/100g,null,treats_snacks,2024-11-05
Ryvita Thins Sweet Chilli 125G,£2.20,£1.76/100g,null,treats_snacks,2024-11-05
Tesco Chocolate Brownie 240G,£1.60,£0.67/100g,null,treats_snacks,2024-11-05
Chewits Strawberry Single 30G,£0.45,£1.50/100g,null,treats_snacks,2024-11-05
Haribo Funtasia 150G,£1.25,£0.83/100g,null,treats_snacks,2024-11-05
Fry's Turkish Delight Chocolate Bar 51G,£0.80,£1.57/100g,"£5 Meal Deal Clubcard Price £5.50 Meal Deal Regular Price - Selected Drink + Snack + Tesco Finest* Or Branded Sandwich, Wrap, Roll, Salad Or Sushi",treats_snacks,2024-11-05
Snickers Milk Chocolate Bar 48G,£0.85,£1.77/100g,"£5 Meal Deal Clubcard Price £5.50 Meal Deal Regular Price - Selected Drink + Snack + Tesco Finest* Or Branded Sandwich, Wrap, Roll, Salad Or Sushi",treats_snacks,2024-11-05
Mrs Crimbles 6 Gluten Free Vegan Chocolate Macaroon 195G,£1.50,£0.77/100g,null,treats_snacks,2024-11-05
Walkers Squares Salt & Vinegar Grab Bag Crisps 40g,£1.00,£2.50/100g,"£5 Meal Deal Clubcard Price £5.50 Meal Deal Regular Price - Selected Drink + Snack + Tesco Finest* Or Branded Sandwich, Wrap, Roll, Salad Or Sushi",treats_snacks,2024-11-05
Walkers Prawn Cocktail Grab Bag Crisps 45g,£1.10,£2.44/100g,"£5 Meal Deal Clubcard Price £5.50 Meal Deal Regular Price - Selected Drink + Snack + Tesco Finest* Or Branded Sandwich, Wrap, Roll, Salad Or Sushi",treats_snacks,2024-11-05
Walkers Cheese & Onion Grab Bag Crisps 45g,£1.10,£2.44/100g,"£5 Meal Deal Clubcard Price £5.50 Meal Deal Regular Price - Selected Drink + Snack + Tesco Finest* Or Branded Sandwich, Wrap, Roll, Salad Or Sushi",treats_snacks,2024-11-05
Swizzels Luscious Lollies 176G,£1.25,£0.71/100g,null,treats_snacks,2024-11-05
Tesco Milk Chocolate Viennese Biscuits Thins 135G,£1.40,£1.04/100g,null,treats_snacks,2024-11-05
Chupa Chupa Melody Pops 15G,£0.35,£2.33/100g,null,treats_snacks,2024-11-05
Barratts Jumbo Soft Nougat 100G,£0.75,£0.75/100g,null,treats_snacks,2024-11-05
Tesco Mixed Fruit With Cranberry And Apricots 500G,£1.90,£3.80/kg,null,treats_snacks,2024-11-05
Lindt Lindor Assorted Chocolate Truffles 600G,£15.00,£2.50/100g,£13.00 Clubcard Price,treats_snacks,2024-11-05
Guylian Belgian Deluxe Assortment 369G,£12.50,£3.39/100g,£7.50 Clubcard Price,treats_snacks,2024-11-05
Lindt Lindor Assorted Chocolate Truffles 525G,£15.00,£2.86/100g,£12.00 Clubcard Price,treats_snacks,2024-11-05
Ferrero Rocher Present 225G,£9.00,£4.00/100g,null,treats_snacks,2024-11-05
Tesco Roasted Salted Cashew Nuts 350,£4.40,£12.57/kg,null,treats_snacks,2024-11-05
Ferrero Raffaello Coconut & Almond Pralines 230G,£6.00,£2.61/100g,£5.00 Clubcard Price,treats_snacks,2024-11-05
Tesco Hazelnuts 250G,£3.50,£14.00/kg,null,treats_snacks,2024-11-05
Carte D'or Mint Chocolate Chip Ice Cream Tub 900ml,£3.75,£0.42/100ml,Save 25% £2.75 Clubcard Price,treats_snacks,2024-11-05
Ferrero Rocher Grand Milk Chocolate Gift 125G,£6.50,£5.20/100g,£5.00 Clubcard Price,treats_snacks,2024-11-05
Kp Unsalted Peanuts 250G,£3.25,£13.00/kg,£2.75 Clubcard Price,treats_snacks,2024-11-05
Monty Bojangles Vegan Selection Truffles 135G,£3.95,£2.93/100g,£3.25 Clubcard Price,treats_snacks,2024-11-05
Maltesers Assorted Chocolate Truffles Gift Box 200g,£5.75,£2.88/100g,£4.00 Clubcard Price,treats_snacks,2024-11-05
Kinder Bueno Chocolate Wafer Bars 10 X 43G,£5.50,£1.28/100g,null,treats_snacks,2024-11-05
Bear Pure Fruit Yoyo Apple 5 X 20G,£2.85,£2.85/100g,Any 3 for 2 Clubcard Price - Cheapest Product Free - Selected Kids Snacking,treats_snacks,2024-11-05
Bear Pure Fruit Yoyo Mango 5 X 20G,£2.85,£2.85/100g,Any 3 for 2 Clubcard Price - Cheapest Product Free - Selected Kids Snacking,treats_snacks,2024-11-05
Fruit Factory 4 Flavour Fruit Twists 5 X 18G,£2.45,£27.22/kg,£1.95 Clubcard Price,treats_snacks,2024-11-05
Dr Karg Organic Cheese & Pumpkin Seed Crisp Bread 200G,£2.50,£1.25/100g,null,treats_snacks,2024-11-05
Nutella Biscuits 20 Pieces 276G,£3.65,£1.32/100g,null,treats_snacks,2024-11-05
Tesco Finest Quadruple Chocolate Cookies 200G,£2.10,£1.05/100g,null,treats_snacks,2024-11-05
Cadbury Dairy Milk Crunchie Bits Chocolate Bar 180g,£2.50,£1.39/100g,£2.00 Clubcard Price,treats_snacks,2024-11-05
Toffee Crisp Milk Chocolate Bar Multipack 31g 9 Pack,£3.00,£1.08/100g,null,treats_snacks,2024-11-05
Barratt Mini Flumps 150G,£1.60,£1.07/100g,Save 25% £1.20 Clubcard Price,treats_snacks,2024-11-05
Polo Original Mint Tube Multipack 34g 4 Pack,£1.75,£1.29/100g,null,treats_snacks,2024-11-05
Munchies Milk Chocolate & Caramel Sharing Bag 104g,£1.65,£1.59/100g,null,treats_snacks,2024-11-05
Mentos Mint Chewy Sweets 5 X 38G,£1.80,£0.95/100g,null,treats_snacks,2024-11-05
Soreen Malt Loaf 390G,null,null,null,treats_snacks,2024-11-05
Galaxy Cookies 180G,£2.30,£1.28/100g,£1.35 Clubcard Price,treats_snacks,2024-11-05
Walkers Monster Munch Giants Roast Beef Sharing Bag Crisps 85g,£2.25,£2.65/100g,Save 1/3 £1.50 Clubcard Price,treats_snacks,2024-11-05
"Mini Babybel Light Cheese 6 Pack, 120 G",£2.15,£17.92/kg,£1.50 Clubcard Price,treats_snacks,2024-11-05
Cadbury White Giant Buttons Chocolate Bag 110g,£1.75,£1.59/100g,null,treats_snacks,2024-11-05
Mccoy's Flame Grilled Steak Grab Bag 45G,£1.10,£2.44/100g,"£5 Meal Deal Clubcard Price £5.50 Meal Deal Regular Price - Selected Drink + Snack + Tesco Finest* Or Branded Sandwich, Wrap, Roll, Salad Or Sushi",treats_snacks,2024-11-05
Tesco Fizzy Bubblegum Lances 75G,£0.75,£1.00/100g,null,treats_snacks,2024-11-05
Skittles Chewies Vegan Sweets Fruit Pouch Bag 137g,£1.25,£0.91/100g,null,treats_snacks,2024-11-05
Swizzels Curious Chews 171G,£1.25,£0.73/100g,null,treats_snacks,2024-11-05
Tesco Salted Caramel Fudge 125G,£1.20,£0.96/100g,null,treats_snacks,2024-11-05
Maltesers Kingsize 58.5G,£1.10,£1.88/100g,"£5 Meal Deal Clubcard Price £5.50 Meal Deal Regular Price - Selected Drink + Snack + Tesco Finest* Or Branded Sandwich, Wrap, Roll, Salad Or Sushi",treats_snacks,2024-11-05
Tesco Snack Pack Mango 35G,£1.00,£28.57/kg,Any 3 for 2 Clubcard Price - Cheapest Product Free - Selected Tesco Dried Fruit Or Nuts,treats_snacks,2024-11-05
Lindt Lindor Assorted Chocolate Truffle Carton 337G,£10.00,£2.97/100g,Save 25% £7.40 Clubcard Price,treats_snacks,2024-11-05
Tesco Sunflower Seeds 300G,£2.80,£9.33/kg,null,treats_snacks,2024-11-05
Lindt Dark Chocolate With Hazelnut Bar 150G,£4.25,£2.83/100g,£3.60 Clubcard Price,treats_snacks,2024-11-05
Tesco Wholefood Ready To Eat Prunes 1Kg,£6.25,£6.25/kg,null,treats_snacks,2024-11-05
Cadbury Mini Yule Log 5 Pack,£2.85,£0.57/each,£2.50 Clubcard Price,treats_snacks,2024-11-05
Carte D'or Strawberry Ice Cream Tub 900ml,£3.75,£0.42/100ml,Save 25% £2.75 Clubcard Price,treats_snacks,2024-11-05
Lindt Excellence Dark Chilli Chocolate Bar 100G,£3.00,£3.00/100g,£2.50 Clubcard Price,treats_snacks,2024-11-05
Peperami & Cheese Snack Box 50G,£1.65,£33.00/kg,null,treats_snacks,2024-11-05
Tesco Rocky Road Bites 195G,£2.75,£1.41/100g,£2.40 Clubcard Price,treats_snacks,2024-11-05
Tesco Whole Blanched Hazelnuts 100G,£2.10,£21.00/kg,null,treats_snacks,2024-11-05
Tesco Apple Fruit Slurper 4X90g,£2.25,£0.62/100g,null,treats_snacks,2024-11-05
Cadbury Dairy Milk Caramel Ice Cream 4 X 100Ml,£3.25,£0.81/100ml,null,treats_snacks,2024-11-05
Organix Apple Rice Cake Clouds 4 Pack 72G,£2.80,£38.89/kg,null,treats_snacks,2024-11-05
Bear Giant Yoyo Strawberry & Mango 5 X 20G,£2.85,£2.85/100g,Any 3 for 2 Clubcard Price - Cheapest Product Free - Selected Kids Snacking,treats_snacks,2024-11-05
Genius Gluten Free 2 Double Chocolate Muffins,£2.10,£1.05/each,null,treats_snacks,2024-11-05
Tesco Mixed Snacks 30 Pack 530G,£3.65,£0.69/100g,null,treats_snacks,2024-11-05
Mr Kipling 6 Festive Bakewell Tarts,£2.25,£0.38/each,£2.00 Clubcard Price,treats_snacks,2024-11-05
Graze Protein Oat Boosts Peanut Butter Flapjacks 4X 30G,£2.75,£2.29/100g,null,treats_snacks,2024-11-05
Kp Honey Roasted Peanuts 375G,£4.50,£12.00/kg,£3.50 Clubcard Price,treats_snacks,2024-11-05
Tesco Finest Parmesan & Garlic Twists 100G,£2.00,£2.00/100g,null,treats_snacks,2024-11-05
Burts Potato Chips Mature Cheddar & Onion 150G,£2.00,£1.33/100g,null,treats_snacks,2024-11-05
Elizabeth Shaw Mint Collection 200G,£5.00,£2.50/100g,£3.50 Clubcard Price,treats_snacks,2024-11-05
Tesco Blackcurrant Sundae Tarts 4 Pack,null,null,null,treats_snacks,2024-11-05
Doritos Tortilla Chips Triple Cheese Pizza Sharing Bag Crisps 180g,£2.50,£1.39/100g,£1.75 Clubcard Price,treats_snacks,2024-11-05
Finn Crisp Original Slims 200G,£1.40,£0.70/100g,null,treats_snacks,2024-11-05
Tesco Free From Cherry Bakewell Tarts 4 Pack,£2.10,£0.52/each,null,treats_snacks,2024-11-05
Ferrero Rocher 3 Pack 37.5G,£1.65,£4.40/100g,"£5 Meal Deal Clubcard Price £5.50 Meal Deal Regular Price - Selected Drink + Snack + Tesco Finest* Or Branded Sandwich, Wrap, Roll, Salad Or Sushi",treats_snacks,2024-11-05
Whitworths Sunny Fruit Mix Ups Apricot & Mango 4X18g,£1.25,£1.74/100g,null,treats_snacks,2024-11-05
Tesco French Toast 200G,£1.35,£0.68/100g,null,treats_snacks,2024-11-05
Tesco Free From Bourbon Creams 150G,£1.40,£0.93/100g,null,treats_snacks,2024-11-05
Cadbury Darkmilk Chocolate Giant Buttons Bag 105g,£1.75,£1.67/100g,null,treats_snacks,2024-11-05
Cadbury Oreo Bites Chocolate Bag 110g,null,null,null,treats_snacks,2024-11-05
Hula Hoops Big Hoops Salted Grab Bag 45G,£1.10,£2.44/100g,"£5 Meal Deal Clubcard Price £5.50 Meal Deal Regular Price - Selected Drink + Snack + Tesco Finest* Or Branded Sandwich, Wrap, Roll, Salad Or Sushi",treats_snacks,2024-11-05
Chewits Xtreme Sour Apple Stick 31G,£0.45,£1.32/100g,null,treats_snacks,2024-11-05
Extra Peppermint Sugarfree Chewing Gum 10 Pieces,£0.80,£0.08/each,null,treats_snacks,2024-11-05
Walkers Quavers Cheese Grab Bag Crisps 34g,£1.00,£2.94/100g,"£5 Meal Deal Clubcard Price £5.50 Meal Deal Regular Price - Selected Drink + Snack + Tesco Finest* Or Branded Sandwich, Wrap, Roll, Salad Or Sushi",treats_snacks,2024-11-05
Tesco Coated Peanuts Pigs In Blankets 200G,£1.30,£6.50/kg,null,treats_snacks,2024-11-05
Tesco Mini Gingerbread Men 100G,£1.20,£1.20/100g,null,treats_snacks,2024-11-05
Tesco Bacon Rashers 10 Pack 190G,£1.35,£0.71/100g,null,treats_snacks,2024-11-05
Tesco Whole Nut Milk Chocolate Bar 200G,£1.80,£0.90/100g,null,treats_snacks,2024-11-05
Grower's Harvest Trail Mix 300G,£1.29,£4.30/kg,null,treats_snacks,2024-11-05
Tesco Chocolate Limes 200G,£1.10,£0.55/100g,null,treats_snacks,2024-11-05
Linwoods Milled Organic Flaxseed 425G,£6.30,£14.82/kg,null,treats_snacks,2024-11-05
Tesco Wholefood Luxury Fruit & Nut Mix 300G,£4.20,£14.00/kg,null,treats_snacks,2024-11-05
Lindt Lindor Blood Orange Chocolate Truffles 200G,£6.30,£3.15/100g,£4.50 Clubcard Price,treats_snacks,2024-11-05
Lindt Teddy With Christmas Jumper Milk Chocolate 200G,£6.00,£3.00/100g,£5.00 Clubcard Price,treats_snacks,2024-11-05
Tesco Finest Red Velvet Cake,£3.50,£3.50/each,null,treats_snacks,2024-11-05
Tesco Brookie Bites 20 Pack,£2.75,£0.14/each,£2.40 Clubcard Price,treats_snacks,2024-11-05
Fruit Bowl Blackcurrant Peelers 5X16g,£2.75,£3.44/100g,null,treats_snacks,2024-11-05
Oreo Stick Sandwich 4X75ml,£3.50,£1.17/100ml,£3.00 Clubcard Price,treats_snacks,2024-11-05
Bear Giant Yoyo Apple & Blackcurrant 5 X 20G,£2.85,£2.85/100g,Any 3 for 2 Clubcard Price - Cheapest Product Free - Selected Kids Snacking,treats_snacks,2024-11-05
Cadbury Darkmilk Ice Cream Sticks 4X90ml,£3.50,£0.97/100ml,null,treats_snacks,2024-11-05
Jacob's Cornish Wafers Crackers 150g,£1.70,£1.13/100g,null,treats_snacks,2024-11-05
Tesco Hazelnuts 200G,£2.65,£13.25/kg,null,treats_snacks,2024-11-05
Tony's Chocolonely Milk Chocolate 180G,£3.50,£1.94/100g,null,treats_snacks,2024-11-05
Cadbury Milk Tray Chocolate Gift Box 530g,£9.00,£1.70/100g,£6.50 Clubcard Price,treats_snacks,2024-11-05
Jacob's Cheddars Red Leicester Flavour Cheese Biscuits 150g,£1.50,£1.00/100g,null,treats_snacks,2024-11-05
Airwaves Menthol & Eucalyptus Chewing Gum Bottle 46 Pieces,£1.99,£3.11/100g,null,treats_snacks,2024-11-05
Fulfil Chocolate Salted Caramel Vitamin & Protein Bar 40G,£2.00,£5.00/100g,"£5 Meal Deal Clubcard Price £5.50 Meal Deal Regular Price - Selected Drink + Snack + Tesco Finest* Or Branded Sandwich, Wrap, Roll, Salad Or Sushi",treats_snacks,2024-11-05
Tesco Figs 250G,£2.40,£9.60/kg,null,treats_snacks,2024-11-05
Kallo Veggie Cakes Beetroot & Balsamic 122G,£2.75,£2.25/100g,£2.00 Clubcard Price,treats_snacks,2024-11-05
Tesco Golden Flaxseeds 250G,£1.30,£5.20/kg,null,treats_snacks,2024-11-05
Tesco Peanut Cookies 200G,£1.35,£0.68/100g,null,treats_snacks,2024-11-05
Aero Bubbles Peppermint Mint Chocolate Sharing Bag 92g,£1.50,£1.63/100g,null,treats_snacks,2024-11-05
Tesco Chia Seeds 100G,£1.00,£10.00/kg,null,treats_snacks,2024-11-05
Cadbury Caramilk Golden Caramel Chocolate Buttons Bag 105g,£1.75,£1.67/100g,null,treats_snacks,2024-11-05
Tyrrells Mixed Root Vegetable Crisps 40G,£1.00,£2.50/100g,"£5 Meal Deal Clubcard Price £5.50 Meal Deal Regular Price - Selected Drink + Snack + Tesco Finest* Or Branded Sandwich, Wrap, Roll, Salad Or Sushi",treats_snacks,2024-11-05
Tesco Vanilla Viennese Biscuits Thins 125G,£1.40,£1.12/100g,null,treats_snacks,2024-11-05
Mccoy's Salt & Vinegar Grab Bag Crisps 45G,£1.10,£2.44/100g,"£5 Meal Deal Clubcard Price £5.50 Meal Deal Regular Price - Selected Drink + Snack + Tesco Finest* Or Branded Sandwich, Wrap, Roll, Salad Or Sushi",treats_snacks,2024-11-05
Nik Naks Nice 'N' Spicy Grab Bag Crisps 45G,£1.10,£2.44/100g,"£5 Meal Deal Clubcard Price £5.50 Meal Deal Regular Price - Selected Drink + Snack + Tesco Finest* Or Branded Sandwich, Wrap, Roll, Salad Or Sushi",treats_snacks,2024-11-05
Tesco Liquorice 250G,£1.10,£0.44/100g,null,treats_snacks,2024-11-05
Tesco Pumpkin Seeds Almond & Dark Chocolate Bars 140G,£1.70,£1.21/100g,null,treats_snacks,2024-11-05
Mars Duo Chocolate Bar 78.8g,£1.00,£1.27/100g,"£5 Meal Deal Clubcard Price £5.50 Meal Deal Regular Price - Selected Drink + Snack + Tesco Finest* Or Branded Sandwich, Wrap, Roll, Salad Or Sushi",treats_snacks,2024-11-05
Haribo Twin Snakes Fruit Flavour Gum 175G,£1.25,£0.71/100g,null,treats_snacks,2024-11-05
Reese's Peanut Butter Cups 2 Pack 42G,£0.80,£1.90/100g,"£5 Meal Deal Clubcard Price £5.50 Meal Deal Regular Price - Selected Drink + Snack + Tesco Finest* Or Branded Sandwich, Wrap, Roll, Salad Or Sushi",treats_snacks,2024-11-05
Walkers Wotsits Cheese Grab Bag Crisps 36g,£1.00,£2.78/100g,"£5 Meal Deal Clubcard Price £5.50 Meal Deal Regular Price - Selected Drink + Snack + Tesco Finest* Or Branded Sandwich, Wrap, Roll, Salad Or Sushi",treats_snacks,2024-11-05
Lindt Lindor Chocolate Treat Bar 38G,£1.00,£2.63/100g,"£5 Meal Deal Clubcard Price £5.50 Meal Deal Regular Price - Selected Drink + Snack + Tesco Finest* Or Branded Sandwich, Wrap, Roll, Salad Or Sushi",treats_snacks,2024-11-05
Nestle Yorkie Duo 72G,£1.10,£1.53/100g,"£5 Meal Deal Clubcard Price £5.50 Meal Deal Regular Price - Selected Drink + Snack + Tesco Finest* Or Branded Sandwich, Wrap, Roll, Salad Or Sushi",treats_snacks,2024-11-05
Cadbury Wispa Gold Chocolate & Caramel Bar Single 48g,£0.85,£1.77/100g,"£5 Meal Deal Clubcard Price £5.50 Meal Deal Regular Price - Selected Drink + Snack + Tesco Finest* Or Branded Sandwich, Wrap, Roll, Salad Or Sushi",treats_snacks,2024-11-05
Tesco Almonds 25G,£0.70,£28.00/kg,Any 3 for 2 Clubcard Price - Cheapest Product Free - Selected Tesco Dried Fruit Or Nuts,treats_snacks,2024-11-05
Tesco Fruit & Nut Snack Pot 55G,£1.00,£18.18/kg,Any 3 for 2 Clubcard Price - Cheapest Product Free - Selected Tesco Dried Fruit Or Nuts,treats_snacks,2024-11-05
Grower's Harvest Island Mix 300G,£1.29,£4.30/kg,null,treats_snacks,2024-11-05
Tesco Chocolate Fruit & Nut Mix Snack Pack 60G,£1.00,£16.67/kg,Any 3 for 2 Clubcard Price - Cheapest Product Free - Selected Tesco Dried Fruit Or Nuts,treats_snacks,2024-11-05
Tesco Wholefood Pistachio Nuts In Shell 250G,£3.70,£14.80/kg,null,treats_snacks,2024-11-05
Magnum Vegan Non Dairy Classic Ice Cream Sticks 3x90ml,£4.00,£1.48/100ml,null,treats_snacks,2024-11-05
Green & Black's Organic Classic Collection Chocolate Gift 180g,£6.50,£3.61/100g,null,treats_snacks,2024-11-05
Toffifee 3X125g,£5.00,£1.33/100g,£4.50 Clubcard Price,treats_snacks,2024-11-05
Kp Flavour Kravers Flamegrilled Steak Flavour Peanut 140G,£3.00,£2.14/100g,Save 1/3 £2.00 Clubcard Price,treats_snacks,2024-11-05
Bear Yoyo Sours Strawberry & Apple 5X20g,£2.85,£2.85/100g,Any 3 for 2 Clubcard Price - Cheapest Product Free - Selected Kids Snacking,treats_snacks,2024-11-05
Bear Bites Blackcurrant & Beetroot 5 X 18G,£2.85,£3.17/100g,Any 3 for 2 Clubcard Price - Cheapest Product Free - Selected Kids Snacking,treats_snacks,2024-11-05
KIND Dark Chocolate Nuts & Sea Salt bars Cereal bars 3x30g,£3.00,£3.33/100g,Save 1/3 £2.00 Clubcard Price,treats_snacks,2024-11-05
Whitworths Sunny Raisin 6 X42.5G,£2.40,£9.41/kg,Any 3 for 2 Clubcard Price - Cheapest Product Free - Selected Kids Snacking,treats_snacks,2024-11-05
Cornetto Soft Strawberry Ice Cream Cones 4x140ml,£3.75,£0.67/100ml,null,treats_snacks,2024-11-05
Oreo Ice Cream 480Ml,£3.50,£0.73/100ml,£2.50 Clubcard Price,treats_snacks,2024-11-05
Tesco Finest Free From Dark Chocolate Ginger Cookies 150G,£2.60,£1.73/100g,null,treats_snacks,2024-11-05
Gogo Squeez Fruit Snack Apple Mango 4X90g,£2.55,£0.71/100g,Any 3 for 2 Clubcard Price - Cheapest Product Free - Selected Kids Snacking,treats_snacks,2024-11-05
Tesco Organic Walnut Halves 100G,£2.10,£21.00/kg,null,treats_snacks,2024-11-05
Peperami Tender Jerky Original 50G,£2.15,£4.30/100g,null,treats_snacks,2024-11-05
Extra White Sugarfree Chewing Gum Bottle 46 Pieces,£1.99,£0.04/each,null,treats_snacks,2024-11-05
Tesco Flax Seeds 150G,£1.20,£8.00/kg,null,treats_snacks,2024-11-05
Haribo Starmix Multi Pack 352G,£3.00,£0.85/100g,null,treats_snacks,2024-11-05
Tesco 5 Banana Bites With A Yogurt Coating 125G,£2.00,£1.60/100g,null,treats_snacks,2024-11-05
Grenade Protein Bars Salted Caramel 35g,£2.00,£5.71/100g,"£5 Meal Deal Clubcard Price £5.50 Meal Deal Regular Price - Selected Drink + Snack + Tesco Finest* Or Branded Sandwich, Wrap, Roll, Salad Or Sushi",treats_snacks,2024-11-05
Schar Gluten Free Spekulatius Spiced Biscuits 100G,£1.50,£1.50/100g,null,treats_snacks,2024-11-05
Propercorn Lightly Sea Salted Popcorn 70 G,£1.90,£2.71/100g,null,treats_snacks,2024-11-05
Soreen White Chocolate & Raspberry Loaves 5 Pack 150G,£1.50,£1.00/100g,£1.25 Clubcard Price,treats_snacks,2024-11-05
Nutella & Go! Hazelnut Chocolate Spread and Breadsticks Snack Pot 1 x 48g,£1.35,£2.81/100g,"£5 Meal Deal Clubcard Price £5.50 Meal Deal Regular Price - Selected Drink + Snack + Tesco Finest* Or Branded Sandwich, Wrap, Roll, Salad Or Sushi",treats_snacks,2024-11-05
Reese's Peanut Butter Cup 5 Pack 77G,£1.50,£1.95/100g,Save 1/3 £1.00 Clubcard Price,treats_snacks,2024-11-05
Maynards Bassetts Wine Gums Juicies Sweets Bag 130G,£1.35,£1.04/100g,null,treats_snacks,2024-11-05
RYVITA Cracked Black Pepper Crispbread 200g,£2.00,£1.00/100g,null,treats_snacks,2024-11-05
Mr Kipling Deliciously Good Angel Cake Slices X6,£2.50,£0.42/each,£1.50 Clubcard Price,treats_snacks,2024-11-05
Extra Strawberry Sugarfree Chewing Gum 10 Pieces,£0.80,£0.08/each,null,treats_snacks,2024-11-05
Lindt Teddy Mini Truffles Sharing Bag 145G,£4.00,£2.76/100g,£3.45 Clubcard Price,treats_snacks,2024-11-05
Extra Cool Breeze Sugarfree Chewing Gum 10 Pieces,£0.80,£0.08/each,null,treats_snacks,2024-11-05
Walkers Baked Cheese & Onion Grab Bag Crisps 37.5g,£1.10,£2.93/100g,"£5 Meal Deal Clubcard Price £5.50 Meal Deal Regular Price - Selected Drink + Snack + Tesco Finest* Or Branded Sandwich, Wrap, Roll, Salad Or Sushi",treats_snacks,2024-11-05
Airwaves Menthol & Eucalyptus Sugarfree Chewing Gum 10 Pieces,£0.80,£0.08/each,null,treats_snacks,2024-11-05
Tesco Milk Chocolate Turkish Delight Thins 180G,£1.75,£0.97/100g,null,treats_snacks,2024-11-05
Tonys Chocolonely Milk Chocolate Bar 50G,£1.35,£2.70/100g,"£5 Meal Deal Clubcard Price £5.50 Meal Deal Regular Price - Selected Drink + Snack + Tesco Finest* Or Branded Sandwich, Wrap, Roll, Salad Or Sushi",treats_snacks,2024-11-05
Tony's Chocolonely Milk Caramel Seasalt47g,£1.35,£2.87/100g,"£5 Meal Deal Clubcard Price £5.50 Meal Deal Regular Price - Selected Drink + Snack + Tesco Finest* Or Branded Sandwich, Wrap, Roll, Salad Or Sushi",treats_snacks,2024-11-05
Walkers Salt & Vinegar Grab Bag Crisps 45g,£1.10,£2.44/100g,"£5 Meal Deal Clubcard Price £5.50 Meal Deal Regular Price - Selected Drink + Snack + Tesco Finest* Or Branded Sandwich, Wrap, Roll, Salad Or Sushi",treats_snacks,2024-11-05
Kinder Surprise Egg 20G,£1.10,£5.50/100g,95p Clubcard Price,treats_snacks,2024-11-05
Tesco Fruit & Nut Milk Chocolate 200G,£1.80,£0.90/100g,null,treats_snacks,2024-11-05
Tic Tac Fresh Mint 18G,£0.75,£4.17/100g,"£5 Meal Deal Clubcard Price £5.50 Meal Deal Regular Price - Selected Drink + Snack + Tesco Finest* Or Branded Sandwich, Wrap, Roll, Salad Or Sushi",treats_snacks,2024-11-05
Tesco Finest 4 Millionaire Shortbread Slices,£4.00,£4.00/each,null,treats_snacks,2024-11-05
Tesco Walnut Halves 250G,£3.60,£14.40/kg,null,treats_snacks,2024-11-05
Bear Yoyo Blackcurrant 9 Pack 180G,£4.65,£2.58/100g,null,treats_snacks,2024-11-05
Tesco Peanuts And Raisins 300G,£2.50,£8.33/kg,null,treats_snacks,2024-11-05
Tesco Free From Double Chocolate Mini Muffin 12 Pack,£3.00,£0.25/each,null,treats_snacks,2024-11-05
Tesco Finest Iced Rich Fruit Cake 150G,£3.25,£2.17/100g,null,treats_snacks,2024-11-05
Thorntons Continental Chocolate Collection 131G,£6.50,£4.96/100g,null,treats_snacks,2024-11-05
Magnum Mini Vegan Classic Vanilla & Almond 6 Pack 330Ml,£4.50,£1.36/100ml,null,treats_snacks,2024-11-05
Tesco Sesame Seeds 300G,£2.50,£8.33/kg,null,treats_snacks,2024-11-05
Ben & Jerry's Sundae Oh My Banoffee Pie Ice Cream Tub 427ml,£5.50,£1.29/100ml,null,treats_snacks,2024-11-05
Monty Bojangles Selection Of Cocoa Truffles 135G,£3.95,£2.93/100g,£3.25 Clubcard Price,treats_snacks,2024-11-05
Tesco Jumbo Peanuts 300G,£2.10,£7.00/kg,null,treats_snacks,2024-11-05
Bonne Maman Chocolate Madeleines 210G,£2.75,£1.31/100g,£2.00 Clubcard Price,treats_snacks,2024-11-05
Graze Marmite Crunch Sharing Bag 100G,£2.50,£25.00/kg,£1.50 Clubcard Price,treats_snacks,2024-11-05
Kp Chilli Peanuts 225G,£3.25,£14.44/kg,null,treats_snacks,2024-11-05
Maltesers White Chocolate Truffles Gift Box 200g,£5.75,£2.88/100g,£4.00 Clubcard Price,treats_snacks,2024-11-05
Walkers Max Strong Fiery Prawn Cocktail Sharing Bag Crisps 140g,£2.25,£1.61/100g,Save 25% £1.65 Clubcard Price,treats_snacks,2024-11-05
Organix Noughts & Crosses 4X15g,£2.30,£3.83/100g,null,treats_snacks,2024-11-05
Tesco Mixed Berries 25G,£0.70,£28.00/kg,Any 3 for 2 Clubcard Price - Cheapest Product Free - Selected Tesco Dried Fruit Or Nuts,treats_snacks,2024-11-05
nakd. Bakewell Tart Fruit & Nut Bars Multipack 4 x 35g,£3.00,£2.14/100g,null,treats_snacks,2024-11-05
Maoam Maomixx 350G,£3.00,£0.86/100g,null,treats_snacks,2024-11-05
Ferrero Rocher Boxed Chocolates 375G,£12.00,£3.20/100g,null,treats_snacks,2024-11-05
Tesco Giant Pretzels 200G,£1.65,£0.82/100g,£1.45 Clubcard Price,treats_snacks,2024-11-05
Tesco Sweet And Salty Pretzels 200G,£1.65,£0.82/100g,£1.45 Clubcard Price,treats_snacks,2024-11-05
Haribo Share The Happy Fizzy & Fruit Gums 352G,null,null,null,treats_snacks,2024-11-05
Thorntons Bites Caramel Shortcakes Milk Chocolate 10Pack,£2.00,£0.20/each,null,treats_snacks,2024-11-05
Haribo Starmix 400G,£2.75,£0.69/100g,null,treats_snacks,2024-11-05
Tesco Madeleines 400G,£2.50,£0.62/100g,null,treats_snacks,2024-11-05
Tesco Pigs In Blankets Combo Mix 150G,£1.75,£1.17/100g,£1.25 Clubcard Price,treats_snacks,2024-11-05
Galaxy Salted Caramel Cake Bars 5 Pack,£1.50,£0.30/each,null,treats_snacks,2024-11-05
Reese's Peanut Butter Cups Minis Unwrapped 90G,£1.75,£1.94/100g,£1.00 Clubcard Price,treats_snacks,2024-11-05
Mccoy's Cheddar & Onion Grab Bag Crisps 45G,£1.10,£2.44/100g,"£5 Meal Deal Clubcard Price £5.50 Meal Deal Regular Price - Selected Drink + Snack + Tesco Finest* Or Branded Sandwich, Wrap, Roll, Salad Or Sushi",treats_snacks,2024-11-05
Mccoy's Thai Sweet Chicken Grab Bag Crisps 45G,£1.10,£2.44/100g,"£5 Meal Deal Clubcard Price £5.50 Meal Deal Regular Price - Selected Drink + Snack + Tesco Finest* Or Branded Sandwich, Wrap, Roll, Salad Or Sushi",treats_snacks,2024-11-05
Extra White Bubblemint Sugarfree Chewing Gum 10 Pieces,£0.80,£0.08/each,null,treats_snacks,2024-11-05
Twix White Chocolate Biscuit Snack Bars Multipack Chocolate 9x20g,£2.50,£1.39/100g,null,treats_snacks,2024-11-05
Tesco Free From Bramley Apple Pies 4 Pack,£2.10,£0.52/each,null,treats_snacks,2024-11-05
Walkers Monster Munch Pickled Onion Crisps 40g,£1.00,£2.50/100g,"£5 Meal Deal Clubcard Price £5.50 Meal Deal Regular Price - Selected Drink + Snack + Tesco Finest* Or Branded Sandwich, Wrap, Roll, Salad Or Sushi",treats_snacks,2024-11-05
Cadbury Wispa Chocolate Duo Bar 47.4G,£1.15,£2.43/100g,"£5 Meal Deal Clubcard Price £5.50 Meal Deal Regular Price - Selected Drink + Snack + Tesco Finest* Or Branded Sandwich, Wrap, Roll, Salad Or Sushi",treats_snacks,2024-11-05
Tesco Lemon Curd Tarts 6 Pack,£0.95,£0.16/each,null,treats_snacks,2024-11-05
Guylian Seashells 500G Box,£11.00,£2.20/100g,£9.50 Clubcard Price,treats_snacks,2024-11-05
Guylian Seahorse 336G,£12.50,£3.72/100g,£7.00 Clubcard Price,treats_snacks,2024-11-05
Ben & Jerry's Caramel Brownie Party Ice Cream Tub 465ml,£5.20,£1.12/100ml,£3.00 Clubcard Price,treats_snacks,2024-11-05
Magnum Vegan Non Dairy Almond Ice Cream Sticks 3x90ml,£4.00,£1.48/100ml,null,treats_snacks,2024-11-05
Cadbury Caramel Ice Cream 480Ml,£3.50,£0.73/100ml,£3.00 Clubcard Price,treats_snacks,2024-11-05
Tesco Seedless Raisins 1Kg,£3.60,£3.60/kg,null,treats_snacks,2024-11-05
Terrys Chocolate Orange Truffles 200G,£5.00,£2.50/100g,£3.50 Clubcard Price,treats_snacks,2024-11-05
Tesco Organic Fair Trade Cashew Nuts 150G,£3.20,£21.33/kg,null,treats_snacks,2024-11-05
Kp Salted Peanuts Snack Packs 5 X 30G,£3.25,£2.17/100g,null,treats_snacks,2024-11-05
Haagen Dazs Salted Caramel Ice Cream Stick Bar 3X80ml,£4.25,£1.77/100ml,null,treats_snacks,2024-11-05
Cornetto Soft Cookie & Chocolate Ice Cream Cones 4x140ml,£3.75,£0.67/100ml,null,treats_snacks,2024-11-05
Tesco Strawberry & Banana Bars 5X30g,£2.15,£1.43/100g,null,treats_snacks,2024-11-05
nakd. Cocoa Delight Fruit & Nut Bars Multipack 4 x 35g,£3.00,£2.14/100g,null,treats_snacks,2024-11-05
Ferrero Rocher White Chocolate & Hazelnut Bar 90G,£2.45,£2.72/100g,null,treats_snacks,2024-11-05
Tesco Pecan Nuts 100G,£2.40,£24.00/kg,null,treats_snacks,2024-11-05
Tesco Poppy Seeds 100G,£1.20,£12.00/kg,null,treats_snacks,2024-11-05
Halo Top Gooey Brownie Stick 3X100ml,null,null,null,treats_snacks,2024-11-05
Tesco Finest Cornish Sea Salted Caramel Ice Cream 480Ml,£3.00,£0.62/100ml,null,treats_snacks,2024-11-05
McVitie's Original Jaffa Cake Bar Multipack 5 x 26.2g,£1.95,£0.39/each,£1.25 Clubcard Price,treats_snacks,2024-11-05
Tesco Chocolate Chip Madeleines 400G,£2.50,£0.62/100g,null,treats_snacks,2024-11-05
Propercorn Lightly Sea Salted 20G,£1.00,£5.00/100g,"£5 Meal Deal Clubcard Price £5.50 Meal Deal Regular Price - Selected Drink + Snack + Tesco Finest* Or Branded Sandwich, Wrap, Roll, Salad Or Sushi",treats_snacks,2024-11-05
Cadbury Raspberry Mini Roll 5 Pack,£2.00,£0.40/each,null,treats_snacks,2024-11-05
Tesco Free From Custard Creams 125G,£1.40,£1.12/100g,null,treats_snacks,2024-11-05
Mr Kipling 6 Apple & Blackcurrant Pie 30% Less Sugar,£3.00,£0.50/each,null,treats_snacks,2024-11-05
Maoam Pinballs Stick Pack 32G,£0.50,£1.56/100g,null,treats_snacks,2024-11-05
Bakery Delights Crisp Bakes 125G,£1.10,£0.88/100g,null,treats_snacks,2024-11-05
Tesco Mini Twist Selection 150G,£2.50,£1.67/100g,null,treats_snacks,2024-11-05
Kettle Chips Sea Salt & Balsamic Vinegar Crisps 40 G,£1.00,£2.50/100g,"£5 Meal Deal Clubcard Price £5.50 Meal Deal Regular Price - Selected Drink + Snack + Tesco Finest* Or Branded Sandwich, Wrap, Roll, Salad Or Sushi",treats_snacks,2024-11-05
Tesco Mixed Lebkuchen 600G,£2.25,£0.38/100g,null,treats_snacks,2024-11-05
Milliways Super Natural Gum Mighty Mint 19g,£1.00,£5.26/100g,90p Clubcard Price,treats_snacks,2024-11-05
Loacker Napolitaner Wafer 90G,£1.15,£1.28/100g,null,treats_snacks,2024-11-05
Extra Spearmint Sugarfree Chewing Gum 10 Pieces,£0.80,£0.08/each,null,treats_snacks,2024-11-05
Cadbury Twirl Chocolate Bar Single 43g,£0.85,£1.98/100g,"£5 Meal Deal Clubcard Price £5.50 Meal Deal Regular Price - Selected Drink + Snack + Tesco Finest* Or Branded Sandwich, Wrap, Roll, Salad Or Sushi",treats_snacks,2024-11-05
Toblerone White Chocolate Bar 360g,£6.00,£1.67/100g,£4.25 Clubcard Price,treats_snacks,2024-11-05
McVitie's Original Jaffa Cake Bar Multipack 10 x 24.5g,£2.75,£0.28/each,null,treats_snacks,2024-11-05
Cadbury Dairy Milk Marvellous Creations Jelly Candy Bar 47G,£0.85,£1.81/100g,"£5 Meal Deal Clubcard Price £5.50 Meal Deal Regular Price - Selected Drink + Snack + Tesco Finest* Or Branded Sandwich, Wrap, Roll, Salad Or Sushi",treats_snacks,2024-11-05
Galaxy Cookie Crumble & Milk Chocoalte Bar 114g,£1.35,£1.18/100g,null,treats_snacks,2024-11-05
Trebor Extra Strong Peppermint Mints Roll 41.3g,£0.75,£1.82/100g,"£5 Meal Deal Clubcard Price £5.50 Meal Deal Regular Price - Selected Drink + Snack + Tesco Finest* Or Branded Sandwich, Wrap, Roll, Salad Or Sushi",treats_snacks,2024-11-05
Gummi Zone Mega Pizza Sweet 7Slces 90G,£1.15,£1.28/100g,null,treats_snacks,2024-11-05
Kinder Snack Bar 21G,£0.35,£1.67/100g,null,treats_snacks,2024-11-05
Skittles Vegan Chewy Sweets Fruit Flavoured Bag 45g,£0.65,£1.44/100g,"£5 Meal Deal Clubcard Price £5.50 Meal Deal Regular Price - Selected Drink + Snack + Tesco Finest* Or Branded Sandwich, Wrap, Roll, Salad Or Sushi",treats_snacks,2024-11-05
Cadbury Dairy Milk Chocolate Duo Bar 54.4g,£1.15,£2.11/100g,"£5 Meal Deal Clubcard Price £5.50 Meal Deal Regular Price - Selected Drink + Snack + Tesco Finest* Or Branded Sandwich, Wrap, Roll, Salad Or Sushi",treats_snacks,2024-11-05
Tesco 18 Cupcakes,£7.50,£0.42/each,null,treats_snacks,2024-11-05
Lindt Master Chocolatier Collection 320G,£16.00,£5.00/100g,£12.50 Clubcard Price,treats_snacks,2024-11-05
Grenade Carb Killa Protein Bar - Chocolate Chip Salted Caramel 60g,£2.70,£4.50/100g,Save 25% £2.00 Clubcard Price,treats_snacks,2024-11-05
Nuii Salted Caramel Macadamia Ice Cream Sticks 3X90ml,£4.00,£1.48/100ml,Save 25% £3.00 Clubcard Price,treats_snacks,2024-11-05
Tesco Organic Mixed Nuts 200G,£3.30,£16.50/kg,null,treats_snacks,2024-11-05
Ben & Jerry's Sundae Cookie Vermonster Ice Cream Tub 427ml,£5.50,£1.29/100ml,null,treats_snacks,2024-11-05
Tesco Organic Brazil Nuts 100G,£2.10,£21.00/kg,null,treats_snacks,2024-11-05
Mrs Crimble's Classic Madeleine 180G,£2.50,£1.39/100g,£2.00 Clubcard Price,treats_snacks,2024-11-05
Genius Blueberry Muffin 2 Pack,£2.10,£1.05/each,null,treats_snacks,2024-11-05
Kinder Santa 110G,£3.50,£3.18/100g,null,treats_snacks,2024-11-05
Hubba Bubba Snappy Strawberry Bubblegum Mega Long Tape 56g,£1.75,£3.12/100g,null,treats_snacks,2024-11-05
Fibre One 90 Calorie Doughnut Chocolate Flavour 4X23g,£2.90,£3.15/100g,null,treats_snacks,2024-11-05
Candy Kittens Wild Strawberry Sweets 140G,£2.50,£1.79/100g,null,treats_snacks,2024-11-05
Crosta & Mollica Tarallini Fennel Seed 170G,£1.90,£1.12/100g,£1.60 Clubcard Price,treats_snacks,2024-11-05
Jordans Frusli Bars Cranberry & Apple 6X30g,£2.30,£1.28/100g,Save 1/3 £1.50 Clubcard Price,treats_snacks,2024-11-05
Buttermilk Plant Caramel Nougat Dairy Free Bar 50G,£1.70,£3.40/100g,null,treats_snacks,2024-11-05
Peperami Roasted Chicken Bites 4X25g,£2.00,£2.00/100g,Save 25% £1.50 Clubcard Price,treats_snacks,2024-11-05
Tesco Free From Jam Tarts 6 Pack,£2.10,£0.35/each,null,treats_snacks,2024-11-05
Love Corn Sea Salt 115G,£2.20,£1.91/100g,null,treats_snacks,2024-11-05
Cadbury Wispa Gold Chocolate Bar 4 Pack Multipack 153.2g,£1.75,£1.14/100g,null,treats_snacks,2024-11-05
Tesco Flapjack 240G,£1.60,£0.67/100g,null,treats_snacks,2024-11-05
Kinder Surprise Egg 100G,£5.00,£5.00/100g,null,treats_snacks,2024-11-05
Pez Fruit Mix Candy 6 Pack 51G,£1.10,£2.16/100g,null,treats_snacks,2024-11-05
Propercorn Sweet & Salty 30G,£1.00,£3.33/100g,"£5 Meal Deal Clubcard Price £5.50 Meal Deal Regular Price - Selected Drink + Snack + Tesco Finest* Or Branded Sandwich, Wrap, Roll, Salad Or Sushi",treats_snacks,2024-11-05
Milliways Super Natural Gum Watermelon 19g,£1.00,£5.26/100g,90p Clubcard Price,treats_snacks,2024-11-05
Mccoy's Sizzling King Prawn Grab Bag Crisps 45G,£1.10,£2.44/100g,"£5 Meal Deal Clubcard Price £5.50 Meal Deal Regular Price - Selected Drink + Snack + Tesco Finest* Or Branded Sandwich, Wrap, Roll, Salad Or Sushi",treats_snacks,2024-11-05
Milliways Super Natural Gum Peppermint 19g,£1.00,£5.26/100g,90p Clubcard Price,treats_snacks,2024-11-05
Walkers Lightly Salted Less Salt Grab Bag Crisps 45g,null,null,"£5 Meal Deal Clubcard Price £5.50 Meal Deal Regular Price - Selected Drink + Snack + Tesco Finest* Or Branded Sandwich, Wrap, Roll, Salad Or Sushi",treats_snacks,2024-11-05
Walkers Mild Cheese & Onion Less Salt Grab Bag Crisps 45g,£1.10,£2.44/100g,"£5 Meal Deal Clubcard Price £5.50 Meal Deal Regular Price - Selected Drink + Snack + Tesco Finest* Or Branded Sandwich, Wrap, Roll, Salad Or Sushi",treats_snacks,2024-11-05
Skittles Squishy Cloudz Chewy Sweets Fruit Flavoured 94g,£1.25,£1.33/100g,null,treats_snacks,2024-11-05
Reese's Nutrageous Chocolate 47G,£0.80,£1.70/100g,"£5 Meal Deal Clubcard Price £5.50 Meal Deal Regular Price - Selected Drink + Snack + Tesco Finest* Or Branded Sandwich, Wrap, Roll, Salad Or Sushi",treats_snacks,2024-11-05
Haribo Fruitilicious 42G,£0.60,£1.43/100g,"£5 Meal Deal Clubcard Price £5.50 Meal Deal Regular Price - Selected Drink + Snack + Tesco Finest* Or Branded Sandwich, Wrap, Roll, Salad Or Sushi",treats_snacks,2024-11-05
"Tesco Collection Milk, Dark & White Chocolate 360G",£3.90,£1.08/100g,null,treats_snacks,2024-11-05
Kellogg's Strawberry Winders 17G,£0.45,£2.65/100g,null,treats_snacks,2024-11-05
Kinder Bueno Bar 43G,£0.85,£1.98/100g,"£5 Meal Deal Clubcard Price £5.50 Meal Deal Regular Price - Selected Drink + Snack + Tesco Finest* Or Branded Sandwich, Wrap, Roll, Salad Or Sushi",treats_snacks,2024-11-05
Thorntons Continental Collection Gift Wrapped 264G,£11.00,£4.17/100g,Save 25% £8.25 Clubcard Price,treats_snacks,2024-11-05
Tesco Brazil Nuts 250G,£3.55,£14.20/kg,null,treats_snacks,2024-11-05
Bear Yoyo Mango 9Pack 180G,£4.65,£2.58/100g,null,treats_snacks,2024-11-05
Nutella B-Ready Chocolate Wafers 15 X 22G,£5.00,£1.52/100g,null,treats_snacks,2024-11-05
Forest Feast Preda Fair-Trade Dried Mango 100G,null,null,null,treats_snacks,2024-11-05
BelVita Breakfast Soft Bakes Apricot Filled 5 Pack 250G,£2.95,£1.18/100g,null,treats_snacks,2024-11-05
Cadbury Dairy Milk Ice Cream Tub 480Ml,£3.50,£0.73/100ml,£3.00 Clubcard Price,treats_snacks,2024-11-05
Tesco Crispy Caramel Bites 20 Pack,£2.75,£0.14/each,£2.40 Clubcard Price,treats_snacks,2024-11-05
Lindt Classic Recipe Vegan Smooth Chocolate 100G,£3.40,£3.40/100g,null,treats_snacks,2024-11-05
Tesco Chocolate Fudge Brownie Ice Cream 480Ml,£2.75,£0.57/100ml,null,treats_snacks,2024-11-05
KIND Protein Crunchy Peanut Butter Snack bars 3x42g,£3.50,£2.78/100g,null,treats_snacks,2024-11-05
Dina Handmade Classic Baklawa Selection 200G,£2.50,£1.25/100g,null,treats_snacks,2024-11-05
Tesco Cashew Nuts & Raisins 200G,£2.00,£10.00/kg,null,treats_snacks,2024-11-05
Grenade Carb Killa Protein Bar - White Chocolate Cookie 60g,£2.70,£4.50/100g,Save 25% £2.00 Clubcard Price,treats_snacks,2024-11-05
Tesco Finest Chocolate Orange Cookies 200G,£2.10,£1.05/100g,null,treats_snacks,2024-11-05
Candy Kitten Sour Watermelon Sweets 140G,£2.50,£1.79/100g,null,treats_snacks,2024-11-05
Fulfil Peanut & Caramel Vitamin & Protein Bar 40G,£2.00,£5.00/100g,"£5 Meal Deal Clubcard Price £5.50 Meal Deal Regular Price - Selected Drink + Snack + Tesco Finest* Or Branded Sandwich, Wrap, Roll, Salad Or Sushi",treats_snacks,2024-11-05
Ferrero Rocher Hazelnut Dark 55% Chocolate Bar 90G,£2.45,£2.72/100g,null,treats_snacks,2024-11-05
Halo Top Peanut Butter Swirl Sticks 3 X 100Ml,£4.00,£1.33/100ml,null,treats_snacks,2024-11-05
Haribo Tangfastics 400G,£2.75,£0.69/100g,null,treats_snacks,2024-11-05
Tesco Free From 4 Caramelised Apple Crumble Pies,£1.95,£0.49/each,null,treats_snacks,2024-11-05
Peperami Tikka Chicken Bites 4X25g,£2.00,£2.00/100g,Save 25% £1.50 Clubcard Price,treats_snacks,2024-11-05
Popworks Sweet & Salty Sharing Bag Popped Crisps 85g,£2.00,£2.35/100g,null,treats_snacks,2024-11-05
Mentos Mint Roll 38G,£0.90,£2.37/100g,"£5 Meal Deal Clubcard Price £5.50 Meal Deal Regular Price - Selected Drink + Snack + Tesco Finest* Or Branded Sandwich, Wrap, Roll, Salad Or Sushi",treats_snacks,2024-11-05
Maltesers Mint Chocolate Mini Reindeers 59G,£1.50,£2.54/100g,£1.35 Clubcard Price,treats_snacks,2024-11-05
Peperami Original Salami 22.5G,£1.30,£5.78/100g,"£5 Meal Deal Clubcard Price £5.50 Meal Deal Regular Price - Selected Drink + Snack + Tesco Finest* Or Branded Sandwich, Wrap, Roll, Salad Or Sushi",treats_snacks,2024-11-05
Wrigley's Extra Sugar Free Watermelon Gum 10 Pieces 14G,£0.80,£5.71/100g,null,treats_snacks,2024-11-05
"Twix Salted Caramel & Milk Chocolate Fingers Biscuit Bars Multipack, 9x20g",£2.50,£1.39/100g,null,treats_snacks,2024-11-05
Lindt Lindor Salted Caramel Milk Chocolate Bar 38G,£1.00,£2.63/100g,"£5 Meal Deal Clubcard Price £5.50 Meal Deal Regular Price - Selected Drink + Snack + Tesco Finest* Or Branded Sandwich, Wrap, Roll, Salad Or Sushi",treats_snacks,2024-11-05
Extra Ice Peppermint Sugarfree Chewing Gum 10 Pieces,£0.80,£5.71/100g,null,treats_snacks,2024-11-05
Tesco Garibaldi Biscuits 200G,£1.25,£0.62/100g,null,treats_snacks,2024-11-05
Peperami Tikka Chicken Bites 50G,£1.00,£2.00/100g,null,treats_snacks,2024-11-05
Smarties Milk Chocolate Giant Tube 120G,£1.50,£1.25/100g,£1.25 Clubcard Price,treats_snacks,2024-11-05
Tic Tac Sugar Free Fresh Strong Mint 16.4G,£1.10,£6.71/100g,"£5 Meal Deal Clubcard Price £5.50 Meal Deal Regular Price - Selected Drink + Snack + Tesco Finest* Or Branded Sandwich, Wrap, Roll, Salad Or Sushi",treats_snacks,2024-11-05
Yorkie Raisin & Biscuit Duo Chocolate Bar 66g,£1.10,£1.67/100g,"£5 Meal Deal Clubcard Price £5.50 Meal Deal Regular Price - Selected Drink + Snack + Tesco Finest* Or Branded Sandwich, Wrap, Roll, Salad Or Sushi",treats_snacks,2024-11-05
Cadbury Boost Duo Chocolate Bar 63g,£1.15,£1.82/100g,"£5 Meal Deal Clubcard Price £5.50 Meal Deal Regular Price - Selected Drink + Snack + Tesco Finest* Or Branded Sandwich, Wrap, Roll, Salad Or Sushi",treats_snacks,2024-11-05
Kit Kat 4 Finger Milk Chocolate Bar 41.5g,£0.75,£1.81/100g,"£5 Meal Deal Clubcard Price £5.50 Meal Deal Regular Price - Selected Drink + Snack + Tesco Finest* Or Branded Sandwich, Wrap, Roll, Salad Or Sushi",treats_snacks,2024-11-05
Nomo Chocolate Cookie Dough Reindeer 30G,£0.95,£3.17/100g,null,treats_snacks,2024-11-05
Lion White Duo Chocolate Bar 60g,£1.00,£1.67/100g,"£5 Meal Deal Clubcard Price £5.50 Meal Deal Regular Price - Selected Drink + Snack + Tesco Finest* Or Branded Sandwich, Wrap, Roll, Salad Or Sushi",treats_snacks,2024-11-05
Tesco Finest Fruit & Nut 190G,£3.70,£19.47/kg,null,treats_snacks,2024-11-05
Tesco Almonds 250G,£3.10,£12.40/kg,null,treats_snacks,2024-11-05
Tesco Organic Walnuts 100G,£3.00,£30.00/kg,null,treats_snacks,2024-11-05
Wholefoods Goji Berry 200G,£3.80,£19.00/kg,null,treats_snacks,2024-11-05
Tesco Finest Free From Millionaire Slices 4 Pack,£3.50,£0.88/each,null,treats_snacks,2024-11-05
Tesco Toasted 3 Seed Mix 300G,£3.10,£10.33/kg,null,treats_snacks,2024-11-05
Tesco Organic Dried Mango 100G,£2.80,£28.00/kg,null,treats_snacks,2024-11-05
Tesco Finest Belgian Chocolate Selection 200G,£6.10,£3.05/100g,null,treats_snacks,2024-11-05
Fox's Fabulous Viennese Biscuit Selection 350G,£5.00,£1.43/100g,null,treats_snacks,2024-11-05
Oggs Vegan Mini Vanilla Cupcakes 9 Pack 180G,£4.00,£2.22/100g,null,treats_snacks,2024-11-05
BelVita Breakfast Biscuits Yogurt Crunch 5 Pack 253G,£2.75,£1.09/100g,£1.75 Clubcard Price,treats_snacks,2024-11-05
Fruit Bowl Unicorn Fruit Flakes 5X18g,£2.25,£2.50/100g,null,treats_snacks,2024-11-05
Wild West Original Beef Jerky 60G,£3.00,£5.00/100g,null,treats_snacks,2024-11-05
Tesco Mango & Banana Bars 5 X 30G,£2.15,£1.43/100g,null,treats_snacks,2024-11-05
TREK Original Oat Protein Flapjacks Multipack 3 x 50g,£3.60,£2.40/100g,£2.50 Clubcard Price,treats_snacks,2024-11-05
Tesco Roasted Salted Pistachio Kernels 100G,£3.30,£33.00/kg,null,treats_snacks,2024-11-05
Kp Snack Packs Dry Roasted Peanuts 5 X 30G,£3.25,£2.17/100g,null,treats_snacks,2024-11-05
Stoats Blueberry & Honey Porridge Oat Bars 4 x 42g (168g),£2.30,£1.37/100g,£1.75 Clubcard Price,treats_snacks,2024-11-05
Cadbury Boost Ice Cream Sticks 4X90ml,null,null,null,treats_snacks,2024-11-05
Tesco Goji Berries 100G,£2.00,£20.00/kg,null,treats_snacks,2024-11-05
Cornetto Non Dairy Vegan Gluten Free Soy Vanilla Ice Cream Cone 4x90ml,£3.00,£0.83/100ml,null,treats_snacks,2024-11-05
Tesco Organic Almonds 200 G,£3.30,£16.50/kg,null,treats_snacks,2024-11-05
Extra Refreshers Tropical Chewing Gum Bottle 30 Pieces,£2.75,£4.10/100g,null,treats_snacks,2024-11-05
Grenade Carb Killa Protein Bar - White Chocolate Salted Peanut 60g,null,null,Save 25% £2.00 Clubcard Price,treats_snacks,2024-11-05
nakd. Cashew Cookie Fruit & Nut Bars Multipack 4 x 35g,£3.00,£2.14/100g,null,treats_snacks,2024-11-05
Squashies Drumstick Minis 280G,£2.55,£0.91/100g,null,treats_snacks,2024-11-05
Gummi Zone Fast Food Mix 172G,£2.20,£1.28/100g,null,treats_snacks,2024-11-05
Cadbury Caramilk Golden Caramel Chocolate Bar 160g,£2.50,£1.56/100g,£2.00 Clubcard Price,treats_snacks,2024-11-05
Peperami Red Hot Stick 22.5G,£1.30,£5.78/100g,"£5 Meal Deal Clubcard Price £5.50 Meal Deal Regular Price - Selected Drink + Snack + Tesco Finest* Or Branded Sandwich, Wrap, Roll, Salad Or Sushi",treats_snacks,2024-11-05
Tesco Free From 4 Chocolate Cupcakes,£2.90,£0.72/each,null,treats_snacks,2024-11-05
Smint Xxl Sugarfree Sweet Mint,£1.50,£4.29/100g,"£5 Meal Deal Clubcard Price £5.50 Meal Deal Regular Price - Selected Drink + Snack + Tesco Finest* Or Branded Sandwich, Wrap, Roll, Salad Or Sushi",treats_snacks,2024-11-05
Bounty Cookies 180G,£2.30,£1.28/100g,£1.35 Clubcard Price,treats_snacks,2024-11-05
Dubble Bubble Mini Gumball Machine 40G,£1.35,£3.38/100g,null,treats_snacks,2024-11-05
Airwaves Blackcurrant Gum 10 Pieces,£0.80,£5.71/100g,null,treats_snacks,2024-11-05
Hula Hoops Big Hopps Salt & Vinegar Grab Bag 45G,£1.10,£2.44/100g,"£5 Meal Deal Clubcard Price £5.50 Meal Deal Regular Price - Selected Drink + Snack + Tesco Finest* Or Branded Sandwich, Wrap, Roll, Salad Or Sushi",treats_snacks,2024-11-05
Haribo Sour Sparks 175G,£1.25,£0.71/100g,null,treats_snacks,2024-11-05
Extra Refreshers Tropical Sugarfree Chewing Gum Handy Box 7 pieces,£0.65,£4.17/100g,null,treats_snacks,2024-11-05
Ben & Jerry's Karamel Sutra Core Chocolate & Caramel Ice Cream Tub 465ml,£5.20,£1.12/100ml,£3.00 Clubcard Price,treats_snacks,2024-11-05
Ben & Jerry's Caramel Chew Chew Ice Cream Tub 465ml,£5.20,£1.12/100ml,£3.00 Clubcard Price,treats_snacks,2024-11-05
Tesco Organic Cranberries 100G,£2.80,£28.00/kg,null,treats_snacks,2024-11-05
Lindt Lindor Milk & White Chocolate Box 200G,£6.30,£3.15/100g,£4.50 Clubcard Price,treats_snacks,2024-11-05
Tesco Cashew & Raisins 200G,null,null,null,treats_snacks,2024-11-05
Lindt Hazelnut Milk Chocolate Bar 150G,£4.25,£2.83/100g,£3.60 Clubcard Price,treats_snacks,2024-11-05
Tesco Organic Raisins 375G,£2.80,£7.47/kg,null,treats_snacks,2024-11-05
Tesco Fruit & Seed Mix 300G,£3.10,£10.33/kg,null,treats_snacks,2024-11-05
Whitworths Californian Raisins 400G,£3.45,£8.62/kg,null,treats_snacks,2024-11-05
The Curators Original Salted Pork Puffs 25G,£1.25,£5.00/100g,null,treats_snacks,2024-11-05
Tesco Organic Fair Trade Brazil Nuts 150G,£3.15,£21.00/kg,null,treats_snacks,2024-11-05
Tesco 8 Cornflake Clusters,£1.40,£0.18/each,null,treats_snacks,2024-11-05
Haagen Dazs Mango & Raspberry Ice Cream Stick Bar 3X80ml,£4.25,£1.77/100ml,null,treats_snacks,2024-11-05
Toblerone Milk Chocolate Bar 200g,£4.00,£2.00/100g,£3.50 Clubcard Price,treats_snacks,2024-11-05
Tesco Raisin Mix 200G,£2.00,£10.00/kg,null,treats_snacks,2024-11-05
Tesco Finest Free From Triple Chocolate Cookies 150G,£2.60,£1.73/100g,null,treats_snacks,2024-11-05
Grenade Carb Killa Protein Bar - Jaffa Quake Chocolate Orange 60g,£2.70,£4.50/100g,Save 25% £2.00 Clubcard Price,treats_snacks,2024-11-05
Grenade Carb Killa Protein Bar - Dark Chocolate Mint 60g,null,null,Save 25% £2.00 Clubcard Price,treats_snacks,2024-11-05
Grenade Carb Killa Protein Bar - Caramel Chaos 60g,£2.70,£4.50/100g,Save 25% £2.00 Clubcard Price,treats_snacks,2024-11-05
Grenade Carb Killa Protein Bar - Peanut Nutter 60g,£2.70,£4.50/100g,Save 25% £2.00 Clubcard Price,treats_snacks,2024-11-05
Jacob's Cream Cracker Multipack 8 Snack Packs 185g,£2.10,£1.09/100g,null,treats_snacks,2024-11-05
Walkers Max Coated Peanuts Jalapeño & Cheese Sharing Bag 175g,£2.50,£14.29/kg,£1.50 Clubcard Price,treats_snacks,2024-11-05
Tesco Free From Chocolate Coated Honeycomb 119G,£2.20,£1.85/100g,null,treats_snacks,2024-11-05
Jacob's Mini Cheddars Original Snacks Grab Bag 45g,£1.00,£2.22/100g,"£5 Meal Deal Clubcard Price £5.50 Meal Deal Regular Price - Selected Drink + Snack + Tesco Finest* Or Branded Sandwich, Wrap, Roll, Salad Or Sushi",treats_snacks,2024-11-05
Love Corn Smoked Bbq 115G,£2.20,£1.91/100g,null,treats_snacks,2024-11-05
Extra Blueberry Flavour Sugarfree Chewing Gum 10 Pieces,£0.80,£5.71/100g,null,treats_snacks,2024-11-05
Popchips Bbq Popped Potato Chips 23G,£1.00,£4.35/100g,"£5 Meal Deal Clubcard Price £5.50 Meal Deal Regular Price - Selected Drink + Snack + Tesco Finest* Or Branded Sandwich, Wrap, Roll, Salad Or Sushi",treats_snacks,2024-11-05
Hershey's Cookie 'N' Cream White Chocolate 90G,£1.25,£1.39/100g,null,treats_snacks,2024-11-05
Extra White Sugarfree Chewing Gum 10 Pieces,£0.80,£0.08/each,null,treats_snacks,2024-11-05
Urban Fruit Snack Pack Mango 35G,£1.10,£3.14/100g,"£5 Meal Deal Clubcard Price £5.50 Meal Deal Regular Price - Selected Drink + Snack + Tesco Finest* Or Branded Sandwich, Wrap, Roll, Salad Or Sushi",treats_snacks,2024-11-05
"Love,Corn Bbq Roasted Corn Snack 45G",£1.10,£2.44/100g,"£5 Meal Deal Clubcard Price £5.50 Meal Deal Regular Price - Selected Drink + Snack + Tesco Finest* Or Branded Sandwich, Wrap, Roll, Salad Or Sushi",treats_snacks,2024-11-05
Candy Realms Candy Watches & Necklaces Fruit Flavour Sweets 102g,£1.00,£0.98/100g,null,treats_snacks,2024-11-05
Nature Valley Crunchy Oats & Honey 42g,£0.65,£1.55/100g,"£5 Meal Deal Clubcard Price £5.50 Meal Deal Regular Price - Selected Drink + Snack + Tesco Finest* Or Branded Sandwich, Wrap, Roll, Salad Or Sushi",treats_snacks,2024-11-05
Extra Refreshers Bubblemint Sugarfree Chewing Gum Handy Box 7 pieces,£0.65,£4.17/100g,null,treats_snacks,2024-11-05
Tesco Mini Chocolate Chip Penguin Biscuits 100G,£1.20,£1.20/100g,null,treats_snacks,2024-11-05
Kinder Bueno White 39G,£0.85,£2.18/100g,"£5 Meal Deal Clubcard Price £5.50 Meal Deal Regular Price - Selected Drink + Snack + Tesco Finest* Or Branded Sandwich, Wrap, Roll, Salad Or Sushi",treats_snacks,2024-11-05
"Linwoods Milled Flax, Nuts & Q10 360G",£6.20,£17.22/kg,£5.50 Clubcard Price,treats_snacks,2024-11-05
Lindt Lindor Milk Chocolate Truffles 500G,£15.00,£3.00/100g,£12.50 Clubcard Price,treats_snacks,2024-11-05
Ben & Jerry's Cookie Dough S'wich Up Vanilla Ice Cream Tub 465ml,£5.20,£1.12/100ml,£3.00 Clubcard Price,treats_snacks,2024-11-05
Tesco Chia Seeds 500G,£3.90,£7.80/kg,null,treats_snacks,2024-11-05
Dina Baklawa 350G,£5.00,£1.43/100g,null,treats_snacks,2024-11-05
Thorntons Classic Collection Milk White Dark Chocolate 262G,£9.50,£3.63/100g,null,treats_snacks,2024-11-05
Tesco Dried Mixed Fruit 1Kg,£3.40,£3.40/kg,null,treats_snacks,2024-11-05
Tesco Fruit Nut & Seed Mix 300G,£3.10,£10.33/kg,null,treats_snacks,2024-11-05
Nuii Coconut & Indian Mango Ice Cream 3X90ml,£4.00,£1.48/100ml,Save 25% £3.00 Clubcard Price,treats_snacks,2024-11-05
Whitworths Stoned Dates 350G,£2.00,£5.71/kg,Any 2 for £3.20 Clubcard Price - Selected Whitworths Classics Multibuy 130g-350g,treats_snacks,2024-11-05
Nuii Dark Chocolate & Berry Ice Cream Sticks 3X90ml,£4.00,£1.48/100ml,Save 25% £3.00 Clubcard Price,treats_snacks,2024-11-05
Tesco Chewy Dried Banana 200G,£3.80,£19.00/kg,null,treats_snacks,2024-11-05
Tesco Free From 5 Oaty Bakes 150G,£2.25,£1.50/100g,null,treats_snacks,2024-11-05
Buttermilk Plant Powered Vegan Chocolate Bombe 57G,£2.60,£4.56/100g,null,treats_snacks,2024-11-05
Daelmans Mini Caramel Stroopwafel 200G,£2.00,£1.00/100g,null,treats_snacks,2024-11-05
KIND Caramel Almond & Sea Salt cereal bars 3x30g,£3.00,£3.33/100g,Save 1/3 £2.00 Clubcard Price,treats_snacks,2024-11-05
Tesco Organic Cashew Nuts 100G,£2.10,£21.00/kg,null,treats_snacks,2024-11-05
Extra Refreshers Bubblemint Chewing Gum Bottle 30 Pieces,£2.75,£4.10/100g,null,treats_snacks,2024-11-05
Grenade Carb Killa Birthday Cake Protein Bar 60G,£2.70,£4.50/100g,Save 25% £2.00 Clubcard Price,treats_snacks,2024-11-05
Grenade Protein Bar - Fudged Up Fudge 60g,£2.70,£4.50/100g,Save 25% £2.00 Clubcard Price,treats_snacks,2024-11-05
Mallow & Marsh Vanilla Marshmallow Milk Chocolate 100G,£2.50,£2.50/100g,£1.75 Clubcard Price,treats_snacks,2024-11-05
Mallow & Marsh Raspberry Marshmallow Coat Dark Chocolate 100G,£2.50,£2.50/100g,£1.75 Clubcard Price,treats_snacks,2024-11-05
Tesco Free From Ginger Nuts 180G,£1.70,£0.94/100g,null,treats_snacks,2024-11-05
KIND Protein Crunchy Peanut Butter Snack bar 50G,£2.20,£4.40/100g,"£5 Meal Deal Clubcard Price £5.50 Meal Deal Regular Price - Selected Drink + Snack + Tesco Finest* Or Branded Sandwich, Wrap, Roll, Salad Or Sushi",treats_snacks,2024-11-05
Kettle Chips Mature Cheddar & Red Onion 40G,£1.00,£2.50/100g,"£5 Meal Deal Clubcard Price £5.50 Meal Deal Regular Price - Selected Drink + Snack + Tesco Finest* Or Branded Sandwich, Wrap, Roll, Salad Or Sushi",treats_snacks,2024-11-05
Skips Prawn Cocktail Grab Bag Crisps 35G,£1.10,£3.14/100g,"£5 Meal Deal Clubcard Price £5.50 Meal Deal Regular Price - Selected Drink + Snack + Tesco Finest* Or Branded Sandwich, Wrap, Roll, Salad Or Sushi",treats_snacks,2024-11-05
Graze Cocoa Vanilla & Protein Flapjack 50G,£1.20,£2.40/100g,"£5 Meal Deal Clubcard Price £5.50 Meal Deal Regular Price - Selected Drink + Snack + Tesco Finest* Or Branded Sandwich, Wrap, Roll, Salad Or Sushi",treats_snacks,2024-11-05
Graze Bbq Crunch 28G,£1.20,£4.29/100g,"£5 Meal Deal Clubcard Price £5.50 Meal Deal Regular Price - Selected Drink + Snack + Tesco Finest* Or Branded Sandwich, Wrap, Roll, Salad Or Sushi",treats_snacks,2024-11-05
Extra Apple Flavour Sugarfree Chewing Gum 10 Pieces,£0.80,£5.71/100g,null,treats_snacks,2024-11-05
Mallow & Marsh Raspberry Marshmallow & Dark Chocolate 35G,£1.35,£3.86/100g,"£5 Meal Deal Clubcard Price £5.50 Meal Deal Regular Price - Selected Drink + Snack + Tesco Finest* Or Branded Sandwich, Wrap, Roll, Salad Or Sushi",treats_snacks,2024-11-05
Graze Peanut Butter Flapjack 50G,£1.20,£2.40/100g,"£5 Meal Deal Clubcard Price £5.50 Meal Deal Regular Price - Selected Drink + Snack + Tesco Finest* Or Branded Sandwich, Wrap, Roll, Salad Or Sushi",treats_snacks,2024-11-05
Swizzels Drumsticks Squashies Original Bag 60G,£0.75,£1.25/100g,"£5 Meal Deal Clubcard Price £5.50 Meal Deal Regular Price - Selected Drink + Snack + Tesco Finest* Or Branded Sandwich, Wrap, Roll, Salad Or Sushi",treats_snacks,2024-11-05
"Love,Corn Sea Salt Roasted Corn Snack 45G",£1.10,£2.44/100g,"£5 Meal Deal Clubcard Price £5.50 Meal Deal Regular Price - Selected Drink + Snack + Tesco Finest* Or Branded Sandwich, Wrap, Roll, Salad Or Sushi",treats_snacks,2024-11-05
Mrs Crimble's 6 Gluten Free Coconut Macaroons 180G,£1.50,£0.83/100g,null,treats_snacks,2024-11-05
Walkers Monster Munch Roast Beef Crisps 40g,£1.00,£2.50/100g,"£5 Meal Deal Clubcard Price £5.50 Meal Deal Regular Price - Selected Drink + Snack + Tesco Finest* Or Branded Sandwich, Wrap, Roll, Salad Or Sushi",treats_snacks,2024-11-05
Nature Valley Protein Peanut & Chocolate Cereal Bars 40g,£1.00,£2.50/100g,"£5 Meal Deal Clubcard Price £5.50 Meal Deal Regular Price - Selected Drink + Snack + Tesco Finest* Or Branded Sandwich, Wrap, Roll, Salad Or Sushi",treats_snacks,2024-11-05
Maltesers Mini Reindeer 59G,£1.50,£2.54/100g,£1.35 Clubcard Price,treats_snacks,2024-11-05
Kit Kat Chunky Duo Milk Chocolate bar 64g,£1.10,£1.72/100g,"£5 Meal Deal Clubcard Price £5.50 Meal Deal Regular Price - Selected Drink + Snack + Tesco Finest* Or Branded Sandwich, Wrap, Roll, Salad Or Sushi",treats_snacks,2024-11-05
Naturya Organic Cacao Powder Fair Trade 250G,£6.50,£26.00/kg,null,treats_snacks,2024-11-05
Just Love Food Vegan Chocolate Cake,£8.00,£8.00/each,null,treats_snacks,2024-11-05
Naturya Organic Cacao Nibs 125G,£4.00,£32.00/kg,null,treats_snacks,2024-11-05
Linwoods Organic Flax Sunflower Seeds Berries 425G,£6.40,£15.06/kg,null,treats_snacks,2024-11-05
Tesco Organic Mixed Nuts 250G,£4.75,£19.00/kg,null,treats_snacks,2024-11-05
Linwoods Flax Seeds Biological Cultures & Vitamin D 200G,£4.40,£22.00/kg,null,treats_snacks,2024-11-05
Halo Top Sea Salt Caramel Ice Cream 473Ml,£5.25,£1.11/100ml,£3.75 Clubcard Price,treats_snacks,2024-11-05
Linwoods Organic Milled Hemp Flax & Chia Seeds 200G,£4.20,£21.00/kg,null,treats_snacks,2024-11-05
SCI-MX Protein Cookie - Double Chocolate 75g,£2.00,£2.67/100g,Save 25% £1.50 Clubcard Price,treats_snacks,2024-11-05
Oppo Gooey Chocolate Brownie Ice Cream 475Ml,£5.20,£1.10/100ml,£3.75 Clubcard Price,treats_snacks,2024-11-05
Tesco Organic Sultanas 375G,£2.80,£7.47/kg,null,treats_snacks,2024-11-05
Tesco Free From Flapjack Bites 20 Pack,£3.00,£0.15/each,null,treats_snacks,2024-11-05
Hackney Gelato Pistachio Almond & Lemon Gelato 460Ml,£5.00,£1.09/100ml,null,treats_snacks,2024-11-05
Tesco Currants 1Kg,£3.60,£3.60/kg,null,treats_snacks,2024-11-05
Hackney Gelato Chocolate & Roasted Hazelnut 460Ml,£5.00,£1.09/100ml,null,treats_snacks,2024-11-05
Oggs Vegan Victoria Sponge Cakes 4 Pack 184G,£4.00,£2.17/100g,null,treats_snacks,2024-11-05
Kings Wagyu Beef Jerky 45G,£3.00,£66.67/kg,null,treats_snacks,2024-11-05
Tesco Finest 9 Chocolate Selection Mini Cupcakes,£4.00,£0.44/each,null,treats_snacks,2024-11-05
KIND Maple Pecan & Almond Bars cereal bars 3x30g,£3.00,£3.33/100g,null,treats_snacks,2024-11-05
Haribo Fruitilicious Multipacks 320G,£3.00,£0.94/100g,null,treats_snacks,2024-11-05
Whitworths Chopped Apricots 140G,£2.00,£14.29/kg,Any 2 for £3.20 Clubcard Price - Selected Whitworths Classics Multibuy 130g-350g,treats_snacks,2024-11-05
Aero Festive Selection Box 360G,£5.00,£1.39/100g,£4.00 Clubcard Price,treats_snacks,2024-11-05
Mentos Spearmint 5 Pack 190G,£1.80,£0.95/100g,null,treats_snacks,2024-11-05
Tesco Chocolate Swirl Bites 8 Pack,£1.75,£0.22/each,£1.50 Clubcard Price,treats_snacks,2024-11-05
KIND Protein Dark Chocolate snack Bar 50g,£2.20,£4.40/100g,"£5 Meal Deal Clubcard Price £5.50 Meal Deal Regular Price - Selected Drink + Snack + Tesco Finest* Or Branded Sandwich, Wrap, Roll, Salad Or Sushi",treats_snacks,2024-11-05
Candy Kittens Wild Strawberry Gourmet Sweets 54G,£1.20,£2.22/100g,"£5 Meal Deal Clubcard Price £5.50 Meal Deal Regular Price - Selected Drink + Snack + Tesco Finest* Or Branded Sandwich, Wrap, Roll, Salad Or Sushi",treats_snacks,2024-11-05
Graze Marmite Crunch 28G,£1.20,£4.29/100g,"£5 Meal Deal Clubcard Price £5.50 Meal Deal Regular Price - Selected Drink + Snack + Tesco Finest* Or Branded Sandwich, Wrap, Roll, Salad Or Sushi",treats_snacks,2024-11-05
Character Surprise Egg 10G,£0.90,£9.00/100g,null,treats_snacks,2024-11-05
Tic Tac Sugar Free Fresh Grapefruit Mint 16.4G,£1.10,£6.71/100g,"£5 Meal Deal Clubcard Price £5.50 Meal Deal Regular Price - Selected Drink + Snack + Tesco Finest* Or Branded Sandwich, Wrap, Roll, Salad Or Sushi",treats_snacks,2024-11-05
Tic Tac Sugar Free Fresh Cool Cherry 16.4G,£1.10,£6.71/100g,"£5 Meal Deal Clubcard Price £5.50 Meal Deal Regular Price - Selected Drink + Snack + Tesco Finest* Or Branded Sandwich, Wrap, Roll, Salad Or Sushi",treats_snacks,2024-11-05
Lutti Bubblizz Jelly Bottle Bag 100g,£1.25,£1.25/100g,null,treats_snacks,2024-11-05
Graze Chilli & Lime Nuts 38G,£1.20,£3.16/100g,"£5 Meal Deal Clubcard Price £5.50 Meal Deal Regular Price - Selected Drink + Snack + Tesco Finest* Or Branded Sandwich, Wrap, Roll, Salad Or Sushi",treats_snacks,2024-11-05
Lindt Lindor Mini Milk Chocolate Truffles 80G,£2.50,£3.12/100g,£1.90 Clubcard Price,treats_snacks,2024-11-05
Tesco Protein Bites Peanut & Cocoa 45G,£0.90,£20.00/kg,null,treats_snacks,2024-11-05
Tesco Protein Bites Almond & Raspberry 45G,£0.90,£20.00/kg,null,treats_snacks,2024-11-05
Terry's Dark Chocolate Orange Ball 157G,£1.50,£0.96/100g,null,treats_snacks,2024-11-05
Mr Kipling Deliciously Good Mini Apple Pie 9Pk,£2.30,£0.26/each,null,treats_snacks,2024-11-05
Naturya Organic Hemp Protein Powder 300G,£12.00,£40.00/kg,null,treats_snacks,2024-11-05
Naturya Organic Turmeric Blend 250G,£8.00,£32.00/kg,null,treats_snacks,2024-11-05
Linwoods Shelled Hemp 200G,£5.70,£28.50/kg,null,treats_snacks,2024-11-05
Naturya Super Boost Breakfast Cacao 150G,£5.00,£33.33/kg,null,treats_snacks,2024-11-05
Naturya Super Food Breakfast Berries 150G,£5.00,£33.33/kg,null,treats_snacks,2024-11-05
Tesco Finest Chocolate And Salted Caramel Cake,£6.00,£6.00/each,null,treats_snacks,2024-11-05
Magnum Classic Ice Cream Sticks 6x100ml,£5.85,£0.98/100ml,£4.50 Clubcard Price,treats_snacks,2024-11-05
Naturya Organic Maca Powder 125G,£4.00,£32.00/kg,null,treats_snacks,2024-11-05
Naturya Organic Spirulina Powder 100G,£5.00,£50.00/kg,null,treats_snacks,2024-11-05
Tesco 6 Half & Half Cupcakes,£4.25,£0.71/each,null,treats_snacks,2024-11-05
Magnum White Chocolate Ice Cream Sticks 6x100ml,£5.85,£0.98/100ml,£4.50 Clubcard Price,treats_snacks,2024-11-05
Naturya Super Food Breakfast Seed Crunch 150G,£5.00,£33.33/kg,null,treats_snacks,2024-11-05
Forest Feast Tropical Dried Pineapple 120G,£3.90,£3.25/100g,null,treats_snacks,2024-11-05
Wild West Beef Jerky Honey & Bbq 60G,£3.00,£5.00/100g,null,treats_snacks,2024-11-05
Cruga Chilli Biltong Beef Gluten Free 60G,£3.00,£50.00/kg,null,treats_snacks,2024-11-05
Tesco Finest 9 Old School Pudding Mini Cupcakes,£4.00,£0.44/each,null,treats_snacks,2024-11-05
Cadbury Crunchie Cake Bars 5 Pack,£2.25,£0.45/each,Save 1/3 £1.50 Clubcard Price,treats_snacks,2024-11-05
Fridge Raiders Slow Roasted Chicken Bites 165G,£2.20,£1.33/100g,£1.95 Clubcard Price,treats_snacks,2024-11-05
Whitworths Fusions Watermelon Papaya 80G,£2.30,£28.75/kg,Any 2 for £3.20 Clubcard Price - Selected Whitworths Classics Multibuy 130g-350g,treats_snacks,2024-11-05
Whitworths Fusions Coconut Pineapple 80G,£2.30,£28.75/kg,Any 2 for £3.20 Clubcard Price - Selected Whitworths Classics Multibuy 130g-350g,treats_snacks,2024-11-05
Whitworths Fusions Strawberry Mango 75G,£2.30,£30.67/kg,Any 2 for £3.20 Clubcard Price - Selected Whitworths Classics Multibuy 130g-350g,treats_snacks,2024-11-05
Mentos Fruit Che Wy Sweets 5 X 38 G,£1.80,£0.95/100g,null,treats_snacks,2024-11-05
Cadbury Fudge Treat Size Chocolate Bars Multipack 1 X 202g,£3.50,£1.73/100g,Half Price £1.75 Clubcard Price,treats_snacks,2024-11-05
Cadbury Dairy Milk Freddo & Friends Treat Size Chocolate Bars Multipack 1 X 191g,null,null,Half Price £1.75 Clubcard Price,treats_snacks,2024-11-05
Pez Fruit Flavour Candy With Dispenser 2 X 8.5G,£1.60,£9.41/100g,null,treats_snacks,2024-11-05
Tic Tac Fresh Mint 49G,£1.60,£3.26/100g,null,treats_snacks,2024-11-05
Maltesers Reindeer Chocolate Ad/Cal 108G,£2.75,£2.55/100g,£2.45 Clubcard Price,treats_snacks,2024-11-05
Chupa Chups Sugar Free Lolly 11G,£0.35,£3.18/100g,"£5 Meal Deal Clubcard Price £5.50 Meal Deal Regular Price - Selected Drink + Snack + Tesco Finest* Or Branded Sandwich, Wrap, Roll, Salad Or Sushi",treats_snacks,2024-11-05
Tesco Finest Belgian Dark Chocolate & Cherry Cookies 200G,£2.10,£1.05/100g,null,treats_snacks,2024-11-05
Tesco Nutty Bites Mocha Flavour 45G,£0.90,£20.00/kg,null,treats_snacks,2024-11-05
Bip Dino Friends Pop Ups Lollipop Strawberry 10G,null,null,null,treats_snacks,2024-11-05
Clif Energy Bar - Crunchy Peanut Butter 68g,£1.85,£2.72/100g,£1.00 Clubcard Price,treats_snacks,2024-11-05
Clif Energy Bar - White Chocolate Macadamia Nut 68g,£1.85,£2.72/100g,£1.00 Clubcard Price,treats_snacks,2024-11-05
Ben & Jerry's Lighten Up Chocolate Cookie Dough Ice Cream Tub 465ml,£5.20,£1.12/100ml,null,treats_snacks,2024-11-05
Forest Feast Salted Caramel Milk Chocolate Almond 120G,£3.40,£28.33/kg,null,treats_snacks,2024-11-05
Jacob's High Fibre Cream Crackers 200g,£1.70,£0.85/100g,null,treats_snacks,2024-11-05
Jacob's Original Cream Crackers Twin pack 2x300g,£2.70,£0.45/100g,null,treats_snacks,2024-11-05
Tesco Apple Slices 300G,£3.50,£11.67/kg,null,treats_snacks,2024-11-05
Cadbury Chocolate Mini Roll 10 Pack,£3.45,£0.34/each,£2.50 Clubcard Price,treats_snacks,2024-11-05
Cadbury Raspberry Mini Roll 10 Pack,£3.45,£0.34/each,£2.50 Clubcard Price,treats_snacks,2024-11-05
Tesco Sesame & Poppy Thins 150G,£1.10,£0.73/100g,null,treats_snacks,2024-11-05
Kind Protein Caramel Nut 50g,£2.20,£4.40/100g,"£5 Meal Deal Clubcard Price £5.50 Meal Deal Regular Price - Selected Drink + Snack + Tesco Finest* Or Branded Sandwich, Wrap, Roll, Salad Or Sushi",treats_snacks,2024-11-05
Galaxy Minstrels Chocolate Treat Bag 80G,£1.45,£1.81/100g,null,treats_snacks,2024-11-05
"Maryland Caramel Crisp Mini Cookies Multipack, 6 Pack 118.8g",£1.40,£1.18/100g,null,treats_snacks,2024-11-05
Tesco Finest Sea Salt & Chardonnay Vinegar Crinkle Cut Crisps 150G,£1.35,£0.90/100g,£1.20 Clubcard Price,treats_snacks,2024-11-05
Tesco Cheese Thins 150G,£1.10,£0.73/100g,null,treats_snacks,2024-11-05
Nature Valley Protein Salted Caramel Nut Cereal Bar 40g,£1.00,£2.50/100g,"£5 Meal Deal Clubcard Price £5.50 Meal Deal Regular Price - Selected Drink + Snack + Tesco Finest* Or Branded Sandwich, Wrap, Roll, Salad Or Sushi",treats_snacks,2024-11-05
Tesco Dark Chocolate Digestives 300G,£0.77,£0.26/100g,null,treats_snacks,2024-11-05
Tesco Snack Pack Soft Apricots 50G,£1.00,£20.00/kg,Any 3 for 2 Clubcard Price - Cheapest Product Free - Selected Tesco Dried Fruit Or Nuts,treats_snacks,2024-11-05
Tesco Cream Crackers 300G,£0.49,£0.16/100g,null,treats_snacks,2024-11-05
Kinder Bueno Chocolate Advent Calendar 167G,£8.50,£5.09/100g,£6.00 Clubcard Price,treats_snacks,2024-11-05
Maltesers Assorted Chocolate Truffles Advent Calendar 216G,£11.00,£5.09/100g,£8.00 Clubcard Price,treats_snacks,2024-11-05
Lindt Advent Calendar 160G,£7.50,£4.69/100g,£6.00 Clubcard Price,treats_snacks,2024-11-05
Cadbury Dairy Milk Chocolate Chunks Xmas Advent Calendar 258g,£7.00,£2.71/100g,£5.50 Clubcard Price,treats_snacks,2024-11-05
Walkers Quavers Cheese Flavour Potato Crisps 20 x 16g,£4.85,£1.52/100g,£4.00 Clubcard Price,treats_snacks,2024-11-05
Kind Fruit & Nut 3X30g,£3.00,£3.33/100g,null,treats_snacks,2024-11-05
Tesco Finest Dark Chocolate Ginger Cookies 200G,£2.10,£1.05/100g,null,treats_snacks,2024-11-05
Doritos Tangy Cheese Tortilla Chips Multipack Crisps 5x30g,£2.00,£1.33/100g,null,treats_snacks,2024-11-05
Haribo Starmix Megabox 800G,£5.00,£0.62/100g,null,treats_snacks,2024-11-05
Peter's Yard Original Sourdough Crispbreads 125g,£2.50,£2.00/100g,null,treats_snacks,2024-11-05
Kinder Joy Egg 20G,£1.50,£7.50/100g,£1.20 Clubcard Price,treats_snacks,2024-11-05
Cathedral City Minis Extra Mature Cheddar Cheese 6x20g,£2.10,£17.50/kg,null,treats_snacks,2024-11-05
Walkers Max Paprika Crisps 6X27g,£2.00,£1.24/100g,null,treats_snacks,2024-11-05
Attack A Snak Ham & Cheese Wrap Kit 86G,£1.50,£17.44/kg,Save 1/3 £1.00 Clubcard Price,treats_snacks,2024-11-05
Attack A Snak Pepperoni & Cheese Wrap Kit 83G,£1.50,£18.07/kg,Save 1/3 £1.00 Clubcard Price,treats_snacks,2024-11-05
Galaxy Advent Calendar 110G,£2.75,£2.50/100g,£2.45 Clubcard Price,treats_snacks,2024-11-05
Walkers Wotsits Cheese Toastie Flavour Crisps 6 x 12g,£2.00,£2.78/100g,£1.65 Clubcard Price,treats_snacks,2024-11-05
Tesco Seasonal Gingerbread Biscuit,£1.00,£1.00/each,"£5 Meal Deal Clubcard Price £5.50 Meal Deal Regular Price - Selected Drink + Snack + Tesco Finest* Or Branded Sandwich, Wrap, Roll, Salad Or Sushi",treats_snacks,2024-11-05
Go Ahead Strawberry Fruit Yogurt Breaks Snack Bars Multipack 4 x 35.5g,£2.00,£1.41/100g,null,treats_snacks,2024-11-05
Go Ahead Forest Fruit Yogurt Breaks Snack Bars Multipack 4 x 35.5g,£2.00,£1.41/100g,null,treats_snacks,2024-11-05
Pom Bear Cheese Multipack Crisps 6 x 13g,£1.50,£1.92/100g,£1.35 Clubcard Price,treats_snacks,2024-11-05
Tesco Triple Chocolate Cook 200G,£1.35,£0.68/100g,null,treats_snacks,2024-11-05
Go Ahead Forest Fruit Crispy Fruit Slices Snack Bars Multipack 4 x 43.6g,£1.00,£0.58/100g,null,treats_snacks,2024-11-05
Go Ahead Apple Crispy Fruit Slices Snack Bars Multipack 4 x 43.6g,£1.00,£0.58/100g,null,treats_snacks,2024-11-05
Go Ahead Raspberry Crispy Fruit Slices Snack Bars Multipack 4 x 43.6g,£1.00,£0.58/100g,null,treats_snacks,2024-11-05
Cadbury Dairy Milk Chocolate Xmas Advent Calendar 90g,£2.50,£2.78/100g,£2.00 Clubcard Price,treats_snacks,2024-11-05
Attack A Snak Chicken & Cheese Wrap Kit 86G,£1.50,£17.44/kg,Save 1/3 £1.00 Clubcard Price,treats_snacks,2024-11-05
Tesco Snack Pack Almonds 60G,£1.00,£16.67/kg,Any 3 for 2 Clubcard Price - Cheapest Product Free - Selected Tesco Dried Fruit Or Nuts,treats_snacks,2024-11-05
Cheetos Puffs Cheese Flavour Crisps 6 x 13g,£1.25,£1.60/100g,null,treats_snacks,2024-11-05
Tesco Snacking Roasted Pistachio 50G(C),£1.00,£20.00/kg,Any 3 for 2 Clubcard Price - Cheapest Product Free - Selected Tesco Dried Fruit Or Nuts,treats_snacks,2024-11-05
Cadbury Milk Tray Chocolate Gift Box 360g,£6.00,£1.67/100g,null,treats_snacks,2024-11-05
Tesco Roasted Nut Snack Pack 55G,£1.00,£18.18/kg,Any 3 for 2 Clubcard Price - Cheapest Product Free - Selected Tesco Dried Fruit Or Nuts,treats_snacks,2024-11-05
Lotus Biscoff Milk Chocolate with Biscoff Crumbs 180g,£3.00,£1.67/100g,null,treats_snacks,2024-11-05
Lotus Biscoff Milk Chocolate with Biscoff Cream 180g,£3.00,£3.00/each,null,treats_snacks,2024-11-05
Cadbury Fruit and Nut Milk Chocolate Block 300G,£3.75,£3.75/each,null,treats_snacks,2024-11-05
Lindt Classic Recipe Milk Chocolate Bar 190g,£3.75,£1.97/100g,£3.00 Clubcard Price,treats_snacks,2024-11-05
Tony's Chocolonely Everything Bar 180g,£3.50,£1.94/100g,null,treats_snacks,2024-11-05
Lindt Excellence Dark Crunchy Waffle 100g,£3.00,£3.00/100g,£2.50 Clubcard Price,treats_snacks,2024-11-05
Lindt Excellence Dark Crispy Wafer 100g,£3.00,£3.00/100g,£2.50 Clubcard Price,treats_snacks,2024-11-05
Lindt Classic Recipe Milk Chocolate Hazelnut Bar 190g,£3.75,£1.97/100g,£3.00 Clubcard Price,treats_snacks,2024-11-05
MILKA MILK CHOCOLATE BAR 270G,null,null,null,treats_snacks,2024-11-05
Cadbury Fruitier & Nuttier Chocolate Bars 4X30g,£3.00,£2.50/100g,null,treats_snacks,2024-11-05
Cadbury Dairy Milk Fruitier & Nuttier Orange Boost Chocolate Bars 4 x 30g,£3.00,£2.50/100g,null,treats_snacks,2024-11-05
MILKA MILK CHOCOLATE OREO 300G,£2.75,£0.92/100g,null,treats_snacks,2024-11-05
Tony's Chocolonely Milk Chocolate Chip Cookie 180G,£3.50,£1.94/100g,null,treats_snacks,2024-11-05
Tony's Chocolonely Milk Chocolate Caramel Biscuit 180G,£3.50,£1.94/100g,null,treats_snacks,2024-11-05
Tony's Chocolonely Milk Chocolate Creamy Hazelnut Crunch 180G,£3.50,£1.94/100g,null,treats_snacks,2024-11-05
Cadbury Caramilk Golden Caramel Chocolate Bar 360g,£4.50,£1.25/100g,£4.00 Clubcard Price,treats_snacks,2024-11-05
Ritter Sport Honey-Salt Flavoured Almonds in Milk Chocolate 100 g,£2.20,£2.20/100g,£1.90 Clubcard Price,treats_snacks,2024-11-05
Cadbury Dairy Milk Chocolate Block 300G,£3.75,£1.25/100g,null,treats_snacks,2024-11-05
Ritter Sport Milk Chocolate with Whole Hazelnuts 100 g,£2.20,£2.20/100g,£1.90 Clubcard Price,treats_snacks,2024-11-05
RITTER SPORT RUM RAISINS HAZELNUTS 100G,£1.90,£1.90/100g,null,treats_snacks,2024-11-05
Ritter Sport Chocolate Marzipan 100G,£1.90,£1.90/100g,null,treats_snacks,2024-11-05
Tony's Chocolonely Dark Milk Chocolate Bar With Brownie Pieces 180G,£3.50,£3.50/each,null,treats_snacks,2024-11-05
Twix 16 Funsize Caramel & Milk Chocolate Finger Biscuit Bars 333g,null,null,£2.75 Clubcard Price,treats_snacks,2024-11-05
Lindt Classic Recipe Hazelnut Milk Chocolate Bar 100g,£2.25,£2.25/100g,null,treats_snacks,2024-11-05
Lindt Classic Recipe Milk Chocolate Bar 100g,£2.25,£2.25/100g,null,treats_snacks,2024-11-05
Lindt Classic Recipe Caramel Sea Salt Milk Chocolate Bar 100g,£2.25,£2.25/100g,null,treats_snacks,2024-11-05
Tesco Salted Caramel Party Mix 200G,£3.00,£15.00/kg,£2.50 Clubcard Price,treats_snacks,2024-11-05
Cadbury Milk Chocolate Bars Variety Treatsize Multipack 207g,£3.50,£16.91/kg,Half Price £1.75 Clubcard Price,treats_snacks,2024-11-05
Tesco Speculoos Popcorn 200g,£1.75,£0.88/100g,£1.00 Clubcard Price,treats_snacks,2024-11-05
Cadbury Dairy Milk Salted Caramel Chocolate Bar 120g,£1.65,£1.38/100g,null,treats_snacks,2024-11-05
Tesco Finest Crinkle Cut Pigs In Blankets Flavour Crisps 150G,£1.35,£0.90/100g,£1.20 Clubcard Price,treats_snacks,2024-11-05
Tesco Finest Roast Turkey & Herb Butter Flv Crisps 150G,£1.35,£0.90/100g,£1.20 Clubcard Price,treats_snacks,2024-11-05
Terrys Milk Chocolate Orange Tablet 90G,£1.20,£1.33/100g,null,treats_snacks,2024-11-05
Tesco Pretzel & Salt Loaded Milk Chocolate 180g,£2.00,£1.11/100g,null,treats_snacks,2024-11-05
Tesco Biscuit & Raisin Loaded Milk Chocolate 180g,£2.00,£1.11/100g,null,treats_snacks,2024-11-05
Galaxy Smooth Caramel & Milk Chocolate Bar 135g,£1.35,£1.00/100g,null,treats_snacks,2024-11-05
Tesco Giant BBQ Flavour Puffs 125G,£1.00,£0.80/100g,Save 25% 75p Clubcard Price,treats_snacks,2024-11-05
Tesco Pecan & Honeycomb Loaded Milk Chocolate 180g,£2.00,£1.11/100g,null,treats_snacks,2024-11-05
Cadbury Dairy Milk Freddo Chocolate Bar 5 Pack Multipack 90g,£1.40,£1.56/100g,null,treats_snacks,2024-11-05
Cadbury Dairy Milk Freddo Caramel Chocolate Bar 5 Pack 97.5g,£1.40,£1.44/100g,null,treats_snacks,2024-11-05
Lazyday 4 Vegan & Free From Belgian Chocolate Cake Bars 120G,£3.15,£2.62/100g,null,treats_snacks,2024-11-05
Sensations Crushed Sea Salt & Black Peppercorn Flavour Potato Crisps 150g,£2.50,£1.67/100g,Save 1/3 £1.65 Clubcard Price,treats_snacks,2024-11-05
Forest Feast Salted Dark Chocolate Almonds 120G,£3.40,£28.33/kg,null,treats_snacks,2024-11-05
Forest Feast PEPPERMINT CREAM DARK CHOCOLATE ALMONDS 120g,£3.75,£31.25/kg,null,treats_snacks,2024-11-05
Sensations Mature Cheddar & Chilli Chutney Flavour Potato Crisps 150g,£2.50,£1.67/100g,Save 1/3 £1.65 Clubcard Price,treats_snacks,2024-11-05
Tesco White Chocolate & Raspberry Party Mix 200g,£3.00,£1.50/100g,£2.50 Clubcard Price,treats_snacks,2024-11-05
Tesco Caramelised Party Nut Mix 165g,£3.00,£1.82/100g,£2.50 Clubcard Price,treats_snacks,2024-11-05
Jacobs Crinklys Cheese & Onion 200g,£2.50,£1.25/100g,£2.00 Clubcard Price,treats_snacks,2024-11-05
Tic Tac Mint 4 X 18G,£1.75,£2.43/100g,null,treats_snacks,2024-11-05
Tesco Crunchy Pretzel & Cracker Mix 250g,£1.65,£0.66/100g,£1.45 Clubcard Price,treats_snacks,2024-11-05
Tesco Nacho Cheese Corn Snacks 150G,£1.75,£1.17/100g,£1.25 Clubcard Price,treats_snacks,2024-11-05
Forest Feast Valencia Orange Milk Chocolate Almonds 40g Clip Strip,£1.35,£33.75/kg,null,treats_snacks,2024-11-05
Pringles Hot Mexican Chilli & Lime Flavour Crisps 160g,£2.25,£1.41/100g,null,treats_snacks,2024-11-05
Pringles Hot Smokin' BBQ Ribs Flavour Crisps 160g,£2.25,£1.41/100g,null,treats_snacks,2024-11-05
Pringles Hot Flamin' Cheese Flavour Crisps 160g,£2.25,£1.41/100g,null,treats_snacks,2024-11-05
Pringles Hot Kickin' Sour Cream Flavour Crisps 160g,£2.25,£1.41/100g,null,treats_snacks,2024-11-05
Pringles Sour Cream & Onion 185g,£2.20,£1.19/100g,£1.85 Clubcard Price,treats_snacks,2024-11-05
Tesco Toasted Marshmallow Flavour Popcorn 200G,£1.75,£0.88/100g,£1.00 Clubcard Price,treats_snacks,2024-11-05
Tesco Roast Turkey & Stuffing Snack Mix 150g,£1.75,£1.17/100g,£1.25 Clubcard Price,treats_snacks,2024-11-05
Tesco Vanilla Flavoured Popcorn 100g,£1.20,£12.00/kg,null,treats_snacks,2024-11-05
Tesco Strawberries & Cream Flavour Popcorn 100g,£1.20,£12.00/kg,null,treats_snacks,2024-11-05
Tesco Finest Sour Cream & Zingy Lime Tortilla Chips 150g,£1.35,£0.90/100g,null,treats_snacks,2024-11-05
Tesco Finest Chilli Salsa Roja Tortilla Chips 150g,£1.35,£0.90/100g,null,treats_snacks,2024-11-05
Tesco Lightly Salted Christmas Tree Tortilla 200g,£1.35,£0.68/100g,Save 25% £1.00 Clubcard Price,treats_snacks,2024-11-05
Tesco Finest Crinkle Cut Korean Inspired BBQ Pork Flavour Hand Cooked Crisps 150g,£1.35,£0.90/100g,£1.20 Clubcard Price,treats_snacks,2024-11-05
Tesco Finest Crinkle Cut Katsu Curry Flavour Hand Cooked Crisps 150g,£1.35,£0.90/100g,£1.20 Clubcard Price,treats_snacks,2024-11-05
Tesco Finest Mature Cheddar and Apple Chutney Flavour Crisps 150G,£1.35,£0.90/100g,£1.20 Clubcard Price,treats_snacks,2024-11-05
Tesco Finest Crinkle Cut Herb Crusted Rib of Beef Hand Cooked Crisps 150g,£1.35,£0.90/100g,£1.20 Clubcard Price,treats_snacks,2024-11-05
Tesco Finest Ham and Mustard Handcooked Crisps 150g,£1.35,£0.90/100g,£1.20 Clubcard Price,treats_snacks,2024-11-05
Guylian Belgian Deluxe Chocolate Assortment 584g,£20.00,£3.42/100g,£12.00 Clubcard Price,treats_snacks,2024-11-05
Ferrero Collection 518G,£18.00,£3.48/100g,£15.00 Clubcard Price,treats_snacks,2024-11-05
Ferrero Collection T32 359G,£13.00,£3.62/100g,null,treats_snacks,2024-11-05
Tesco Finest Salted Caramel Truffles 140G,null,null,null,treats_snacks,2024-11-05
Lindt Lindor Dark Mint Chocolate Truffles 200g,£6.30,£3.15/100g,£4.50 Clubcard Price,treats_snacks,2024-11-05
Ferrero Collection 15 Pieces Boxed Chocolates 172G,£6.50,£3.78/100g,£5.00 Clubcard Price,treats_snacks,2024-11-05
Lazyday Salted Caramel Crispies 5 Slices 150G,£2.85,£1.90/100g,null,treats_snacks,2024-11-05
Tesco Finest Marc De Champagne Boxed Truffles 140G,null,null,null,treats_snacks,2024-11-05
OREO Golden Cookie Sandwich Biscuits 154g,£1.50,£0.97/100g,90p Clubcard Price,treats_snacks,2024-11-05
Cadbury Dairy Milk Brownie Bites 14,£2.75,£0.20/each,null,treats_snacks,2024-11-05
Cadbury Dairy Milk Cornflake Cluster Bites X14,£2.75,£0.20/each,null,treats_snacks,2024-11-05
Loacker Tortina Original Milk Chocolate & Hazelnut Cream Wafer Rounds 6 x 21g,£3.25,£3.25/each,null,treats_snacks,2024-11-05
Loacker Tortina Dark Chocolate & Hazelnut Cream Wafer Rounds 6 x 21g,£3.25,£3.25/each,null,treats_snacks,2024-11-05
Cadbury Creme Egg Ice Cream Cones 4X100ml,£3.25,£0.81/100ml,null,treats_snacks,2024-11-05
Nerds Candy Rainbow Fruit Flavour 141.7G,£2.50,£1.76/100g,null,treats_snacks,2024-11-05
Haribo Super Mix 400G,£2.75,£0.69/100g,null,treats_snacks,2024-11-05
Candy Kittens Sour Shox Blackcurrant & Lime 140g,null,null,null,treats_snacks,2024-11-05
Nerds Candy Sweets Gummy Clusters Sharing Bag Fruits 113g,£2.50,£2.21/100g,null,treats_snacks,2024-11-05
Mr Kipling Gooey Brownie Bites Salted Caramel 10 Pack,£2.25,£0.22/each,£1.25 Clubcard Price,treats_snacks,2024-11-05
Rowntree's Fruit Pastilles Sweets 4 x 41g,£1.50,£0.92/100g,null,treats_snacks,2024-11-05
Rowntree's Berry Hearts Sweets Sharing Bag 115g,£1.50,£1.30/100g,£1.35 Clubcard Price,treats_snacks,2024-11-05
Ritz Crackers Original 150g,£1.25,£0.83/100g,£1.00 Clubcard Price,treats_snacks,2024-11-05
Chewits Fruity Jewels Sweet Mix 125g,£1.29,£1.03/100g,null,treats_snacks,2024-11-05
Mr Kipling Gooey Brownie Bites Double Chocolate 10 Pack,£2.25,£0.22/each,£1.25 Clubcard Price,treats_snacks,2024-11-05
The Natural Confectionery Company Jelly Snakes Sweets Bag 130g,£1.35,£1.04/100g,null,treats_snacks,2024-11-05
BARRATT WHAM SOURZ 115g,£1.50,£1.30/100g,£1.25 Clubcard Price,treats_snacks,2024-11-05
HARIBO Balla Stixx Strawberry 140g,£1.25,£0.89/100g,null,treats_snacks,2024-11-05
Chewits Xtreme Jewels Sour Mix 125g,£1.29,£1.03/100g,null,treats_snacks,2024-11-05
Ritz Cheese Flavour Crackers 140g,£1.25,£0.89/100g,£1.00 Clubcard Price,treats_snacks,2024-11-05
Rowntree's Safari Mix Sweets Sharing Bag 115g,£1.50,£1.30/100g,£1.35 Clubcard Price,treats_snacks,2024-11-05
HARIBO Tropi-Slices Vegetarian Sweets Share Bag 150g,£1.25,£0.83/100g,null,treats_snacks,2024-11-05
OREO Vanilla Latte Flavour Sandwich Biscuits 157g,£1.50,£0.96/100g,90p Clubcard Price,treats_snacks,2024-11-05
Nerds Candy Sweets Box Grape & Strawberry 46.7g,£1.30,£2.78/100g,null,treats_snacks,2024-11-05
Nerds Candy Watermelon & Cherry 46.7G,£1.30,£2.78/100g,null,treats_snacks,2024-11-05
Skittles Fruits Giants Gooey 125g,£1.35,£1.08/100g,null,treats_snacks,2024-11-05
Cadbury Chocolate Top Ice Cream Cones 4 X 100Ml,£3.25,£0.81/100ml,null,treats_snacks,2024-11-05
Swizzels Drumstick Squashies Strawberry & Cream Flavour 140g,£1.15,£0.82/100g,null,treats_snacks,2024-11-05
The Snack Organisation Lemongrass & Chilli Rice Crackers 100g,£1.00,£1.00/100g,null,treats_snacks,2024-11-05
Skittles Fruits Giants Chewy Candies 132g,£1.25,£0.95/100g,null,treats_snacks,2024-11-05
Oreo Ice Cream Cones 4 Pack 400Ml,£3.00,£0.75/100ml,null,treats_snacks,2024-11-05
Fruittella Juicy Chews Vegan 170G,£1.50,£0.88/100g,null,treats_snacks,2024-11-05
Jammie Dodgers Really Fruity Strawberry Flavour Biscuits 140g,£0.90,£0.64/100g,null,treats_snacks,2024-11-05
Oreo Original 66G,£0.60,£0.91/100g,null,treats_snacks,2024-11-05
Lindt Lindor Silver 600g,£15.00,£2.50/100g,£13.00 Clubcard Price,treats_snacks,2024-11-05
Lindt Creations Dessert Assorted Chocolate Box 341G,£15.00,£4.40/100g,Save 25% £11.00 Clubcard Price,treats_snacks,2024-11-05
Lindt Swiss Luxury Selection Assorted Chocolate Box 193G,£10.00,£5.18/100g,Save 25% £7.50 Clubcard Price,treats_snacks,2024-11-05
Raffaello 400g,£10.00,£2.50/100g,Save 25% £7.50 Clubcard Price,treats_snacks,2024-11-05
Lindt Lindor Pistachio Chocolate Truffles UK 200g,£6.30,£3.15/100g,£4.50 Clubcard Price,treats_snacks,2024-11-05
Lindt Lindor Irish Cream Milk Chocolate Truffles 200G,£6.30,£3.15/100g,£4.50 Clubcard Price,treats_snacks,2024-11-05
Wrigley's Extra Ice Peppermint Sugarfree Chewing Gum 5 x 10 Pieces 70g,£3.00,£4.29/100g,null,treats_snacks,2024-11-05
Wrigley's Extra Cool Breeze Sugarfree Chewing Gum 5 x 10 Pieces 70g,£2.75,£3.93/100g,null,treats_snacks,2024-11-05
Wrigley's Extra Peppermint Sugarfree Chewing Gum 5 x 10 Pieces 70g,£2.75,£3.93/100g,null,treats_snacks,2024-11-05
Wrigley's Extra White Sugarfree Chewing Gum 5 x 10 Pieces 70g,£2.75,£3.93/100g,null,treats_snacks,2024-11-05
Mentos Pure Fresh Fresh Mint Gum 50 Pieces 100G,£2.80,£2.80/100g,null,treats_snacks,2024-11-05
Kelloggs Rice Krispie Squares Chocolate 8X36g,£3.00,£1.04/100g,null,treats_snacks,2024-11-05
Kellogg's Rice Krispies Squares Caramel & Chocolate Cereal Bars 8 x 36g,£3.00,£1.04/100g,null,treats_snacks,2024-11-05
Kelloggs Rice Krispies Squares Marshmallows 8X28g,£3.00,£1.34/100g,null,treats_snacks,2024-11-05
Wrigley's Extra Cool Breeze Flavour Sugarfree Chewing Gum Bottle 46 Pieces 64g,£2.50,£3.91/100g,null,treats_snacks,2024-11-05
Wrigley's Extra Spearmint Sugarfree Chewing Gum 5 x 10 Pieces 70g,£2.50,£3.57/100g,null,treats_snacks,2024-11-05
Wrigley's Airwaves Menthol & Eucalyptus Flavour Sugarfree Chewing Gum 5 x 10 Pieces 70g,£2.50,£3.57/100g,null,treats_snacks,2024-11-05
Wrigley's Extra White Bubblemint Sugarfree Chewing Gum 5 x 10 Pieces 70g,£2.50,£3.57/100g,null,treats_snacks,2024-11-05
Peter's Yard Oregano & Olive Oil Sourdough Crackers 90g,£2.50,£2.78/100g,Any 3 for 2 Clubcard Price - Cheapest Product Free - Selected Deli Grab Go,treats_snacks,2024-11-05
Eat Real Lentil Chips Salted 95G,£2.00,£2.10/100g,Save 25% £1.50 Clubcard Price,treats_snacks,2024-11-05
Wrigley's Extra Peppermint Sugar Free Chewing Gum 46 Pieces 64g,£1.99,£3.11/100g,null,treats_snacks,2024-11-05
Wrigley's Extra Spearmint Sugar Free Chewing Gum 46 Pieces 64g,£1.99,£3.11/100g,null,treats_snacks,2024-11-05
McCoy's Epic Eats Grilled American Cheese Flavour Ridge Cut Potato Crisps 6 x 25g,£2.25,£1.50/100g,null,treats_snacks,2024-11-05
Eat Natural Fruit & Nut Almond & Cranberry Bar with Pomegranate & Honey 40g,£1.10,£2.75/100g,"£5 Meal Deal Clubcard Price £5.50 Meal Deal Regular Price - Selected Drink + Snack + Tesco Finest* Or Branded Sandwich, Wrap, Roll, Salad Or Sushi",treats_snacks,2024-11-05
Proper Chips Sea Salt Lentil Chips 31g,£1.10,£3.55/100g,"£5 Meal Deal Clubcard Price £5.50 Meal Deal Regular Price - Selected Drink + Snack + Tesco Finest* Or Branded Sandwich, Wrap, Roll, Salad Or Sushi",treats_snacks,2024-11-05
Cheez-It Double Cheese 40g,£1.00,£2.50/100g,"£5 Meal Deal Clubcard Price £5.50 Meal Deal Regular Price - Selected Drink + Snack + Tesco Finest* Or Branded Sandwich, Wrap, Roll, Salad Or Sushi",treats_snacks,2024-11-05
Proper Chips Barbecue Lentil Chips 31g,£1.10,£3.55/100g,"£5 Meal Deal Clubcard Price £5.50 Meal Deal Regular Price - Selected Drink + Snack + Tesco Finest* Or Branded Sandwich, Wrap, Roll, Salad Or Sushi",treats_snacks,2024-11-05
"Eat Natural Fruit & Nut Protein Bar with Peanuts, Almonds & Cocoa 40g",£1.10,£2.75/100g,"£5 Meal Deal Clubcard Price £5.50 Meal Deal Regular Price - Selected Drink + Snack + Tesco Finest* Or Branded Sandwich, Wrap, Roll, Salad Or Sushi",treats_snacks,2024-11-05
"Eat Natural Fruit & Nut Bar with Almond, Apricot & Yoghurt 40g",£1.10,£2.75/100g,"£5 Meal Deal Clubcard Price £5.50 Meal Deal Regular Price - Selected Drink + Snack + Tesco Finest* Or Branded Sandwich, Wrap, Roll, Salad Or Sushi",treats_snacks,2024-11-05
Doritos Cool Original Grab Bag Crisps 48g,£1.00,£2.08/100g,"£5 Meal Deal Clubcard Price £5.50 Meal Deal Regular Price - Selected Drink + Snack + Tesco Finest* Or Branded Sandwich, Wrap, Roll, Salad Or Sushi",treats_snacks,2024-11-05
Doritos Chilli Heatwave Grab Bag Crisps 48g,£1.00,£2.08/100g,"£5 Meal Deal Clubcard Price £5.50 Meal Deal Regular Price - Selected Drink + Snack + Tesco Finest* Or Branded Sandwich, Wrap, Roll, Salad Or Sushi",treats_snacks,2024-11-05
Doritos Tangy Cheese Grab Bag Crisps 48g,£1.00,£2.08/100g,"£5 Meal Deal Clubcard Price £5.50 Meal Deal Regular Price - Selected Drink + Snack + Tesco Finest* Or Branded Sandwich, Wrap, Roll, Salad Or Sushi",treats_snacks,2024-11-05
Jacob's Bites Red Leicester Crackers 125g,£2.00,£1.60/100g,null,treats_snacks,2024-11-05
Tesco Finest Crinkle Cut Lightly Sea Salted Hand Cooked Potato Crisps 45g,£0.85,£1.89/100g,"£5 Meal Deal Clubcard Price £5.50 Meal Deal Regular Price - Selected Drink + Snack + Tesco Finest* Or Branded Sandwich, Wrap, Roll, Salad Or Sushi",treats_snacks,2024-11-05
Eat Natural Fruit & Nut Hazelnut & Date Bar with Peanuts & Almonds 40g,£1.10,£2.75/100g,"£5 Meal Deal Clubcard Price £5.50 Meal Deal Regular Price - Selected Drink + Snack + Tesco Finest* Or Branded Sandwich, Wrap, Roll, Salad Or Sushi",treats_snacks,2024-11-05
Jacob's Bites Mature Cheddar & Onion Crackers 125g,£2.00,£1.60/100g,null,treats_snacks,2024-11-05
Tesco Finest Mature Cheddar & Red Onion Flavour Hand Cooked Potato Crisps 45g,£0.85,£1.89/100g,"£5 Meal Deal Clubcard Price £5.50 Meal Deal Regular Price - Selected Drink + Snack + Tesco Finest* Or Branded Sandwich, Wrap, Roll, Salad Or Sushi",treats_snacks,2024-11-05
Sensations Mature Cheddar & Chilli Chutney Flavour Potato Crisps 40g,£1.10,£2.75/100g,"£5 Meal Deal Clubcard Price £5.50 Meal Deal Regular Price - Selected Drink + Snack + Tesco Finest* Or Branded Sandwich, Wrap, Roll, Salad Or Sushi",treats_snacks,2024-11-05
Cheetos Twisted Sweet & Spicy Flamin' Hot Crisps 38g,£1.00,£2.63/100g,"£5 Meal Deal Clubcard Price £5.50 Meal Deal Regular Price - Selected Drink + Snack + Tesco Finest* Or Branded Sandwich, Wrap, Roll, Salad Or Sushi",treats_snacks,2024-11-05
Walkers BBQ Grab Bag Crisps 45g,£1.00,£2.22/100g,"£5 Meal Deal Clubcard Price £5.50 Meal Deal Regular Price - Selected Drink + Snack + Tesco Finest* Or Branded Sandwich, Wrap, Roll, Salad Or Sushi",treats_snacks,2024-11-05
Walkers Sensations Thai Sweet Chilli Grab Bag Crisps 40g,£1.00,£2.50/100g,"£5 Meal Deal Clubcard Price £5.50 Meal Deal Regular Price - Selected Drink + Snack + Tesco Finest* Or Branded Sandwich, Wrap, Roll, Salad Or Sushi",treats_snacks,2024-11-05
Jacobs Savours Salt & Black Pepper Bakes 200G,£2.00,£1.00/100g,£1.25 Clubcard Price,treats_snacks,2024-11-05
Carr's Melts Original Crackers 150g,£2.00,£1.33/100g,£1.25 Clubcard Price,treats_snacks,2024-11-05
Thorntons Classic Collection Chocolate Box 435g,£14.00,£3.22/100g,£12.00 Clubcard Price,treats_snacks,2024-11-05
Cadbury Dairy Milk Chocolate Bar Extra Large 850g,£10.00,£1.18/100g,£8.00 Clubcard Price,treats_snacks,2024-11-05
Ferrero Rocher Classic Ice Cream Sticks 4 X 70Ml,£5.20,£1.86/100ml,null,treats_snacks,2024-11-05
Ferrero Raffaello Ice Cream Sticks 4 X 70Ml,£5.20,£1.86/100ml,null,treats_snacks,2024-11-05
Magnum Double Raspberry Ice Cream Sticks 3X85ml,£4.00,£1.57/100ml,Save 25% £3.00 Clubcard Price,treats_snacks,2024-11-05
Magnum Sunlover White Chocolate Mango & Coconut Ice Cream Sticks 3x85ml,£4.00,£1.57/100ml,Save 25% £3.00 Clubcard Price,treats_snacks,2024-11-05
"Magnum Starchaser Chocolate, Caramel & Popcorn Ice Cream Sticks 3x85ml",£4.00,£1.57/100ml,Save 25% £3.00 Clubcard Price,treats_snacks,2024-11-05
Dairy Box Bonbon Carton 322g,£7.00,£2.17/100g,£5.00 Clubcard Price,treats_snacks,2024-11-05
Maynards Bassetts Jelly Babies Sweets Carton 350G,£4.50,£1.29/100g,Save 1/3 £3.00 Clubcard Price,treats_snacks,2024-11-05
Maynards Bassetts Liquorice Allsorts Sweets Carton 350G,£4.50,£1.29/100g,Save 1/3 £3.00 Clubcard Price,treats_snacks,2024-11-05
Maynards Bassetts Wine Gums Sweets Carton 350G,£4.50,£1.29/100g,Save 1/3 £3.00 Clubcard Price,treats_snacks,2024-11-05
You're Berry Special to Me Message Bottle 420g,£5.00,£1.19/100g,£4.00 Clubcard Price,treats_snacks,2024-11-05
Luv Ya Message Bottle 320g,£5.00,£1.56/100g,£4.00 Clubcard Price,treats_snacks,2024-11-05
Magnum Mini Double Caramel Almond & Billionaire Ice Cream Sticks 6x55ml,£4.50,£1.36/100ml,null,treats_snacks,2024-11-05
Magnum Mini Double Chocolate & Caramel Ice Cream Sticks 6x55ml,£4.50,£1.36/100ml,null,treats_snacks,2024-11-05
Pick of the Mix Message Bottle 370g,£5.00,£1.39/100g,£4.00 Clubcard Price,treats_snacks,2024-11-05
Aero Peppermint Block 295g,£4.50,£1.52/100g,£3.50 Clubcard Price,treats_snacks,2024-11-05
Celebrations Milk Chocolate Box Chocolate Bars 300g,£5.00,£1.67/100g,Save 25% £3.75 Clubcard Price,treats_snacks,2024-11-05
Magnum White Chocolate Ice Cream Sticks 3x100ml,£3.25,£1.08/100ml,null,treats_snacks,2024-11-05
Magnum Classic Ice Cream Sticks 3x100ml,£3.25,£1.08/100ml,null,treats_snacks,2024-11-05
Magnum Salted Caramel Ice Cream Sticks 3x100ml,£3.25,£1.08/100ml,null,treats_snacks,2024-11-05
Magnum Mint Ice Cream Sticks 3x100ml,£3.25,£1.08/100ml,null,treats_snacks,2024-11-05
Merci Finest Collection 250G,£5.00,£2.00/100g,Save 25% £3.75 Clubcard Price,treats_snacks,2024-11-05
"Eat Natural Fruit & Nut Bars with Dark Chocolate, Cranberries & Macadamias 3 x 40g",£2.40,£2.00/100g,null,treats_snacks,2024-11-05
"Eat Natural Fruit & Nut Bars with Almond, Apricot & Yoghurt 3 x 40g",£2.40,£2.00/100g,null,treats_snacks,2024-11-05
Cadbury Tree Decorations 72G,£3.00,£4.17/100g,£1.75 Clubcard Price,treats_snacks,2024-11-05
Kellogg's Rice Krispies Squares & Corn Flakes Cereal Bars 4 x 31g,£2.25,£1.82/100g,null,treats_snacks,2024-11-05
Cadbury Brunch Choc Chip Milk Chocolate Cereal Bars 5 x 28g,£1.35,£0.96/100g,Save 25% £1.00 Clubcard Price,treats_snacks,2024-11-05
Cadbury Bournville Brunch Choc Chip Dark Chocolate Cereal Bars 5 x 28g,£1.35,£0.96/100g,Save 25% £1.00 Clubcard Price,treats_snacks,2024-11-05
Eat Natural Fruit & Nut Protein Bar with Peanuts & Dark Chocolate 40g,£1.10,£2.75/100g,"£5 Meal Deal Clubcard Price £5.50 Meal Deal Regular Price - Selected Drink + Snack + Tesco Finest* Or Branded Sandwich, Wrap, Roll, Salad Or Sushi",treats_snacks,2024-11-05
Cadbury Mini Fingers Chocolate Biscuits 5 x 19.3g,£1.20,£1.24/100g,null,treats_snacks,2024-11-05
Cadbury Mini Animals Chocolate Biscuits 5 x 19.9G,£1.20,£1.21/100g,null,treats_snacks,2024-11-05
Cadbury Brunch Peanut Milk Chocolate Cereal Bars 5 x 28g,£1.35,£0.96/100g,Save 25% £1.00 Clubcard Price,treats_snacks,2024-11-05
Cadbury Brunch Raisin Milk Chocolate Cereal Bars 5 x 28g,£1.35,£0.96/100g,Save 25% £1.00 Clubcard Price,treats_snacks,2024-11-05
Toffifee 15 Pack 125G,£1.50,£1.20/100g,£1.35 Clubcard Price,treats_snacks,2024-11-05
Lily O'Brien's Luxury Chocolate Collection 270g,£10.00,£3.70/100g,£8.00 Clubcard Price,treats_snacks,2024-11-05
Cadbury Chocolate Movie Time Sharing Box 581g,£12.00,£2.06/100g,£10.00 Clubcard Price,treats_snacks,2024-11-05
Lily O'brien's Christmas Desserts Chocolate Collection 312G,£12.00,£3.85/100g,Save 25% £9.00 Clubcard Price,treats_snacks,2024-11-05
Cadbury Chocolate Buttons Mixed Selection Box 340g,£6.00,£1.76/100g,£5.00 Clubcard Price,treats_snacks,2024-11-05
Capsicana Easy Going Salsa 285G,£2.85,£1.00/100g,£2.25 Clubcard Price,treats_snacks,2024-11-05
McVitie's Digestives The Original Biscuits Twin Pack 2 x 360g,£2.90,£0.40/100g,null,treats_snacks,2024-11-05
Bounty Milk Chocolate & Coconut Gift Box 350g,£7.00,£2.00/100g,null,treats_snacks,2024-11-05
Walkers Wotsits Crunchy Extra Flamin' Hot Crisps 130g,£2.25,£1.73/100g,null,treats_snacks,2024-11-05
Doritos Tortilla Chips Cool Original Sharing Bag Crisps 180g,£2.50,£1.39/100g,Save 1/3 £1.65 Clubcard Price,treats_snacks,2024-11-05
Doritos Tortilla Chips Chilli Heatwave Sharing Bag Crisps 180g,£2.50,£1.39/100g,Save 1/3 £1.65 Clubcard Price,treats_snacks,2024-11-05
Doritos Tortilla Chips Tangy Cheese Sharing Bag Crisps 180g,£2.50,£1.39/100g,Save 1/3 £1.65 Clubcard Price,treats_snacks,2024-11-05
Ombar oat M'lk Irish Cream chocolate bar 70g,£2.50,£3.57/100g,null,treats_snacks,2024-11-05
Fibre One 90 Calorie Birthday Cake Squares Snack Bars 4 x 24g,£2.25,£2.34/100g,null,treats_snacks,2024-11-05
Just Brazils milk chocolate Brazils 150g,£3.00,£2.00/100g,null,treats_snacks,2024-11-05
Walkers Sensations Thai Sweet Chilli Sharing Bag Crisps 150g,£2.50,£1.67/100g,Save 1/3 £1.65 Clubcard Price,treats_snacks,2024-11-05
Cadbury Brunch Light Honey & Oat Milk Chocolate Cereal Bars 5 x 26g,£1.35,£1.04/100g,null,treats_snacks,2024-11-05
Fibre One 90 Calorie Chocolate Fudge Brownies Snack Bars 4 x 24g,£2.25,£2.34/100g,null,treats_snacks,2024-11-05
Cheez-It Double Cheese 150g,£2.00,£1.33/100g,Save 25% £1.50 Clubcard Price,treats_snacks,2024-11-05
McVitie's Digestives The Original Biscuits 360g,£1.80,£0.50/100g,null,treats_snacks,2024-11-05
Cadbury Brunch Light Orange Milk Chocolate Cereal Bars 5 x 26g,£1.35,£1.04/100g,null,treats_snacks,2024-11-05
Fibre One 90 Calorie Cookies & Cream Drizzle Squares Snack Bars 4 x 24g,£2.25,£2.34/100g,null,treats_snacks,2024-11-05
McVitie's Digestives Biscuits The Light One 250g,£1.80,£0.72/100g,£1.25 Clubcard Price,treats_snacks,2024-11-05
Fibre One 90 Calorie Crispy Chocolate Brownies Snack Bars 4 x 24g,£2.25,£2.34/100g,null,treats_snacks,2024-11-05
Eat Real Hummus. Lentil & Quinoa Chips 5 Pack 98G,£2.20,£2.24/100g,£1.50 Clubcard Price,treats_snacks,2024-11-05
Walkers Max Extra Flamin' Hot Potato Crisps 130g,£2.25,£1.73/100g,£1.75 Clubcard Price,treats_snacks,2024-11-05
Eat Real Multipack Lentil Chips Salted 5 x 18G,£2.20,£2.44/100g,£1.50 Clubcard Price,treats_snacks,2024-11-05
Cheez-It Cheese Sour Cream & Onion 150g,£2.00,£1.33/100g,Save 25% £1.50 Clubcard Price,treats_snacks,2024-11-05
Cheez-It Cheese & Chilli 150g,£2.00,£1.33/100g,Save 25% £1.50 Clubcard Price,treats_snacks,2024-11-05
Eat Real Hummus Chips Tomato & Basil 110g,£2.00,£1.82/100g,Save 25% £1.50 Clubcard Price,treats_snacks,2024-11-05
Eat Real Hummus Chips Sea Salt & Balsamic Vinegar 110G,£2.00,£1.82/100g,Save 25% £1.50 Clubcard Price,treats_snacks,2024-11-05
Eat Real Quinoa Chips Sour Cream & Chive 90G,£2.00,£2.22/100g,Save 25% £1.50 Clubcard Price,treats_snacks,2024-11-05
Eat Real Veggie Straws Sea Salt 110G,£2.00,£1.82/100g,Save 25% £1.50 Clubcard Price,treats_snacks,2024-11-05
Eat Real Lentil Chips Chilli & Lemon 95G,£2.00,£2.10/100g,Save 25% £1.50 Clubcard Price,treats_snacks,2024-11-05
Propercorn Perfectly Sweet Popcorn 90G,£1.90,£2.11/100g,null,treats_snacks,2024-11-05
Walkers BBQ Sauce Multipack Crisps 6 x 25g,£2.00,£1.33/100g,£1.65 Clubcard Price,treats_snacks,2024-11-05
Walkers Glorious Cheese & Onion Flavour Potato Crisps 150g,£1.49,£0.99/100g,null,treats_snacks,2024-11-05
Popworks Sweet BBQ Sharing Bag Popped Crisps 85g,£2.00,£2.35/100g,null,treats_snacks,2024-11-05
Walkers Legendary Ready Salted Potato Crisps 150g,£1.49,£0.99/100g,null,treats_snacks,2024-11-05
Love Raw Peanut Caramel M:Lk Chocolate 40G,£1.50,£3.75/100g,"£5 Meal Deal Clubcard Price £5.50 Meal Deal Regular Price - Selected Drink + Snack + Tesco Finest* Or Branded Sandwich, Wrap, Roll, Salad Or Sushi",treats_snacks,2024-11-05
Nik Naks Nice 'N' Spicy Flavour Crisps 95g,£1.20,£12.63/kg,null,treats_snacks,2024-11-05
Blue Riband Milk Chocolate Wafer Bars 6 x 18g,£1.25,£1.16/100g,£1.00 Clubcard Price,treats_snacks,2024-11-05
Blue Riband Hazelnut Chocolate Wafer Bars 6 x 18g,£1.25,£1.16/100g,£1.00 Clubcard Price,treats_snacks,2024-11-05
Blue Riband Dark Chocolate Wafer Bars 6 x 17.5g,£1.25,£1.19/100g,£1.00 Clubcard Price,treats_snacks,2024-11-05
Capsicana Mexican Guacamole Mix 25G,£0.75,£3.00/100g,60p Clubcard Price,treats_snacks,2024-11-05
Trek Protein Flapjack Salted Caramel 50g,£1.35,£2.70/100g,"£5 Meal Deal Clubcard Price £5.50 Meal Deal Regular Price - Selected Drink + Snack + Tesco Finest* Or Branded Sandwich, Wrap, Roll, Salad Or Sushi",treats_snacks,2024-11-05
Cheetos Twisted Sweet & Spicy Flamin' Hot Crisps 110g,null,null,null,treats_snacks,2024-11-05
Crazy Jack Organic Organic Soft Ready To Eat Prunes 200G,£4.00,£20.00/kg,£3.50 Clubcard Price,treats_snacks,2024-11-05
Tesco Sultanas 1Kg,£3.60,£3.60/kg,null,treats_snacks,2024-11-05
Ben & Jerry's Sundae Dulce De-Lish Ice Cream Tub 427ml,£5.50,£1.29/100ml,null,treats_snacks,2024-11-05
Ben & Jerry's Sundae Choco-Lotta Cheesecake Ice Cream Tub 427ml,£5.50,£1.29/100ml,null,treats_snacks,2024-11-05
Ben & Jerry's Lighten Up Vanilla Fudge Brownie Ice Cream Tub 465ml,£5.20,£1.12/100ml,null,treats_snacks,2024-11-05
Cadbury Creme Egg Ice Cream 480Ml,£3.50,£0.73/100ml,£3.00 Clubcard Price,treats_snacks,2024-11-05
Forest Feast Dark Chocolate Sour Cherries 120G,£3.85,£32.08/kg,null,treats_snacks,2024-11-05
Tesco Finest Blonde Chocolate Hazelnuts 125g,£4.50,£36.00/kg,£4.00 Clubcard Price,treats_snacks,2024-11-05
Tesco Finest Blonde Chocolate Nut Selection 260g,£6.25,£24.04/kg,£5.30 Clubcard Price,treats_snacks,2024-11-05
Whitworths Banana Chips 150G,£2.00,£13.33/kg,Any 2 for £3.20 Clubcard Price - Selected Whitworths Classics Multibuy 130g-350g,treats_snacks,2024-11-05
McVitie's Rich Tea Cocoa Biscuits 300g,£1.80,£0.60/100g,£1.25 Clubcard Price,treats_snacks,2024-11-05
Whitworths Shots Chocolate Cluster & Berries 4 X 25G,£2.00,£20.00/kg,Any 2 for £3.20 Clubcard Price - Selected Whitworths Classics Multibuy 130g-350g,treats_snacks,2024-11-05
Whitworths Toffee & Pecan Shots 4X25g,£2.00,£20.00/kg,Any 2 for £3.20 Clubcard Price - Selected Whitworths Classics Multibuy 130g-350g,treats_snacks,2024-11-05
Cadbury Starbar Chocolate Multipack 4x37g,£1.75,£1.18/100g,null,treats_snacks,2024-11-05
Whitworths Shots Salted Caramel Nuts 3X25g,£2.00,£26.67/kg,Any 2 for £3.20 Clubcard Price - Selected Whitworths Classics Multibuy 130g-350g,treats_snacks,2024-11-05
Cadbury Dairy Milk Chocolate Giant Buttons Bag 184.8G,£2.65,£1.43/100g,null,treats_snacks,2024-11-05
Tesco Finest Colombian Coffee Ice Cream 480Ml,£3.00,£0.62/100ml,null,treats_snacks,2024-11-05
Tesco Finest Belgian Chocolate Nut Selection 285g,£6.25,£21.93/kg,£5.30 Clubcard Price,treats_snacks,2024-11-05
Cadbury Dairy Milk Caramel Nibbles Chocolate Bag 186G,£2.65,£1.42/100g,null,treats_snacks,2024-11-05
Tesco Sweet Chilli Crunch Mix 120g,£1.35,£11.25/kg,null,treats_snacks,2024-11-05
Tesco Finest Belgian Chocolate Ice Cream 480Ml,£3.00,£0.62/100ml,null,treats_snacks,2024-11-05
Tesco Salt & Pepper Crunch Mix 120g,£1.35,£11.25/kg,null,treats_snacks,2024-11-05
Whitworths Cranberries 130G,£2.00,£15.38/kg,Any 2 for £3.20 Clubcard Price - Selected Whitworths Classics Multibuy 130g-350g,treats_snacks,2024-11-05
Crazy Jack Soft Organic Apricots Ready To Eat 200G,£2.50,£12.50/kg,£2.00 Clubcard Price,treats_snacks,2024-11-05
Whitworths Dried Chilean Orchard Prunes 190G,£2.00,£10.53/kg,Any 2 for £3.20 Clubcard Price - Selected Whitworths Classics Multibuy 130g-350g,treats_snacks,2024-11-05
Cadbury Delights Orange Caramel Chocolate Nougat Bar 5 Pack 110g,£1.90,£1.73/100g,null,treats_snacks,2024-11-05
Cadbury Delights Hazelnut Caramel Chocolate Nougat Bar 5 Pack 110g,£1.90,£1.73/100g,null,treats_snacks,2024-11-05
Cadbury Delights Salted Caramel Chocolate Nougat Bar 5 Pack 110g,£1.90,£1.73/100g,null,treats_snacks,2024-11-05
Milkybar White Medium Multipack 4 x 25g,£1.85,£1.85/100g,null,treats_snacks,2024-11-05
Twix Caramel & White Chocolate Fingers Biscuit Twin Bars 4 x 46g,£1.75,£0.95/100g,null,treats_snacks,2024-11-05
Forest Feast Dark Chocolate Cashews 40 g,£1.35,£33.75/kg,"£5 Meal Deal Clubcard Price £5.50 Meal Deal Regular Price - Selected Drink + Snack + Tesco Finest* Or Branded Sandwich, Wrap, Roll, Salad Or Sushi",treats_snacks,2024-11-05
Snickers Creamy Peanut Butter & Milk Chocolate Duo Bars 4 x 36.5g,£1.75,£1.20/100g,null,treats_snacks,2024-11-05
Cadbury Dairy Milk Twisted Chocolate Buttons Bag 105g,£1.75,£1.67/100g,null,treats_snacks,2024-11-05
Twix Caramel & Milk Chocolate Fingers Biscuit Twin Bars 4 x 40g,£1.75,£1.09/100g,null,treats_snacks,2024-11-05
Tesco Maple Honey Roasted Nuts 350G,£3.50,£10.00/kg,£3.00 Clubcard Price,treats_snacks,2024-11-05
M&M's Crispy Milk Chocolate Bites 107g,£1.65,£1.54/100g,null,treats_snacks,2024-11-05
Milky Way Magic Stars Milk Chocolate Bites 100g,£1.65,£1.65/100g,null,treats_snacks,2024-11-05
Bounty Coconut & Milk Chocolate Duo Bars Multipack 4 x 57g,£1.75,£0.77/100g,null,treats_snacks,2024-11-05
Cadbury Curly Wurly Chocolate Bar 5 Pack Multipack 107.5g,£1.40,£1.30/100g,null,treats_snacks,2024-11-05
Tesco Finest Roasted Pistachio Ice Cream 480Ml,£3.00,£0.62/100ml,null,treats_snacks,2024-11-05
Cadbury Fudge Chocolate Bar 5 Pack Multipack 110g,£1.40,£1.27/100g,null,treats_snacks,2024-11-05
M&M's Minis Milk Chocolate Bites 115g,£1.65,£1.44/100g,null,treats_snacks,2024-11-05
Quality Street Bag 300g,£4.00,£1.33/100g,null,treats_snacks,2024-11-05
Reese's Milk Chocolate Peanut Butter Cups Mini's Unwrapped More To Share Pouch 185g,£3.00,£1.62/100g,null,treats_snacks,2024-11-05
Cruga Original Beef Biltong 60g,£3.00,£5.00/100g,null,treats_snacks,2024-11-05
Peperami BBQ Minis 10x10g,£3.00,£3.00/100g,null,treats_snacks,2024-11-05
Tesco Finest Orange 47% Dark Chocolate 100g,£2.00,£2.00/100g,null,treats_snacks,2024-11-05
Tesco Finest Mint 47% Dark Chocolate 100g,£2.00,£2.00/100g,null,treats_snacks,2024-11-05
KP Flavour Kravers Sweet'N'Smokey BBQ Flavour Peanuts 140g,£3.00,£2.14/100g,Save 1/3 £2.00 Clubcard Price,treats_snacks,2024-11-05
"Tesco Finest Madagascan Vanilla, Clotted Cream & Choc Chip Shortbread 150g",£2.40,£1.60/100g,null,treats_snacks,2024-11-05
Tesco Finest 75% Ecuador Dark Chocolate 100g,£2.00,£2.00/100g,null,treats_snacks,2024-11-05
Peperami Original 5x20g,£3.00,£3.00/100g,Save 1/3 £2.00 Clubcard Price,treats_snacks,2024-11-05
Peperami Firestick 5x20g,£3.00,£3.00/100g,Save 1/3 £2.00 Clubcard Price,treats_snacks,2024-11-05
Peperami Hot 5x20g,£3.00,£3.00/100g,Save 1/3 £2.00 Clubcard Price,treats_snacks,2024-11-05
Tesco Finest 85% Peru Dark Chocolate 100g,null,null,null,treats_snacks,2024-11-05
Kit Kat 4 Finger Vegan Chocolate Bar 41.5g,£1.00,£2.41/100g,"£5 Meal Deal Clubcard Price £5.50 Meal Deal Regular Price - Selected Drink + Snack + Tesco Finest* Or Branded Sandwich, Wrap, Roll, Salad Or Sushi",treats_snacks,2024-11-05
Terry's Orange Milk Chocolate Minis 95g,£1.45,£1.53/100g,null,treats_snacks,2024-11-05
Marmite Potato Crisps 6 x 25g,null,null,null,treats_snacks,2024-11-05
Walkers Monster Munch BBQ Sauce Flavour Crisps 6 x 16g,£2.00,£2.08/100g,£1.65 Clubcard Price,treats_snacks,2024-11-05
Snickers Creamy Peanut Butter & Milk Chocolate Trio Bar 54.75g,£1.15,£2.10/100g,"£5 Meal Deal Clubcard Price £5.50 Meal Deal Regular Price - Selected Drink + Snack + Tesco Finest* Or Branded Sandwich, Wrap, Roll, Salad Or Sushi",treats_snacks,2024-11-05
Lindt Classic Milk Chocolate 40g,£1.00,£2.50/100g,"£5 Meal Deal Clubcard Price £5.50 Meal Deal Regular Price - Selected Drink + Snack + Tesco Finest* Or Branded Sandwich, Wrap, Roll, Salad Or Sushi",treats_snacks,2024-11-05
Walkers Wotsits Crispy Bacon Flavour Crisps 6 x 12g,£2.00,£2.78/100g,£1.65 Clubcard Price,treats_snacks,2024-11-05
Smiths Frazzles Bacon Multipack Crisps 6 x 20g,£1.50,£1.25/100g,null,treats_snacks,2024-11-05
Mallow & Marsh Milk Chocolate & Coconut Marshmallow Bar 35g,£1.35,£3.86/100g,"£5 Meal Deal Clubcard Price £5.50 Meal Deal Regular Price - Selected Drink + Snack + Tesco Finest* Or Branded Sandwich, Wrap, Roll, Salad Or Sushi",treats_snacks,2024-11-05
Snickers Milk Chocolate Duo Bar 83.4G,£0.90,£1.08/100g,"£5 Meal Deal Clubcard Price £5.50 Meal Deal Regular Price - Selected Drink + Snack + Tesco Finest* Or Branded Sandwich, Wrap, Roll, Salad Or Sushi",treats_snacks,2024-11-05
Cadbury Starbar Milk Chocolate Duo Bars 74g,£1.15,£1.55/100g,"£5 Meal Deal Clubcard Price £5.50 Meal Deal Regular Price - Selected Drink + Snack + Tesco Finest* Or Branded Sandwich, Wrap, Roll, Salad Or Sushi",treats_snacks,2024-11-05
Lindt Milk Chocolate & Hazelnut Choco Wafer Bar 30G,£1.00,£3.33/100g,"£5 Meal Deal Clubcard Price £5.50 Meal Deal Regular Price - Selected Drink + Snack + Tesco Finest* Or Branded Sandwich, Wrap, Roll, Salad Or Sushi",treats_snacks,2024-11-05
Cadbury's Top Deck Milk Chocolate & White Chocolate Bar 110g,£1.50,£1.36/100g,null,treats_snacks,2024-11-05
Rowntree's Fruit Pastilles Sweets 48g,£0.70,£1.46/100g,"£5 Meal Deal Clubcard Price £5.50 Meal Deal Regular Price - Selected Drink + Snack + Tesco Finest* Or Branded Sandwich, Wrap, Roll, Salad Or Sushi",treats_snacks,2024-11-05
M&M's Crispy Milk Chocolate Bites 77g,£1.35,£1.75/100g,null,treats_snacks,2024-11-05
Twix Xtra White Chocolate Biscuit Twin Bars 75g,£1.00,£1.33/100g,"£5 Meal Deal Clubcard Price £5.50 Meal Deal Regular Price - Selected Drink + Snack + Tesco Finest* Or Branded Sandwich, Wrap, Roll, Salad Or Sushi",treats_snacks,2024-11-05
Twix Xtra Milk Chocolate Biscuit Twin Bars 75g,£1.00,£1.33/100g,"£5 Meal Deal Clubcard Price £5.50 Meal Deal Regular Price - Selected Drink + Snack + Tesco Finest* Or Branded Sandwich, Wrap, Roll, Salad Or Sushi",treats_snacks,2024-11-05
M&M's Peanut Chocolate Treat Bag 82G,£1.20,£1.46/100g,null,treats_snacks,2024-11-05
Nerds Candy Sweets Gummy Clusters Bag Fruits 45g,£1.00,£2.22/100g,null,treats_snacks,2024-11-05
Maltesers Chocolate Treat Bag 68G,£1.35,£1.98/100g,null,treats_snacks,2024-11-05
Bounty Coconut & Milk Chocolate Duo Bar 57g,£0.85,£1.49/100g,"£5 Meal Deal Clubcard Price £5.50 Meal Deal Regular Price - Selected Drink + Snack + Tesco Finest* Or Branded Sandwich, Wrap, Roll, Salad Or Sushi",treats_snacks,2024-11-05
Kit Kat Chunky Duo Hazelnut Chocolate Bar 68g,£1.00,£1.47/100g,"£5 Meal Deal Clubcard Price £5.50 Meal Deal Regular Price - Selected Drink + Snack + Tesco Finest* Or Branded Sandwich, Wrap, Roll, Salad Or Sushi",treats_snacks,2024-11-05
Twix Xtra Salted Caramel Milk Chocolate Biscuit Twin Bars 75g,£1.00,£1.33/100g,"£5 Meal Deal Clubcard Price £5.50 Meal Deal Regular Price - Selected Drink + Snack + Tesco Finest* Or Branded Sandwich, Wrap, Roll, Salad Or Sushi",treats_snacks,2024-11-05
Gummi Zone Big Burger 28G,£0.40,£1.43/100g,null,treats_snacks,2024-11-05
Cadbury Twirl Xtra Chocolate Duo Bars 54G,£1.15,£2.13/100g,"£5 Meal Deal Clubcard Price £5.50 Meal Deal Regular Price - Selected Drink + Snack + Tesco Finest* Or Branded Sandwich, Wrap, Roll, Salad Or Sushi",treats_snacks,2024-11-05
HARIBO Tropi-Slices Vegetarian Sweets Pocket Size Bag 42g,£0.60,£1.43/100g,null,treats_snacks,2024-11-05
Galaxy Ripple Milk Chocolate Bar 30G,£0.75,£2.50/100g,"£5 Meal Deal Clubcard Price £5.50 Meal Deal Regular Price - Selected Drink + Snack + Tesco Finest* Or Branded Sandwich, Wrap, Roll, Salad Or Sushi",treats_snacks,2024-11-05
Gummy Zone Pizza 21G,£0.30,£1.43/100g,null,treats_snacks,2024-11-05
Tesco Macadamia Nuts 100G,£3.25,£32.50/kg,null,treats_snacks,2024-11-05
Dairylea Cheese Slices 18 pack 18x20.5G,£2.80,£7.59/kg,null,treats_snacks,2024-11-05
Cadbury Dairy Milk Chocolate Giant Buttons Share Bag 330g,£3.85,£1.17/100g,null,treats_snacks,2024-11-05
Midland Snacks Traditional Pork Scratchings 40G,£1.50,£3.75/100g,null,treats_snacks,2024-11-05
EPIC GIANT TOASTIN' MARSH-MALLOWS 300G,£2.50,£0.83/100g,null,treats_snacks,2024-11-05
Itsu Crispy Seaweed Thins Sea Salt 4X5g,£2.85,£14.25/100g,£2.00 Clubcard Price,treats_snacks,2024-11-05
Itsu Seaweed Sweet Soy & Sea Salt Thins 4 X 5G,£2.85,£14.25/100g,£2.00 Clubcard Price,treats_snacks,2024-11-05
Galaxy Milk Chocolate Digestive Biscuits 300g,£2.45,£0.82/100g,Better than Half Price £1.00 Clubcard Price,treats_snacks,2024-11-05
Tesco Finest 48% Dark Milk Chocolate 100g,£2.00,£2.00/100g,null,treats_snacks,2024-11-05
Fruit Bowl Strawberry Vanilla Fruity Twists 5 X 16G,£2.75,£3.44/100g,null,treats_snacks,2024-11-05
KP Honey Roast Peanuts Snack Packs 5 x 30g,£3.25,£2.17/100g,null,treats_snacks,2024-11-05
Maynards Bassetts Jelly Babies Sweets Sharing Bag 350G,£2.75,£0.79/100g,null,treats_snacks,2024-11-05
Maynards Bassetts Wine Gums Sweets Sharing Bag 350G,£2.75,£0.79/100g,null,treats_snacks,2024-11-05
Maynards Bassetts Liquorice Allsorts Sweets Sharing Bag 350G,£2.75,£0.79/100g,null,treats_snacks,2024-11-05
Ritter Sport Dark Whole Hazlenuts 100G,£2.20,£22.00/kg,£1.90 Clubcard Price,treats_snacks,2024-11-05
Fruit Bowl Raisins Yogurt 5X21g,£2.25,£21.43/kg,null,treats_snacks,2024-11-05
Fruit Bowl Yogurt Flakes Raspberry 5x18g,£2.25,£25.00/kg,null,treats_snacks,2024-11-05
Fruit Bowl Yogurt Flakes Strawberry 5X18g,£2.25,£25.00/kg,null,treats_snacks,2024-11-05
Snack a Jacks Caramel Jumbo Rice Cakes 159g,£2.25,£1.42/100g,null,treats_snacks,2024-11-05
Hayden's 4 Delicious Yum Yums,£1.65,£0.41/each,null,treats_snacks,2024-11-05
Pip & Nut Peanut Butter Stuffed Chocolate Oat Bars 3 x 48g,£3.00,£2.08/100g,Save 25% £2.25 Clubcard Price,treats_snacks,2024-11-05
Pip & Nut Peanut Butter Stuffed Original Oat Bars 3 x 48g,£3.00,£2.08/100g,Save 25% £2.25 Clubcard Price,treats_snacks,2024-11-05
Snack a Jacks Chocolate Chip Jumbo Rice Cakes 180g,£2.25,£1.25/100g,null,treats_snacks,2024-11-05
McVitie's Digestives Seriously Chocolatey Biscuits 250g,£1.90,£0.76/100g,null,treats_snacks,2024-11-05
Jacobs Biscuits For Cheese Tub 900G,£6.00,£0.67/100g,£5.00 Clubcard Price,treats_snacks,2024-11-05
Dole Mangoes In Fruit Juice 4 X 113G,£2.30,£0.85/100g DR.WT,£1.85 Clubcard Price,treats_snacks,2024-11-05
Dole Tropical Fruit In Juice 4X113g,£2.30,£0.51/100g DR.WT,£1.85 Clubcard Price,treats_snacks,2024-11-05
Jacob's Mini Cheddars Smoked Cheddar Flavour Baked Snacks 6 x 23g,£1.75,£1.27/100g,null,treats_snacks,2024-11-05
Discos Salt & Vinegar Flavour Crisps 6 x 25.5g,£1.45,£0.95/100g,null,treats_snacks,2024-11-05
Bonds of London Pear Drops 130g,£1.25,£0.96/100g,null,treats_snacks,2024-11-05
Smiths Chipsticks Salt & Vinegar Multipack Crisps 6 x 17g,£1.50,£1.47/100g,null,treats_snacks,2024-11-05
Jacob's Mini Cheddars Cheddar & Roasted Tomato Flavour Baked Snacks 6 x 23g,£1.75,£1.27/100g,null,treats_snacks,2024-11-05
McVitie's Digestives Gold Golden Caramel Flavour Biscuits 232g,£1.90,£0.82/100g,null,treats_snacks,2024-11-05
Cheetos Puffs Sweet & Spicy Flamin' Hot Crisps 6 x 13g,£1.25,£1.60/100g,null,treats_snacks,2024-11-05
Cadbury Dairy Milk Chocolate Xmas Santa Hollow 100g,£3.00,£3.00/100g,Save 25% £2.25 Clubcard Price,treats_snacks,2024-11-05
Tesco Merry Marzipan Fruits 150g,£4.00,£2.67/100g,null,treats_snacks,2024-11-05
Cadbury Dairy Milk Chocolate Xmas Coins Bag 70g,£2.00,£2.86/100g,£1.65 Clubcard Price,treats_snacks,2024-11-05
On the Nice List Message Bottle 360g,£5.00,£1.39/100g,£4.00 Clubcard Price,treats_snacks,2024-11-05
York Fruits Assortment Of Fruit Jellies 350G,£4.00,£11.43/kg,null,treats_snacks,2024-11-05
Toblerone Crunchy Almonds 360G,£6.00,£16.67/kg,£4.25 Clubcard Price,treats_snacks,2024-11-05
Tesco Milk Chocolate Santa 175G,£2.00,£1.14/100g,null,treats_snacks,2024-11-05
Reese's Milk Chocolate Peanut Butter Snack Size Cups Multipack 297g,£4.50,£1.52/100g,null,treats_snacks,2024-11-05
Cadbury Chocolate Xmas Santa Selection Box Medium 125g,£2.50,£2.00/100g,£1.70 Clubcard Price,treats_snacks,2024-11-05
Cadbury Crunchie Chocolate Bar 9 Pack Multipack 234.9g,£3.00,£1.28/100g,null,treats_snacks,2024-11-05
Ferrero Rocher Golden Moments Milk 90g,£3.50,£3.89/100g,£3.00 Clubcard Price,treats_snacks,2024-11-05
Tesco Abominable Snowman Hollow 130g,£3.50,£2.69/100g,null,treats_snacks,2024-11-05
Kit Kat 2 Finger Orange Chocolate 14 Bar Pack 289.8G,£3.50,£1.21/100g,null,treats_snacks,2024-11-05
Kinder Bueno Chcolate Eggs 80G,£3.50,£4.38/100g,£2.75 Clubcard Price,treats_snacks,2024-11-05
Cadbury Dairy Milk Chocolate Xmas Mini Puds Bag 73g,£1.75,£2.40/100g,£1.50 Clubcard Price,treats_snacks,2024-11-05
Mars Chocolate Snack Bars Multipack 9 x 33.8g,£2.90,£0.95/100g,£2.50 Clubcard Price,treats_snacks,2024-11-05
Galaxy Ripple Milk Chocolate Bar 7 x 30g,£2.90,£1.38/100g,£2.50 Clubcard Price,treats_snacks,2024-11-05
Tic Tac Fruit Adventure 4 Pack 72G,£1.75,£2.43/100g,null,treats_snacks,2024-11-05
Loacker Chocolaterie Dark Chocolate Wafer Bars 4 x 17.5g,£2.00,£2.86/100g,null,treats_snacks,2024-11-05
Cadbury Wispa Chocolate Bar 9 Pack Multipack 213.3g,£3.00,£1.41/100g,null,treats_snacks,2024-11-05
Cadbury Twirl Chocolate Bar 10 Pack Multipack 215g,£3.00,£1.40/100g,null,treats_snacks,2024-11-05
Cadbury Dairy Milk Chocolate Bar 9 Pack Multipack 244.8g,£3.00,£1.22/100g,null,treats_snacks,2024-11-05
Cadbury Double Decker Chocolate Bar 9 Pack Multipack 335.7g,£3.00,£0.89/100g,null,treats_snacks,2024-11-05
Loacker Chocolaterie Milk Chocolate Wafer Bars 4 x 17.5g,£2.00,£2.86/100g,null,treats_snacks,2024-11-05
"Kit Kat 2 Finger Caramel Chocolate Biscuit Bars Multipack, 9 Pack",£2.20,£1.18/100g,Save 25% £1.65 Clubcard Price,treats_snacks,2024-11-05
Lindt Teddy with Gift Tag 100g,£3.50,£3.50/100g,£3.00 Clubcard Price,treats_snacks,2024-11-05
Milkybar Fairy Lights Block 100g,£1.50,£1.50/100g,£1.35 Clubcard Price,treats_snacks,2024-11-05
Reese's Peanut Butter Milk Chocolate Miniatures DJ Santa's Disco Lights 62g,£1.50,£2.42/100g,null,treats_snacks,2024-11-05
Rowntree's Jelly Tots Tube 115G,£1.50,£1.30/100g,£1.25 Clubcard Price,treats_snacks,2024-11-05
Maltesers Milk Chocolate Reindeer 29G,£0.75,£2.59/100g,60p Clubcard Price,treats_snacks,2024-11-05
HARIBO Tangfastics Sweets Tube 120g,£1.50,£1.25/100g,£1.25 Clubcard Price,treats_snacks,2024-11-05
HARIBO Starmix Sweets Tube 120g,£1.50,£1.25/100g,£1.25 Clubcard Price,treats_snacks,2024-11-05
Milkybar White Chocolate Pieces 80G,£1.50,£1.88/100g,£1.25 Clubcard Price,treats_snacks,2024-11-05
Cadbury Timeout Wafer Orange Chocolate Biscuit Bars 6 Pack 108g,£1.50,£1.39/100g,Save 1/3 £1.00 Clubcard Price,treats_snacks,2024-11-05
Cadbury Dairy Milk Buttons Tube 72G,£1.50,£2.08/100g,null,treats_snacks,2024-11-05
After Eight Winter Fondants 57G,£1.50,£2.63/100g,£1.35 Clubcard Price,treats_snacks,2024-11-05
Lindt LINDOR Assorted Mini Truffles 80g,£2.50,£3.12/100g,£1.90 Clubcard Price,treats_snacks,2024-11-05
HARIBO Merry Mix Sweets Share Bag 160g,£1.25,£0.78/100g,£1.10 Clubcard Price,treats_snacks,2024-11-05
M&M's Crispy Milk Chocolate Santa 29g,£0.75,£2.59/100g,60p Clubcard Price,treats_snacks,2024-11-05
Cadbury Timeout Wafer Chocolate Biscuit Bars 6 Pack 108g,£1.50,£1.39/100g,Save 1/3 £1.00 Clubcard Price,treats_snacks,2024-11-05
HARIBO Elf Surprises Vegetarian Sweets Share Bag 160g,£1.25,£0.78/100g,£1.10 Clubcard Price,treats_snacks,2024-11-05
Terry's Chocolate Mint 145G,null,null,null,treats_snacks,2024-11-05
Tic Tac Berry Bliss 18g,£0.75,£4.17/100g,"£5 Meal Deal Clubcard Price £5.50 Meal Deal Regular Price - Selected Drink + Snack + Tesco Finest* Or Branded Sandwich, Wrap, Roll, Salad Or Sushi",treats_snacks,2024-11-05
Tesco Mince Pie Fudge 125g,£1.20,£0.96/100g,null,treats_snacks,2024-11-05
Lindt Teddy Aug/Reality Chocolate Ad/Cal 250G,£12.00,£4.80/100g,null,treats_snacks,2024-11-05
Kinder Chocolate Advent Calendar 144G,£7.50,£5.21/100g,Save 25% £5.50 Clubcard Price,treats_snacks,2024-11-05
Walkers Classic Variety Multipack Crisps 32x25g,£7.50,£0.94/100g,null,treats_snacks,2024-11-05
Tesco Finest Belgian Milk Chocolate Caramel & Sea Salt Cookies 200g,£2.10,£1.05/100g,null,treats_snacks,2024-11-05
Mentos Pure Fresh Tropical Flavour Gum 50 Pieces 100G,£2.80,£2.80/100g,null,treats_snacks,2024-11-05
Mentos Pure Fresh Cherry Flavour Gum 50 Pieces 97G,£2.80,£2.89/100g,null,treats_snacks,2024-11-05
Xmas Wishes Message Bottle 350g,£5.00,£1.43/100g,£4.00 Clubcard Price,treats_snacks,2024-11-05
Tesco Abominable Snowman White Chocolate Truffles 120g,£3.50,£2.92/100g,null,treats_snacks,2024-11-05
Cadbury Heroes Advent Calendar 230G,£7.50,£3.26/100g,Save 25% £5.50 Clubcard Price,treats_snacks,2024-11-05
Tesco Finest Fruity Flapjack Cookies 200g,£2.10,£1.05/100g,null,treats_snacks,2024-11-05
Wrigley's Extra Strawberry Sugarfree Chewing Gum Bottle 46 Pieces 64g,£2.50,£3.91/100g,null,treats_snacks,2024-11-05
Wrigley's Extra Blueberry Flavour Sugarfree Chewing Gum Bottle 46 Pieces 64g,£2.50,£2.50/each,null,treats_snacks,2024-11-05
Border Biscuits Assorted Snack Packs 10 Pack 260G,£3.50,£1.35/100g,null,treats_snacks,2024-11-05
Wrigley's Extra Watermelon Flavour Sugarfree Chewing Gum Bottle 46 Pieces 64g,£2.50,£3.91/100g,null,treats_snacks,2024-11-05
Wrigley's Extra Strawberry Flavour Sugarfree Chewing Gum 5 x 10 Pieces 70g,£2.50,£3.57/100g,null,treats_snacks,2024-11-05
LU Le Petit Cookie with Chocolate Chips 184g,£2.00,£1.09/100g,£1.20 Clubcard Price,treats_snacks,2024-11-05
Wrigley's Extra Blueberry Flavour Sugarfree Chewing Gum 5 x 10 Pieces 70g,£2.50,£3.57/100g,null,treats_snacks,2024-11-05
Tim Tam Dark Chocolaty Biscuit Bars x9 163g,£2.50,£1.53/100g,Save 25% £1.85 Clubcard Price,treats_snacks,2024-11-05
Tim Tam Caramel Chocolaty Biscuit Bars x9 175g,£2.50,£1.43/100g,Save 25% £1.85 Clubcard Price,treats_snacks,2024-11-05
Tim Tam Original Chocolaty Biscuit Bars x9 163g,£2.50,£1.53/100g,Save 25% £1.85 Clubcard Price,treats_snacks,2024-11-05
Fox's Fabulous Chocolatey Biscuits Dark Chocolate Rounds 130g,£2.25,£1.73/100g,Save 1/3 £1.50 Clubcard Price,treats_snacks,2024-11-05
Bahlsen Choco Leibniz White Chocolate Biscuits 111g,£2.25,£2.03/100g,Save 1/3 £1.50 Clubcard Price,treats_snacks,2024-11-05
Bahlsen Choco Leibniz Orange Chocolate Biscuits 111g,£2.25,£2.03/100g,Save 1/3 £1.50 Clubcard Price,treats_snacks,2024-11-05
Fox's Fabulous Half Coated Dark Chocolate Cookies 175g,£2.35,£1.34/100g,£1.25 Clubcard Price,treats_snacks,2024-11-05
Bahlsen Choco Leibniz Milk Chocolate Biscuits 111g,£2.25,£2.03/100g,Save 1/3 £1.50 Clubcard Price,treats_snacks,2024-11-05
Bahlsen Choco Leibniz Dark Chocolate Biscuits 111g,£2.25,£2.03/100g,Save 1/3 £1.50 Clubcard Price,treats_snacks,2024-11-05
McVitie's Gold Chocolate Biscuit Bars Family Pack 14 Pack 2x124g,£2.00,£8.06/kg,null,treats_snacks,2024-11-05
Sour Patch Kids Strawberry Sweets Bag 130g,£1.50,£1.15/100g,null,treats_snacks,2024-11-05
Lees 10 pack Snowballs 130g,£1.40,£1.08/100g,null,treats_snacks,2024-11-05
McVitie's Gold Caramel Flavour Biscuit Bars Multipack 7 x 18.3g,£1.25,£10.08/kg,£1.00 Clubcard Price,treats_snacks,2024-11-05
Tesco Finest Milk Chocolate Florentines 105g,£2.75,£2.62/100g,null,treats_snacks,2024-11-05
Airwaves Cherry Menthol Gum 10 Pieces,£0.80,£5.71/100g,null,treats_snacks,2024-11-05
Lotus Biscoff Sandwich Biscuits Milk Chocolate 150G,£1.70,£1.13/100g,null,treats_snacks,2024-11-05
Pick Up! Salted Caramel & Milk Chocolate Biscuit Bars 5 x 28g,£2.00,£1.43/100g,null,treats_snacks,2024-11-05
HARIBO Soda Twist Z!ng Sweets Share Bag 175g,£1.25,£0.71/100g,null,treats_snacks,2024-11-05
Maryland Double Chocolate Cookies 200G,£1.50,£0.75/100g,null,treats_snacks,2024-11-05
M&M's Minis Milk Chocolate Cookies 180g,£2.30,£1.28/100g,£1.35 Clubcard Price,treats_snacks,2024-11-05
McVitie's Penguin Milk Chocolate Biscuit Bar Multipack 7 x 24.6g,£1.75,£10.16/kg,null,treats_snacks,2024-11-05
Border Dark Chocolate Raspberry Biscuits 150g,£1.90,£1.27/100g,null,treats_snacks,2024-11-05
Mikado Milk Chocolate Biscuits 75G,£1.20,£1.60/100g,null,treats_snacks,2024-11-05
Terry's Milk Chocolate Ball 145g,£1.50,£1.03/100g,null,treats_snacks,2024-11-05
Ferrero Collection Advent Calendar 259g,£15.00,£5.79/100g,£13.50 Clubcard Price,treats_snacks,2024-11-05
Tony's Chocolonely Tiny's Countdown Calendar 216g,£12.00,£5.56/100g,£10.00 Clubcard Price,treats_snacks,2024-11-05
Toblerone Chocolate Xmas Advent Calendar 204g,£12.00,£5.88/100g,£10.00 Clubcard Price,treats_snacks,2024-11-05
Reese's Peanut Butter Advent Calendar 245g,£6.50,£2.65/100g,£5.50 Clubcard Price,treats_snacks,2024-11-05
Celebrations Milk Chocolate Christmas Tree Advent Calendar 215g,£8.00,£3.72/100g,£4.95 Clubcard Price,treats_snacks,2024-11-05
Tesco Extremely Chocolatey Biscuit Selection 400G,£4.50,£1.12/100g,null,treats_snacks,2024-11-05
Tesco Extremely Milk Chocolatey Biscuit Selection 400G,£4.50,£1.12/100g,null,treats_snacks,2024-11-05
Tesco Buttery Shortbread Selection 500G,£5.00,£1.00/100g,null,treats_snacks,2024-11-05
Cadbury Dairy Milk Caramel Flap Jack Bites X14,£2.75,£0.20/each,null,treats_snacks,2024-11-05
Cadbury Dairy Milk Flapjack Bites X14,£2.75,£0.20/each,null,treats_snacks,2024-11-05
Bounty Ice Cream Bars 4 X 50.1Ml,£2.50,£1.25/100ml,£2.00 Clubcard Price,treats_snacks,2024-11-05
Bear Fruit Splits Pineapple & Raspberry 5 Pack 100G,£2.85,£2.85/100g,Any 3 for 2 Clubcard Price - Cheapest Product Free - Selected Kids Snacking,treats_snacks,2024-11-05
Walkers Sensations Thai Sweet Chilli Multipack Crisps 5x25g,£2.00,£1.60/100g,£1.65 Clubcard Price,treats_snacks,2024-11-05
Fridge Raiders Variety Chicken Bites Mini Packs 7 X 22.5G,£2.80,£1.78/100g,null,treats_snacks,2024-11-05
Paterson's Scottish Cream Shortbread Selection 1Kg,£5.00,£0.50/100g,£4.00 Clubcard Price,treats_snacks,2024-11-05
Moo Free Choccy Advent Calendar 70g,£3.25,£4.64/100g,null,treats_snacks,2024-11-05
Nomo Free From And Vgn Chocolate Drops Ad/Cal 80G,£4.00,£5.00/100g,null,treats_snacks,2024-11-05
Doritos Tortilla Chips Chilli Heatwave Multipack Crisps 5 X 30g,£2.00,£1.33/100g,null,treats_snacks,2024-11-05
Aero Shaero Milk Chocolate Peppermint Bar 145g,£2.10,£1.45/100g,null,treats_snacks,2024-11-05
Ritter Sport Dark Chocolate Orange Bar 100g,£1.90,£1.90/100g,null,treats_snacks,2024-11-05
Tesco Finest Cranberry Oat And Orange Cookies 200G,£2.10,£1.05/100g,null,treats_snacks,2024-11-05
Fridge Raiders Southern Style Chicken Bites 5 X 22.5G,£2.25,£2.00/100g,null,treats_snacks,2024-11-05
Fridge Raiders Slow Roasted Chicken Bites 5X22.5G,£2.25,£2.00/100g,null,treats_snacks,2024-11-05
Fridge Raiders Smoky BBQ Chicken Bites 45g,£1.30,£2.89/100g,"£5 Meal Deal Clubcard Price £5.50 Meal Deal Regular Price - Selected Drink + Snack + Tesco Finest* Or Branded Sandwich, Wrap, Roll, Salad Or Sushi",treats_snacks,2024-11-05
Fridge Raiders Slow Roasted Chicken Bites 70G,£1.00,£1.43/100g,null,treats_snacks,2024-11-05
Paw Patrol Strawberry Fruit Rollers 5X 20G,£1.70,£17.00/kg,null,treats_snacks,2024-11-05
Fridge Raiders Southern Style Chicken Bites 45g,£1.30,£2.89/100g,"£5 Meal Deal Clubcard Price £5.50 Meal Deal Regular Price - Selected Drink + Snack + Tesco Finest* Or Branded Sandwich, Wrap, Roll, Salad Or Sushi",treats_snacks,2024-11-05
Fridge Raiders Slow Roasted Chicken Bites 45g,£1.30,£2.89/100g,"£5 Meal Deal Clubcard Price £5.50 Meal Deal Regular Price - Selected Drink + Snack + Tesco Finest* Or Branded Sandwich, Wrap, Roll, Salad Or Sushi",treats_snacks,2024-11-05
Fridge Raiders Southern Style Chicken Bites 70G,£1.00,£1.43/100g,null,treats_snacks,2024-11-05
Tesco Finest Speculoos & Caramel Shortbread Rounds 150G,£2.10,£1.40/100g,null,treats_snacks,2024-11-05
McCoy's Epic Eats Tex Mex Flamin' Fajita Flavour Ridge Cut Potato Crisps 6 x 25g,£2.25,£1.50/100g,null,treats_snacks,2024-11-05
Milkybar Buttons Jelly Ice Cream Pouch 95g,£1.65,£1.74/100g,null,treats_snacks,2024-11-05
Pringles Sour Cream & Onion 165g,£2.00,£1.21/100g,PRINGLES & Meal Deal for £2.50 Clubcard Price - Buy 1 Pringles And 1 Coke,treats_snacks,2024-11-05
Fridge Raiders Smoky Bbq Chicken Bites 3X22.5G,£1.60,£2.37/100g,£1.25 Clubcard Price,treats_snacks,2024-11-05
Seabrook Rings Pickled Onion Flavour Corn Snacks 6 x 16g,£1.25,£1.30/100g,null,treats_snacks,2024-11-05
Seabrook Bites Hot & Spicy Flavour Maize Balls 6 x 15g,£1.25,£1.39/100g,null,treats_snacks,2024-11-05
Fridge Raiders Hot & Spicy Chicken Bites 70g,£1.00,£1.43/100g,null,treats_snacks,2024-11-05
Tesco Finest Milk Chocolate Coated Shortbread Stars 140G,£2.10,£1.50/100g,null,treats_snacks,2024-11-05
Skinny Whip Double Chocolate Nougat Bars 5 x 20g,£0.99,£0.99/100g,null,treats_snacks,2024-11-05
Skinny Whip Mint And Dark Chocolate Bars 5X20g,£0.99,£0.99/100g,null,treats_snacks,2024-11-05
Tesco Finest Sticky Toffee Cookie 390G,£8.00,£2.05/100g,Save 25% £6.00 Clubcard Price,treats_snacks,2024-11-05
Tesco Finest Dark Chocolate And Stem Ginger Ckies 390G,£8.00,£2.05/100g,Save 25% £6.00 Clubcard Price,treats_snacks,2024-11-05
Oggs Mega Caramel & Vanilla Cupcakes 9 Pack,£9.00,£1.00/each,null,treats_snacks,2024-11-05
Cadbury Heroes Tin 750G,£12.00,£1.60/100g,£10.00 Clubcard Price,treats_snacks,2024-11-05
Lindt Lindor 70% Extra Dark Chocolate Truffles 200g,£6.30,£3.15/100g,£4.50 Clubcard Price,treats_snacks,2024-11-05
Trek Power with Lotus Biscoff Protein Bars 3 x 44g,£4.75,£3.60/100g,£3.75 Clubcard Price,treats_snacks,2024-11-05
Trek Power Millionaire Shortbread Protein Bars 3 x 44g,£4.75,£3.60/100g,£3.75 Clubcard Price,treats_snacks,2024-11-05
M&M's Crispy Milk Chocolate Bites 850g,£10.00,£1.18/100g,null,treats_snacks,2024-11-05
Reese's Peanut Butter Miniatures Milk & White Chocolate Cups Pouch 255g,£4.50,£1.76/100g,null,treats_snacks,2024-11-05
Tesco Finest Belgian Milk Chocolate Mini Florentine Wreath 135g,£5.00,£3.70/100g,null,treats_snacks,2024-11-05
M&M's Peanut Party Pouch 1 KG,£10.00,£1.00/100g,null,treats_snacks,2024-11-05
Quality Street Bag 750g,£7.00,£0.93/100g,null,treats_snacks,2024-11-05
Tesco Abominable Snowman Wobbler Tin With Mini Cookies 80g,£4.00,£50.00/kg,null,treats_snacks,2024-11-05
Oggs Plant-Based Mini Chocolate Cupcakes 9 Pack 180G,£4.00,£2.22/100g,null,treats_snacks,2024-11-05
Nature Valley Peanut & Chocolate Protein Cereal Bars 4 x 25g,£2.50,£2.50/100g,£1.75 Clubcard Price,treats_snacks,2024-11-05
Misfits Plant-Based Caramel Fudge Flavour Protein Bar 50g,£2.20,£4.40/100g,null,treats_snacks,2024-11-05
Misfits Plant-Based Cookie Butter Flavour Protein Bar 50g,£2.20,£4.40/100g,null,treats_snacks,2024-11-05
Maltesers Christmas Chocolate Mix 240G,£4.50,£1.88/100g,null,treats_snacks,2024-11-05
OREO Gingerbread Cookie Sandwich Biscuits 154g,£1.50,£0.97/100g,Save 1/3 £1.00 Clubcard Price,treats_snacks,2024-11-05
Tesco Finest Clementine Shortbread Fingers 165g,£2.10,£1.27/100g,null,treats_snacks,2024-11-05
Nature Valley Salted Caramel Nut Protein Cereal Bars 4 x 25g,£2.50,£2.50/100g,£1.75 Clubcard Price,treats_snacks,2024-11-05
"Tesco Mini Lebkuchen Stars, Hearts & Pretzels 400g",£2.25,£0.56/100g,null,treats_snacks,2024-11-05
Eat Natural Fruit & Nut Protein Bars with Peanuts & Dark Chocolate 3 x 40g,£2.40,£2.00/100g,null,treats_snacks,2024-11-05
Tesco Finest All Butter Honey and Demerara Shortbread Rounds 150g,£2.10,£1.40/100g,null,treats_snacks,2024-11-05
Fox's Half Coated Milk Chocolate Winter Spiced Cookies 175g,£2.35,£1.34/100g,£1.50 Clubcard Price,treats_snacks,2024-11-05
"Eat Natural Fruit & Nut Protein Bars with Peanuts, Almonds & Salted Caramel 3 x 40g",£2.40,£2.00/100g,null,treats_snacks,2024-11-05
Bahlsen Choco Leibniz Mint 111g,£2.25,£2.03/100g,Save 1/3 £1.50 Clubcard Price,treats_snacks,2024-11-05
Tesco Finest Apple Crumble Shortbread 150g,£2.10,£1.40/100g,null,treats_snacks,2024-11-05
Tesco Abominable Snowman Mini Biscuits 100g,£1.20,£1.20/100g,null,treats_snacks,2024-11-05
Celebrations Milk Chocolates Pouch 325g,£4.00,£1.23/100g,null,treats_snacks,2024-11-05
Graze Lively Lemon Oat Boosts 50g,£1.20,£2.40/100g,"£5 Meal Deal Clubcard Price £5.50 Meal Deal Regular Price - Selected Drink + Snack + Tesco Finest* Or Branded Sandwich, Wrap, Roll, Salad Or Sushi",treats_snacks,2024-11-05
Kings Beef Biltong Rib Eye Flavour 20g,£1.30,£65.00/kg,"£5 Meal Deal Clubcard Price £5.50 Meal Deal Regular Price - Selected Drink + Snack + Tesco Finest* Or Branded Sandwich, Wrap, Roll, Salad Or Sushi",treats_snacks,2024-11-05
Cadbury Dairy Milk Little Robbins 77G,£1.50,£1.95/100g,null,treats_snacks,2024-11-05
Cadbury Animals Festive Chocolate Covered Mini Biscuits 119g,£1.50,£1.26/100g,£1.25 Clubcard Price,treats_snacks,2024-11-05
Tesco Abominable Snowman 6 Coconut Mallows 125g,£1.00,£0.80/100g,null,treats_snacks,2024-11-05
Mcvitie's Family Circle Biscuit Assortment 400G,£2.50,£0.62/100g,£2.25 Clubcard Price,treats_snacks,2024-11-05
Toblerone Tiny Milk/White/Dark Chocolate Bars Pouch 280g,£4.00,£1.43/100g,null,treats_snacks,2024-11-05
Mcvitie's Family Circle Biscuits Assortment 800G,£4.65,£0.58/100g,null,treats_snacks,2024-11-05
Tesco Finest Triple Chocolate Cookies Tin 390g,£8.00,£2.05/100g,Save 25% £6.00 Clubcard Price,treats_snacks,2024-11-05
Celebrations Milk Chocolates Tub 550g,£6.00,£1.09/100g,Save 25% £4.50 Clubcard Price,treats_snacks,2024-11-05
Lotus Biscoff White Chocolate with Biscoff Cream 180g,£3.00,£1.67/100g,null,treats_snacks,2024-11-05
Galaxy Dairy & Gluten Free Selection Box 160g,£5.00,£3.12/100g,null,treats_snacks,2024-11-05
Cadbury Chocolate 200 Years Anniversary Selection Box 420g,£8.00,£1.90/100g,£6.50 Clubcard Price,treats_snacks,2024-11-05
Nomo 12 Mint Chocolate Bars Vegan & Free From 140G,£5.45,£3.89/100g,null,treats_snacks,2024-11-05
Cadbury Chocolate Xmas Stocking Selection Box 170g,£3.50,£2.06/100g,£3.00 Clubcard Price,treats_snacks,2024-11-05
Nairn's Gluten Free Savoury Biscuit Selection 235g,£4.00,£1.70/100g,null,treats_snacks,2024-11-05
Galaxy Milk Chocolate Large Selection Box 234g,£3.50,£1.50/100g,£2.75 Clubcard Price,treats_snacks,2024-11-05
Reese's Peanut Butter Selection Box 157g,£3.50,£2.23/100g,£3.00 Clubcard Price,treats_snacks,2024-11-05
Tesco Finest Free From Chocolate Orange Cookies 150g,£2.60,£1.73/100g,null,treats_snacks,2024-11-05
Tesco Finest Free From Chocolate Thins 105g,£4.00,£3.81/100g,null,treats_snacks,2024-11-05
TESCO Free From Santa’s Workshop Choc Selection Box 120g,£3.95,£3.29/100g,null,treats_snacks,2024-11-05
Tesco Free From Abominable Snowman White Chocolate & Toasted Mallow Flavour 100g,£3.95,£3.95/100g,null,treats_snacks,2024-11-05
Gogo Squeez Fruit Snack Apple 4X90g,£2.55,£0.71/100g,Any 3 for 2 Clubcard Price - Cheapest Product Free - Selected Kids Snacking,treats_snacks,2024-11-05
Tesco Finest Belgium Chocolate Chunk Shortbread 150g,£2.35,£1.57/100g,null,treats_snacks,2024-11-05
Tesco Finest Free From Salted Caramel Truffles 80g,£4.00,£5.00/100g,null,treats_snacks,2024-11-05
Fulfil Chocolate Hazelnut Whip Vitamin & Protein Bar 40G,£2.00,£5.00/100g,"£5 Meal Deal Clubcard Price £5.50 Meal Deal Regular Price - Selected Drink + Snack + Tesco Finest* Or Branded Sandwich, Wrap, Roll, Salad Or Sushi",treats_snacks,2024-11-05
Tesco Free From Choc Chip Christmas Trees 112g,£1.80,£1.61/100g,null,treats_snacks,2024-11-05
Tesco Finest Free From Millionaires Cookies 150g,£2.60,£1.73/100g,null,treats_snacks,2024-11-05
M&M's & Friends Milk Chocolate Medium Selection Box 137g,£3.00,£2.19/100g,Save 1/3 £2.00 Clubcard Price,treats_snacks,2024-11-05
Maltesers And Friends Chocolate Selection Box 207G,£3.50,£1.69/100g,£2.75 Clubcard Price,treats_snacks,2024-11-05
Grenade Oreo Protein Bar 35g,£2.00,£5.71/100g,"£5 Meal Deal Clubcard Price £5.50 Meal Deal Regular Price - Selected Drink + Snack + Tesco Finest* Or Branded Sandwich, Wrap, Roll, Salad Or Sushi",treats_snacks,2024-11-05
Grenade Oreo White Chocolate Protein Bar 35g,£2.00,£5.71/100g,"£5 Meal Deal Clubcard Price £5.50 Meal Deal Regular Price - Selected Drink + Snack + Tesco Finest* Or Branded Sandwich, Wrap, Roll, Salad Or Sushi",treats_snacks,2024-11-05
Cadbury Small Xmas Selection Box 78G,£1.50,£1.92/100g,£1.15 Clubcard Price,treats_snacks,2024-11-05
Nestle White Selection Box 199g,£3.00,£1.51/100g,£2.50 Clubcard Price,treats_snacks,2024-11-05
Tesco Free From Maple & Bacon Curls 150g,£1.25,£0.83/100g,null,treats_snacks,2024-11-05
Tesco Free From Cheese & Caramelised Onion Chutney Flavoured Tree's 150g,£1.25,£0.83/100g,null,treats_snacks,2024-11-05
McVitie's Jaffa Cakes Cola Bottle Flavour 10 Pack,£1.25,£0.12/each,null,treats_snacks,2024-11-05
Moo Free Jingle Chums 15g,£0.90,£6.00/100g,null,treats_snacks,2024-11-05
NOMO Mint Reindeer 30g,£0.95,£3.17/100g,null,treats_snacks,2024-11-05
Tesco Free From Christmas Jazzies 40g,£0.95,£2.38/100g,null,treats_snacks,2024-11-05
Kit Kat Chocolate Selection Box 234G,£3.00,£1.28/100g,£2.50 Clubcard Price,treats_snacks,2024-11-05
The Snack Organisation Sour Cream & Chive Rice Crackers 100g,null,null,null,treats_snacks,2024-11-05
Rheal Superfoods Gut Feel 10x5g,£10.00,£200.00/kg,Save 25% £7.50 Clubcard Price,seed_nuts,2024-11-05
Rheal Superfoods Clean Greens 10x5g,£10.00,£200.00/kg,Save 25% £7.50 Clubcard Price,seed_nuts,2024-11-05
Gogo Squeez Fruit Snack Apple Mango 4X90g,£2.55,£0.71/100g,Any 3 for 2 Clubcard Price - Cheapest Product Free - Selected Kids Snacking,seed_nuts,2024-11-05
Tesco Wholefoods Pine Nuts 100G,£3.75,£37.50/kg,null,seed_nuts,2024-11-05
Tesco Cranberries 200G,£2.80,£14.00/kg,null,seed_nuts,2024-11-05
Tesco Almonds 200G,£2.65,£13.25/kg,null,seed_nuts,2024-11-05
Tesco Ready To Eat Prunes 500G,£3.85,£7.70/kg,null,seed_nuts,2024-11-05
Tesco Walnuts 200G,£2.65,£13.25/kg,null,seed_nuts,2024-11-05
Kp Dry Roasted Peanuts 415G,£4.50,£10.84/kg,null,seed_nuts,2024-11-05
Kp Original Salted Peanuts 415G,£4.50,£10.84/kg,null,seed_nuts,2024-11-05
Tesco Unsalted Mixed Nuts & Raisins 500G,£3.00,£6.00/kg,null,seed_nuts,2024-11-05
Kp Original Salted Peanuts 250G,£3.25,£13.00/kg,£2.75 Clubcard Price,seed_nuts,2024-11-05
Tesco Brazil Nuts 200G,£2.65,£13.25/kg,null,seed_nuts,2024-11-05
Tesco Honey Roast Peanuts & Cashews 200G,£2.75,£13.75/kg,null,seed_nuts,2024-11-05
Kp Dry Roasted Peanuts 250G,£3.25,£13.00/kg,£2.75 Clubcard Price,seed_nuts,2024-11-05
Tesco Mixed Nuts 200G,£2.65,£13.25/kg,null,seed_nuts,2024-11-05
Tesco Cashew Nuts 200G,£2.65,£13.25/kg,null,seed_nuts,2024-11-05
Tesco Unsalted Mixed Nuts Snacks 200 G,£2.20,£11.00/kg,null,seed_nuts,2024-11-05
Tesco Roasted & Salted Pistachios 150G,£2.25,£15.00/kg,null,seed_nuts,2024-11-05
Tesco Roasted Salted Cashew Nuts 150G,£2.45,£16.33/kg,null,seed_nuts,2024-11-05
Tesco Toasted Flaked Almonds 100G,£1.80,£18.00/kg,null,seed_nuts,2024-11-05
Bear Strawberry Yoyo Multipack 5X20g,£2.85,£2.85/100g,Any 3 for 2 Clubcard Price - Cheapest Product Free - Selected Kids Snacking,seed_nuts,2024-11-05
Tesco Soft Pitted Dates 250G,£2.00,£8.00/kg,null,seed_nuts,2024-11-05
Tesco Honey Roasted Cashews 150G,£2.45,£16.33/kg,null,seed_nuts,2024-11-05
Kellogg's Fruit Winders Strawberry Snack Rolls 5x17g,£2.00,£2.35/100g,Save 25% £1.50 Clubcard Price,seed_nuts,2024-11-05
Tesco Jumbo Roasted Salted Cashew Nuts 150G,£2.50,£16.67/kg,null,seed_nuts,2024-11-05
Tesco Roasted & Salted Pistachios 300 G,£3.70,£12.33/kg,£3.15 Clubcard Price,seed_nuts,2024-11-05
Tesco Sultanas 500G,£1.85,£3.70/kg,null,seed_nuts,2024-11-05
Kp Original Salted Peanuts 375G,£4.50,£12.00/kg,£3.50 Clubcard Price,seed_nuts,2024-11-05
Tesco Seedless Raisins 500G,£1.85,£3.70/kg,null,seed_nuts,2024-11-05
Kp Nuts Dry Roasted Peanuts 375G,£4.50,£12.00/kg,£3.50 Clubcard Price,seed_nuts,2024-11-05
Tesco Roasted & Salted Nut Snacks 200G,£2.20,£11.00/kg,null,seed_nuts,2024-11-05
Tesco Glace Cherry Halves 200G,£1.80,£9.00/kg,null,seed_nuts,2024-11-05
Mr Porky Original Scratchings 65G,£1.25,£1.92/100g,null,seed_nuts,2024-11-05
Tesco Roasted Salted Peanuts 550G,£2.20,£4.00/kg,null,seed_nuts,2024-11-05
Tesco Chia Seeds 150G,£1.20,£8.00/kg,null,seed_nuts,2024-11-05
Walkers Sensations Coated Peanuts Thai Sweet Chilli 150g,£2.50,£16.67/kg,null,seed_nuts,2024-11-05
Tesco Roasted Salted Peanuts 200G,£1.20,£6.00/kg,null,seed_nuts,2024-11-05
Tesco Dry Roasted Peanuts 200G,£1.20,£6.00/kg,null,seed_nuts,2024-11-05
Tesco Sweet Chilli Coated Peanuts 200G,£1.30,£6.50/kg,null,seed_nuts,2024-11-05
Tesco Dried Mixed Fruit 500G,£1.75,£3.50/kg,null,seed_nuts,2024-11-05
Walkers Sensations Roasted Peanuts Honey & Salt Sharing Bag 145g,£2.50,£17.24/kg,null,seed_nuts,2024-11-05
Paw Patrol Snack Raisins 126G (9X14g),£1.15,£0.91/100g,null,seed_nuts,2024-11-05
Tesco Pumpkin Seeds 150G,£1.20,£8.00/kg,null,seed_nuts,2024-11-05
Tesco Dry Roasted Peanuts 550G,£2.20,£4.00/kg,null,seed_nuts,2024-11-05
Tesco Soft Apricots 250G,£2.00,£8.00/kg,null,seed_nuts,2024-11-05
Stockwell & Co Roasted & Salted Cashews 125G,£0.99,£7.92/kg,null,seed_nuts,2024-11-05
Stockwell & Co Fruit And Nut Mix 200G,£0.59,£2.95/kg,null,seed_nuts,2024-11-05
Stockwell & Co Roasted & Salted Peanuts 200G,£0.54,£2.70/kg,null,seed_nuts,2024-11-05
Grower's Harvest Sultanas 500G,£1.10,£2.20/kg,null,seed_nuts,2024-11-05
Tesco Whole Foods Pistachio Nuts 250G,£6.20,£24.80/kg,null,seed_nuts,2024-11-05
Tesco Mixed Nuts 250G,£3.40,£13.60/kg,null,seed_nuts,2024-11-05
Bear Pure Fruit Yoyo Strawberry 9X20g,£4.65,£2.58/100g,null,seed_nuts,2024-11-05
Tesco Pecan Halves 200G,£3.50,£17.50/kg,null,seed_nuts,2024-11-05
Tesco Mango 200G,£3.60,£18.00/kg,null,seed_nuts,2024-11-05
Tesco Wholefoods 4 Seed Mix 300G,£2.25,£7.50/kg,null,seed_nuts,2024-11-05
Fruit Bowl Strawberry Peelers 5X16g,£2.75,£3.44/100g,null,seed_nuts,2024-11-05
Tesco Finest Roasted Nut Selection 190G,£3.70,£19.47/kg,null,seed_nuts,2024-11-05
Tesco Pistachio Nuts 200G,£2.65,£13.25/kg,null,seed_nuts,2024-11-05
Tesco Whole Blanched Almonds 100G,£1.80,£18.00/kg,null,seed_nuts,2024-11-05
Kp Salt & Vinegar Peanuts 225G,£3.25,£14.44/kg,null,seed_nuts,2024-11-05
Tesco Dried Mango 100G,£2.15,£21.50/kg,null,seed_nuts,2024-11-05
Kp Honey Roast Peanuts 225G,£3.25,£14.44/kg,null,seed_nuts,2024-11-05
Tesco Sea Salt & Black Pepper Cashew Nuts 150G,£2.45,£16.33/kg,null,seed_nuts,2024-11-05
Tesco Apple & Strawberry Fruit Slurpers 4X90g,£2.25,£0.62/100g,null,seed_nuts,2024-11-05
Tesco Apple & Banana Fruit Slurpers 4X90g,£2.25,£0.62/100g,null,seed_nuts,2024-11-05
Whitworths Sunny Raisins 14 X 14G,£2.40,£12.24/kg,Any 3 for 2 Clubcard Price - Cheapest Product Free - Selected Kids Snacking,seed_nuts,2024-11-05
Tesco Ready To Eat Apricots 500G,£4.00,£8.00/kg,null,seed_nuts,2024-11-05
Bear Pure Fruit Yoyo Raspberry 5 X 20G,£2.85,£2.85/100g,Any 3 for 2 Clubcard Price - Cheapest Product Free - Selected Kids Snacking,seed_nuts,2024-11-05
Mr. Porky Crispy Pork Strips 35G,£1.30,£3.71/100g,null,seed_nuts,2024-11-05
Kellogg's Fruit Winders Doubles Strawberry & Blackcurrant 5X17g,£2.00,£2.35/100g,Save 25% £1.50 Clubcard Price,seed_nuts,2024-11-05
Kellogg's Fruit Winders Doubles Strawberry & Apple Snack Rolls 5x17g,£2.00,£2.35/100g,Save 25% £1.50 Clubcard Price,seed_nuts,2024-11-05
Fruit Factory Multi Fruit Strings 5 Pack 100G,£2.45,£2.45/100g,£1.95 Clubcard Price,seed_nuts,2024-11-05
Tesco Currants 500G,£2.00,£4.00/kg,null,seed_nuts,2024-11-05
Fruit Factory Multi Fruit Stars 5 Pack 100G,£2.45,£2.45/100g,£1.95 Clubcard Price,seed_nuts,2024-11-05
Tesco Sunflower Seeds 150G,£1.20,£8.00/kg,null,seed_nuts,2024-11-05
Tesco Organic Medjool Dates 200G,£2.50,£12.50/kg,null,seed_nuts,2024-11-05
Tesco Seedless Raisins 12 Pack 168G,£1.40,£8.33/kg,null,seed_nuts,2024-11-05
Whitworths Dried Golden Malatya Apricots 140G,£2.00,£14.29/kg,Any 2 for £3.20 Clubcard Price - Selected Whitworths Classics Multibuy 130g-350g,seed_nuts,2024-11-05
nakd. Berry Delight Fruit & Nut Bars Multipack 4 x 35g,£3.00,£2.14/100g,null,seed_nuts,2024-11-05
Tesco Roasted & Salted Almonds 100G,£1.55,£15.50/kg,null,seed_nuts,2024-11-05
Tesco Bombay Mix Snacks 200 G,£1.45,£7.25/kg,null,seed_nuts,2024-11-05
Tesco Glace Cherries 200G,£1.80,£9.00/kg,null,seed_nuts,2024-11-05
Tesco Sesame Seeds 100G,£1.20,£12.00/kg,null,seed_nuts,2024-11-05
Tesco Yogurt Coated Strawberry Fruit Bites 125G,£2.00,£1.60/100g,null,seed_nuts,2024-11-05
Tesco Prunes 250G,£2.00,£8.00/kg,null,seed_nuts,2024-11-05
Tesco Roasted Monkey Nuts 250G,£1.25,£5.00/kg,null,seed_nuts,2024-11-05
Tesco Milled Flax Seed Mix 175G,£1.75,£10.00/kg,£1.40 Clubcard Price,seed_nuts,2024-11-05
Walkers Sensations Coated Peanuts Smoked Chilli Sharing Bag 150g,£2.50,£1.67/100g,null,seed_nuts,2024-11-05
Tesco Bbq Flavoured Coated Peanuts 200G,£1.30,£6.50/kg,null,seed_nuts,2024-11-05
Peppa Pig Mini Snack Raisins 9X14g,£1.15,£9.13/kg,null,seed_nuts,2024-11-05
Tesco Soft Figs 250G,£2.00,£8.00/kg,null,seed_nuts,2024-11-05
Tesco Mixed Nuts & Pecans 25G,£0.70,£28.00/kg,Any 3 for 2 Clubcard Price - Cheapest Product Free - Selected Tesco Dried Fruit Or Nuts,seed_nuts,2024-11-05
Tesco Cashew Nuts 25G,£0.70,£28.00/kg,Any 3 for 2 Clubcard Price - Cheapest Product Free - Selected Tesco Dried Fruit Or Nuts,seed_nuts,2024-11-05
Tesco Cashew Nuts Snack Pack 60G,£1.00,£1.67/100g,Any 3 for 2 Clubcard Price - Cheapest Product Free - Selected Tesco Dried Fruit Or Nuts,seed_nuts,2024-11-05
Tesco Flame Raisins 500G,£3.30,£6.60/kg,null,seed_nuts,2024-11-05
Tesco Sunflower Seeds 300G,£2.80,£9.33/kg,null,seed_nuts,2024-11-05
Tesco Fruit And Nut Mix 200G,£2.65,£13.25/kg,null,seed_nuts,2024-11-05
Tesco Wholefood Ready To Eat Prunes 1Kg,£6.25,£6.25/kg,null,seed_nuts,2024-11-05
Tesco Roasted Salted Cashew Nuts 350,£4.40,£12.57/kg,null,seed_nuts,2024-11-05
Tesco Hazelnuts 250G,£3.50,£14.00/kg,null,seed_nuts,2024-11-05
Tesco Cranberries 100G,£2.00,£20.00/kg,null,seed_nuts,2024-11-05
Kp Unsalted Peanuts 250G,£3.25,£13.00/kg,£2.75 Clubcard Price,seed_nuts,2024-11-05
Fruit Bowl Raspberry Peelers 5X16g,£2.75,£3.44/100g,null,seed_nuts,2024-11-05
Tesco Organic Ground Almonds 100G,£2.50,£25.00/kg,null,seed_nuts,2024-11-05
Tesco Roasted Chopped Hazelnut 100G,£2.10,£21.00/kg,null,seed_nuts,2024-11-05
Tesco Whole Blanched Hazelnuts 100G,£2.10,£21.00/kg,null,seed_nuts,2024-11-05
Tesco Soft Figs 440G,£4.20,£9.54/kg,null,seed_nuts,2024-11-05
Tesco Unsalted Mixed Nuts & Raisins 250G,£2.00,£8.00/kg,null,seed_nuts,2024-11-05
Tesco Tropical Fruit Slurpers 4X90g,£2.25,£0.62/100g,null,seed_nuts,2024-11-05
Tesco Apple Fruit Slurper 4X90g,£2.25,£0.62/100g,null,seed_nuts,2024-11-05
Bear Bites Strawberry & Butternut Squash 5 Pack,£2.85,£3.17/100g,Any 3 for 2 Clubcard Price - Cheapest Product Free - Selected Kids Snacking,seed_nuts,2024-11-05
Organix Banana & Date 6 X 17G,£2.80,£2.74/100g,£2.50 Clubcard Price,seed_nuts,2024-11-05
Bear Giant Yoyo Strawberry & Mango 5 X 20G,£2.85,£2.85/100g,Any 3 for 2 Clubcard Price - Cheapest Product Free - Selected Kids Snacking,seed_nuts,2024-11-05
Bear Pure Fruit Yoyo Apple 5 X 20G,£2.85,£2.85/100g,Any 3 for 2 Clubcard Price - Cheapest Product Free - Selected Kids Snacking,seed_nuts,2024-11-05
Bear Pure Fruit Yoyo Mango 5 X 20G,£2.85,£2.85/100g,Any 3 for 2 Clubcard Price - Cheapest Product Free - Selected Kids Snacking,seed_nuts,2024-11-05
Bear Blackcurrant Yoyo Multipack 5X20g,£2.85,£2.85/100g,Any 3 for 2 Clubcard Price - Cheapest Product Free - Selected Kids Snacking,seed_nuts,2024-11-05
Fruit Factory 4 Flavour Fruit Twists 5 X 18G,£2.45,£27.22/kg,£1.95 Clubcard Price,seed_nuts,2024-11-05
Fruit Factory Fruit Strings Strawberry 5X20g,£2.45,£2.45/100g,£1.95 Clubcard Price,seed_nuts,2024-11-05
Tesco Pumpkin Seeds 250G,£1.95,£7.80/kg,null,seed_nuts,2024-11-05
Fruit Factory Fruit Hearts Strawberry 5X20g,£2.45,£2.45/100g,£1.95 Clubcard Price,seed_nuts,2024-11-05
Gogo Squeez Fruit Snack Apple Strawberry 4X90g,£2.55,£0.71/100g,Any 3 for 2 Clubcard Price - Cheapest Product Free - Selected Kids Snacking,seed_nuts,2024-11-05
nakd. Cocoa Orange Fruit & Nut Bars Multipack 4 x 35g,£3.00,£2.14/100g,null,seed_nuts,2024-11-05
Tesco 5 Coated Raisins In A Yogurt Coating 125G,£2.00,£1.60/100g,null,seed_nuts,2024-11-05
Whitworths Chopped Dates 250G,£2.00,£8.00/kg,Any 2 for £3.20 Clubcard Price - Selected Whitworths Classics Multibuy 130g-350g,seed_nuts,2024-11-05
Whitworths Stoned Sayer Dates 300G,£2.00,£6.67/kg,Any 2 for £3.20 Clubcard Price - Selected Whitworths Classics Multibuy 130g-350g,seed_nuts,2024-11-05
Tesco Unsalted Roasted Monkey Nuts 300G,£1.50,£5.00/kg,null,seed_nuts,2024-11-05
Kp Honey Roasted Peanuts 375G,£4.50,£12.00/kg,£3.50 Clubcard Price,seed_nuts,2024-11-05
Tesco Chopped Mixed Nuts 200G,£1.75,£8.75/kg,null,seed_nuts,2024-11-05
Marmite Oven Baked Cashews 90G,£2.50,£27.78/kg,null,seed_nuts,2024-11-05
Whitworths Extra Juicy Sultanas 325G,£2.00,£6.15/kg,Any 2 for £3.20 Clubcard Price - Selected Whitworths Classics Multibuy 130g-350g,seed_nuts,2024-11-05
Tesco Italian Mixed Peel 200G,£1.30,£6.50/kg,null,seed_nuts,2024-11-05
Whitworths Sunny Fruit Mix Ups Apricot & Mango 4X18g,£1.25,£1.74/100g,null,seed_nuts,2024-11-05
Tesco Coated Peanuts Pigs In Blankets 200G,£1.30,£6.50/kg,null,seed_nuts,2024-11-05
Tesco Mixed Fruit With Cranberry And Apricots 500G,£1.90,£3.80/kg,null,seed_nuts,2024-11-05
Grower's Harvest Trail Mix 300G,£1.29,£4.30/kg,null,seed_nuts,2024-11-05
Tesco Snack Pack Mango 35G,£1.00,£28.57/kg,Any 3 for 2 Clubcard Price - Cheapest Product Free - Selected Tesco Dried Fruit Or Nuts,seed_nuts,2024-11-05
Linwoods Milled Organic Flaxseed 425G,£6.30,£14.82/kg,null,seed_nuts,2024-11-05
Tesco Walnut Halves 250G,£3.60,£14.40/kg,null,seed_nuts,2024-11-05
Tesco Wholefood Luxury Fruit & Nut Mix 300G,£4.20,£14.00/kg,null,seed_nuts,2024-11-05
Bear Yoyo Mango 9Pack 180G,£4.65,£2.58/100g,null,seed_nuts,2024-11-05
Bear Yoyo Blackcurrant 9 Pack 180G,£4.65,£2.58/100g,null,seed_nuts,2024-11-05
Tesco Peanuts And Raisins 300G,£2.50,£8.33/kg,null,seed_nuts,2024-11-05
Tesco Wholefood Pistachio Nuts In Shell 250G,£3.70,£14.80/kg,null,seed_nuts,2024-11-05
Grenade Carb Killa Protein Bar - Chocolate Chip Salted Caramel 60g,£2.70,£4.50/100g,Save 25% £2.00 Clubcard Price,seed_nuts,2024-11-05
Tesco Seedless Raisins 1Kg,£3.60,£3.60/kg,null,seed_nuts,2024-11-05
Tesco Sesame Seeds 300G,£2.50,£8.33/kg,null,seed_nuts,2024-11-05
Tesco Organic Mixed Nuts 200G,£3.30,£16.50/kg,null,seed_nuts,2024-11-05
Tesco Organic Fair Trade Cashew Nuts 150G,£3.20,£21.33/kg,null,seed_nuts,2024-11-05
Fruit Bowl Blackcurrant Peelers 5X16g,£2.75,£3.44/100g,null,seed_nuts,2024-11-05
Tesco Jumbo Peanuts 300G,£2.10,£7.00/kg,null,seed_nuts,2024-11-05
Tesco Organic Brazil Nuts 100G,£2.10,£21.00/kg,null,seed_nuts,2024-11-05
Graze Marmite Crunch Sharing Bag 100G,£2.50,£25.00/kg,£1.50 Clubcard Price,seed_nuts,2024-11-05
Kp Chilli Peanuts 225G,£3.25,£14.44/kg,null,seed_nuts,2024-11-05
Bear Yoyo Sours Strawberry & Apple 5X20g,£2.85,£2.85/100g,Any 3 for 2 Clubcard Price - Cheapest Product Free - Selected Kids Snacking,seed_nuts,2024-11-05
Bear Bites Blackcurrant & Beetroot 5 X 18G,£2.85,£3.17/100g,Any 3 for 2 Clubcard Price - Cheapest Product Free - Selected Kids Snacking,seed_nuts,2024-11-05
KIND Protein Crunchy Peanut Butter Snack bars 3x42g,£3.50,£2.78/100g,null,seed_nuts,2024-11-05
Bear Giant Yoyo Apple & Blackcurrant 5 X 20G,£2.85,£2.85/100g,Any 3 for 2 Clubcard Price - Cheapest Product Free - Selected Kids Snacking,seed_nuts,2024-11-05
KIND Dark Chocolate Nuts & Sea Salt bars Cereal bars 3x30g,£3.00,£3.33/100g,Save 1/3 £2.00 Clubcard Price,seed_nuts,2024-11-05
Tesco Hazelnuts 200G,£2.65,£13.25/kg,null,seed_nuts,2024-11-05
Whitworths Sunny Raisin 6 X42.5G,£2.40,£9.41/kg,Any 3 for 2 Clubcard Price - Cheapest Product Free - Selected Kids Snacking,seed_nuts,2024-11-05
Tesco Strawberry & Banana Bars 5X30g,£2.15,£1.43/100g,null,seed_nuts,2024-11-05
Gogo Squeez Fruit Snack Apple Mango 4X90g,£2.55,£0.71/100g,Any 3 for 2 Clubcard Price - Cheapest Product Free - Selected Kids Snacking,seed_nuts,2024-11-05
Tesco Organic Walnut Halves 100G,£2.10,£21.00/kg,null,seed_nuts,2024-11-05
Tesco Mixed Berries 25G,£0.70,£28.00/kg,Any 3 for 2 Clubcard Price - Cheapest Product Free - Selected Tesco Dried Fruit Or Nuts,seed_nuts,2024-11-05
nakd. Blueberry Muffin Fruit & Nut Bars Multipack 4 x 35g,£3.00,£2.14/100g,null,seed_nuts,2024-11-05
nakd. Cocoa Delight Fruit & Nut Bars Multipack 4 x 35g,£3.00,£2.14/100g,null,seed_nuts,2024-11-05
nakd. Bakewell Tart Fruit & Nut Bars Multipack 4 x 35g,£3.00,£2.14/100g,null,seed_nuts,2024-11-05
Fulfil Chocolate Salted Caramel Vitamin & Protein Bar 40G,£2.00,£5.00/100g,"£5 Meal Deal Clubcard Price £5.50 Meal Deal Regular Price - Selected Drink + Snack + Tesco Finest* Or Branded Sandwich, Wrap, Roll, Salad Or Sushi",seed_nuts,2024-11-05
Tesco Pecan Nuts 100G,£2.40,£24.00/kg,null,seed_nuts,2024-11-05
Tesco Flax Seeds 150G,£1.20,£8.00/kg,null,seed_nuts,2024-11-05
Tesco Poppy Seeds 100G,£1.20,£12.00/kg,null,seed_nuts,2024-11-05
Tesco Figs 250G,£2.40,£9.60/kg,null,seed_nuts,2024-11-05
Tesco 5 Banana Bites With A Yogurt Coating 125G,£2.00,£1.60/100g,null,seed_nuts,2024-11-05
Tesco Golden Flaxseeds 250G,£1.30,£5.20/kg,null,seed_nuts,2024-11-05
Love Corn Sea Salt 115G,£2.20,£1.91/100g,null,seed_nuts,2024-11-05
Tesco Chia Seeds 100G,£1.00,£10.00/kg,null,seed_nuts,2024-11-05
Tesco Almonds 25G,£0.70,£28.00/kg,Any 3 for 2 Clubcard Price - Cheapest Product Free - Selected Tesco Dried Fruit Or Nuts,seed_nuts,2024-11-05
Tesco Fruit & Nut Snack Pot 55G,£1.00,£18.18/kg,Any 3 for 2 Clubcard Price - Cheapest Product Free - Selected Tesco Dried Fruit Or Nuts,seed_nuts,2024-11-05
Grower's Harvest Island Mix 300G,£1.29,£4.30/kg,null,seed_nuts,2024-11-05
Tesco Chocolate Fruit & Nut Mix Snack Pack 60G,£1.00,£16.67/kg,Any 3 for 2 Clubcard Price - Cheapest Product Free - Selected Tesco Dried Fruit Or Nuts,seed_nuts,2024-11-05
Tesco Finest Fruit & Nut 190G,£3.70,£19.47/kg,null,seed_nuts,2024-11-05
Tesco Brazil Nuts 250G,£3.55,£14.20/kg,null,seed_nuts,2024-11-05
Tesco Chia Seeds 500G,£3.90,£7.80/kg,null,seed_nuts,2024-11-05
Tesco Almonds 250G,£3.10,£12.40/kg,null,seed_nuts,2024-11-05
Tesco Organic Walnuts 100G,£3.00,£30.00/kg,null,seed_nuts,2024-11-05
Tesco Organic Cranberries 100G,£2.80,£28.00/kg,null,seed_nuts,2024-11-05
Tesco Cashew & Raisins 200G,null,null,null,seed_nuts,2024-11-05
Wholefoods Goji Berry 200G,£3.80,£19.00/kg,null,seed_nuts,2024-11-05
Forest Feast Preda Fair-Trade Dried Mango 100G,null,null,null,seed_nuts,2024-11-05
Tesco Organic Walnut Pieces 100G,£2.50,£25.00/kg,null,seed_nuts,2024-11-05
Tesco Toasted 3 Seed Mix 300G,£3.10,£10.33/kg,null,seed_nuts,2024-11-05
Tesco Organic Dried Mango 100G,£2.80,£28.00/kg,null,seed_nuts,2024-11-05
Tesco Organic Raisins 375G,£2.80,£7.47/kg,null,seed_nuts,2024-11-05
Tesco Fruit & Seed Mix 300G,£3.10,£10.33/kg,null,seed_nuts,2024-11-05
Tesco Chewy Dried Banana 200G,£3.80,£19.00/kg,null,seed_nuts,2024-11-05
Whitworths Californian Raisins 400G,£3.45,£8.62/kg,null,seed_nuts,2024-11-05
Tesco Organic Fair Trade Brazil Nuts 150G,£3.15,£21.00/kg,null,seed_nuts,2024-11-05
Fruit Bowl Unicorn Fruit Flakes 5X18g,£2.25,£2.50/100g,null,seed_nuts,2024-11-05
Tesco Mango & Banana Bars 5 X 30G,£2.15,£1.43/100g,null,seed_nuts,2024-11-05
TREK Original Oat Protein Flapjacks Multipack 3 x 50g,£3.60,£2.40/100g,£2.50 Clubcard Price,seed_nuts,2024-11-05
Tesco Organic Flaked Almonds 100G,£2.50,£25.00/kg,null,seed_nuts,2024-11-05
Tesco Roasted Salted Pistachio Kernels 100G,£3.30,£33.00/kg,null,seed_nuts,2024-11-05
Tesco Goji Berries 100G,£2.00,£20.00/kg,null,seed_nuts,2024-11-05
Tesco Organic Almonds 200 G,£3.30,£16.50/kg,null,seed_nuts,2024-11-05
Tesco Organic Cashew Nuts 100G,£2.10,£21.00/kg,null,seed_nuts,2024-11-05
Tesco Cashew Nuts & Raisins 200G,£2.00,£10.00/kg,null,seed_nuts,2024-11-05
Tesco Raisin Mix 200G,£2.00,£10.00/kg,null,seed_nuts,2024-11-05
Grenade Carb Killa Protein Bar - Jaffa Quake Chocolate Orange 60g,£2.70,£4.50/100g,Save 25% £2.00 Clubcard Price,seed_nuts,2024-11-05
Grenade Carb Killa Protein Bar - White Chocolate Cookie 60g,£2.70,£4.50/100g,Save 25% £2.00 Clubcard Price,seed_nuts,2024-11-05
Grenade Carb Killa Protein Bar - White Chocolate Salted Peanut 60g,null,null,Save 25% £2.00 Clubcard Price,seed_nuts,2024-11-05
Grenade Carb Killa Protein Bar - Dark Chocolate Mint 60g,null,null,Save 25% £2.00 Clubcard Price,seed_nuts,2024-11-05
Grenade Carb Killa Protein Bar - Caramel Chaos 60g,£2.70,£4.50/100g,Save 25% £2.00 Clubcard Price,seed_nuts,2024-11-05
Grenade Carb Killa Protein Bar - Peanut Nutter 60g,£2.70,£4.50/100g,Save 25% £2.00 Clubcard Price,seed_nuts,2024-11-05
Grenade Protein Bar - Fudged Up Fudge 60g,£2.70,£4.50/100g,Save 25% £2.00 Clubcard Price,seed_nuts,2024-11-05
nakd. Cashew Cookie Fruit & Nut Bars Multipack 4 x 35g,£3.00,£2.14/100g,null,seed_nuts,2024-11-05
Whitworths Crystalised Ginger 175G,£2.35,£13.43/kg,Any 2 for £3.20 Clubcard Price - Selected Whitworths Classics Multibuy 130g-350g,seed_nuts,2024-11-05
Fulfil Peanut & Caramel Vitamin & Protein Bar 40G,£2.00,£5.00/100g,"£5 Meal Deal Clubcard Price £5.50 Meal Deal Regular Price - Selected Drink + Snack + Tesco Finest* Or Branded Sandwich, Wrap, Roll, Salad Or Sushi",seed_nuts,2024-11-05
Walkers Max Coated Peanuts Jalapeño & Cheese Sharing Bag 175g,£2.50,£14.29/kg,£1.50 Clubcard Price,seed_nuts,2024-11-05
Love Corn Smoked Bbq 115G,£2.20,£1.91/100g,null,seed_nuts,2024-11-05
Urban Fruit Snack Pack Mango 35G,£1.10,£3.14/100g,"£5 Meal Deal Clubcard Price £5.50 Meal Deal Regular Price - Selected Drink + Snack + Tesco Finest* Or Branded Sandwich, Wrap, Roll, Salad Or Sushi",seed_nuts,2024-11-05
"Love,Corn Bbq Roasted Corn Snack 45G",£1.10,£2.44/100g,"£5 Meal Deal Clubcard Price £5.50 Meal Deal Regular Price - Selected Drink + Snack + Tesco Finest* Or Branded Sandwich, Wrap, Roll, Salad Or Sushi",seed_nuts,2024-11-05
Naturya Organic Hemp Protein Powder 300G,£12.00,£40.00/kg,null,seed_nuts,2024-11-05
Naturya Organic Cacao Powder Fair Trade 250G,£6.50,£26.00/kg,null,seed_nuts,2024-11-05
"Linwoods Milled Flax, Nuts & Q10 360G",£6.20,£17.22/kg,£5.50 Clubcard Price,seed_nuts,2024-11-05
Linwoods Shelled Hemp 200G,£5.70,£28.50/kg,null,seed_nuts,2024-11-05
Naturya Organic Cacao Nibs 125G,£4.00,£32.00/kg,null,seed_nuts,2024-11-05
Linwoods Organic Flax Sunflower Seeds Berries 425G,£6.40,£15.06/kg,null,seed_nuts,2024-11-05
Naturya Super Boost Breakfast Cacao 150G,£5.00,£33.33/kg,null,seed_nuts,2024-11-05
Naturya Super Food Breakfast Berries 150G,£5.00,£33.33/kg,null,seed_nuts,2024-11-05
Naturya Gut Feel Flaxseed Blend Mixed Berry 240g,£4.80,£20.00/kg,null,seed_nuts,2024-11-05
Naturya Chia+ Chocolate Organic 175g,£4.80,£27.43/kg,null,seed_nuts,2024-11-05
Tesco Organic Mixed Nuts 250G,£4.75,£19.00/kg,null,seed_nuts,2024-11-05
Linwoods Flax Seeds Biological Cultures & Vitamin D 200G,£4.40,£22.00/kg,null,seed_nuts,2024-11-05
Naturya Organic Maca Powder 125G,£4.00,£32.00/kg,null,seed_nuts,2024-11-05
Naturya Organic Spirulina Powder 100G,£5.00,£50.00/kg,null,seed_nuts,2024-11-05
Naturya Super Food Breakfast Seed Crunch 150G,£5.00,£33.33/kg,null,seed_nuts,2024-11-05
Linwoods Organic Milled Hemp Flax & Chia Seeds 200G,£4.20,£21.00/kg,null,seed_nuts,2024-11-05
Forest Feast Tropical Dried Pineapple 120G,£3.90,£3.25/100g,null,seed_nuts,2024-11-05
Tesco Dried Mixed Fruit 1Kg,£3.40,£3.40/kg,null,seed_nuts,2024-11-05
SCI-MX Protein Cookie - Double Chocolate 75g,£2.00,£2.67/100g,Save 25% £1.50 Clubcard Price,seed_nuts,2024-11-05
Tesco Fruit Nut & Seed Mix 300G,£3.10,£10.33/kg,null,seed_nuts,2024-11-05
Tesco Organic Sultanas 375G,£2.80,£7.47/kg,null,seed_nuts,2024-11-05
Whitworths Stoned Dates 350G,£2.00,£5.71/kg,Any 2 for £3.20 Clubcard Price - Selected Whitworths Classics Multibuy 130g-350g,seed_nuts,2024-11-05
Tesco Currants 1Kg,£3.60,£3.60/kg,null,seed_nuts,2024-11-05
Tesco Organic Pumpkin Seeds 100G,£1.80,£18.00/kg,null,seed_nuts,2024-11-05
KIND Caramel Almond & Sea Salt cereal bars 3x30g,£3.00,£3.33/100g,Save 1/3 £2.00 Clubcard Price,seed_nuts,2024-11-05
Grenade Carb Killa Birthday Cake Protein Bar 60G,£2.70,£4.50/100g,Save 25% £2.00 Clubcard Price,seed_nuts,2024-11-05
Whitworths Chopped Apricots 140G,£2.00,£14.29/kg,Any 2 for £3.20 Clubcard Price - Selected Whitworths Classics Multibuy 130g-350g,seed_nuts,2024-11-05
Whitworths Fusions Watermelon Papaya 80G,£2.30,£28.75/kg,Any 2 for £3.20 Clubcard Price - Selected Whitworths Classics Multibuy 130g-350g,seed_nuts,2024-11-05
Whitworths Fusions Coconut Pineapple 80G,£2.30,£28.75/kg,Any 2 for £3.20 Clubcard Price - Selected Whitworths Classics Multibuy 130g-350g,seed_nuts,2024-11-05
Whitworths Fusions Strawberry Mango 75G,£2.30,£30.67/kg,Any 2 for £3.20 Clubcard Price - Selected Whitworths Classics Multibuy 130g-350g,seed_nuts,2024-11-05
KIND Protein Dark Chocolate snack Bar 50g,£2.20,£4.40/100g,"£5 Meal Deal Clubcard Price £5.50 Meal Deal Regular Price - Selected Drink + Snack + Tesco Finest* Or Branded Sandwich, Wrap, Roll, Salad Or Sushi",seed_nuts,2024-11-05
KIND Protein Crunchy Peanut Butter Snack bar 50G,£2.20,£4.40/100g,"£5 Meal Deal Clubcard Price £5.50 Meal Deal Regular Price - Selected Drink + Snack + Tesco Finest* Or Branded Sandwich, Wrap, Roll, Salad Or Sushi",seed_nuts,2024-11-05
"Love,Corn Sea Salt Roasted Corn Snack 45G",£1.10,£2.44/100g,"£5 Meal Deal Clubcard Price £5.50 Meal Deal Regular Price - Selected Drink + Snack + Tesco Finest* Or Branded Sandwich, Wrap, Roll, Salad Or Sushi",seed_nuts,2024-11-05
Tesco Protein Bites Peanut & Cocoa 45G,£0.90,£20.00/kg,null,seed_nuts,2024-11-05
Tesco Nutty Bites Mocha Flavour 45G,£0.90,£20.00/kg,null,seed_nuts,2024-11-05
Tesco Protein Bites Almond & Raspberry 45G,£0.90,£20.00/kg,null,seed_nuts,2024-11-05
Clif Energy Bar - Crunchy Peanut Butter 68g,£1.85,£2.72/100g,£1.00 Clubcard Price,seed_nuts,2024-11-05
Clif Energy Bar - White Chocolate Macadamia Nut 68g,£1.85,£2.72/100g,£1.00 Clubcard Price,seed_nuts,2024-11-05
Naturya Organic Turmeric Blend 250G,£8.00,£32.00/kg,null,seed_nuts,2024-11-05
Naturya Menopause Support Mixed Berry Flavour 175g,£9.00,£51.43/kg,null,seed_nuts,2024-11-05
Naturya Collagen Support Vivid Vanilla 140g,£8.00,£57.14/kg,null,seed_nuts,2024-11-05
Crazy Jack Organic Organic Soft Ready To Eat Prunes 200G,£4.00,£20.00/kg,£3.50 Clubcard Price,seed_nuts,2024-11-05
Tesco Macadamia Nuts 100G,£3.25,£32.50/kg,null,seed_nuts,2024-11-05
Tesco Sultanas 1Kg,£3.60,£3.60/kg,null,seed_nuts,2024-11-05
Forest Feast Berries & Cherries 170G,£4.00,£23.53/kg,£2.80 Clubcard Price,seed_nuts,2024-11-05
BEAR Fruit Dried Coconut Chips 4x18g,£2.95,£40.97/kg,null,seed_nuts,2024-11-05
BEAR Fruit Dried Mango 4x25g,£3.00,£30.00/kg,null,seed_nuts,2024-11-05
Midland Snacks Traditional Pork Scratchings 40G,£1.50,£3.75/100g,null,seed_nuts,2024-11-05
BEAR Fruit Dried Cherries 75g,£2.60,£34.67/kg,£2.10 Clubcard Price,seed_nuts,2024-11-05
BEAR Fruit Dried Pineapple 100g,£2.60,£26.00/kg,£2.10 Clubcard Price,seed_nuts,2024-11-05
BEAR Fruit Dried Strawberries 90g,£2.60,£28.89/kg,£2.10 Clubcard Price,seed_nuts,2024-11-05
BEAR Fruit Dried Blueberries 75g,£2.60,£34.67/kg,£2.10 Clubcard Price,seed_nuts,2024-11-05
BEAR Fruit Dried Mango 100g,null,null,£2.10 Clubcard Price,seed_nuts,2024-11-05
BEAR Fruit Dried Mango & Passion Fruit 85g,£2.60,£30.59/kg,£2.10 Clubcard Price,seed_nuts,2024-11-05
Whitworths Walnuts 110g,£2.00,£18.18/kg,Any 2 for £3.20 Clubcard Price - Selected Whitworths Classics Multibuy 130g-350g,seed_nuts,2024-11-05
Whitworths Wondermix Healthy Heart Seed Mix 150g,£2.00,£13.33/kg,Any 2 for £3.20 Clubcard Price - Selected Whitworths Classics Multibuy 130g-350g,seed_nuts,2024-11-05
Whitworths Cashews 115g,£2.00,£17.39/kg,Any 2 for £3.20 Clubcard Price - Selected Whitworths Classics Multibuy 130g-350g,seed_nuts,2024-11-05
Whitworths Banana Chips 150G,£2.00,£13.33/kg,Any 2 for £3.20 Clubcard Price - Selected Whitworths Classics Multibuy 130g-350g,seed_nuts,2024-11-05
Whitworths Wondermix Feel Well Nut Mix 110g,£2.00,£18.18/kg,Any 2 for £3.20 Clubcard Price - Selected Whitworths Classics Multibuy 130g-350g,seed_nuts,2024-11-05
Whitworths Shots Chocolate Cluster & Berries 4 X 25G,£2.00,£20.00/kg,Any 2 for £3.20 Clubcard Price - Selected Whitworths Classics Multibuy 130g-350g,seed_nuts,2024-11-05
Whitworths Toffee & Pecan Shots 4X25g,£2.00,£20.00/kg,Any 2 for £3.20 Clubcard Price - Selected Whitworths Classics Multibuy 130g-350g,seed_nuts,2024-11-05
Whitworths Shots Salted Caramel Nuts 3X25g,£2.00,£26.67/kg,Any 2 for £3.20 Clubcard Price - Selected Whitworths Classics Multibuy 130g-350g,seed_nuts,2024-11-05
Tesco Apple Slices 300G,£3.50,£11.67/kg,null,seed_nuts,2024-11-05
Whitworths Shots Chocolate & Hazelnut 4 x 25g,£2.00,£20.00/kg,Any 2 for £3.20 Clubcard Price - Selected Whitworths Classics Multibuy 130g-350g,seed_nuts,2024-11-05
Crazy Jack Organic Soft Ready to Eat Figs 200g,£2.50,£12.50/kg,£2.00 Clubcard Price,seed_nuts,2024-11-05
Whitworths Cranberries 130G,£2.00,£15.38/kg,Any 2 for £3.20 Clubcard Price - Selected Whitworths Classics Multibuy 130g-350g,seed_nuts,2024-11-05
Forest Feast Salted Dark Chocolate Almonds 40G,£1.35,£33.75/kg,"£5 Meal Deal Clubcard Price £5.50 Meal Deal Regular Price - Selected Drink + Snack + Tesco Finest* Or Branded Sandwich, Wrap, Roll, Salad Or Sushi",seed_nuts,2024-11-05
Crazy Jack Soft Organic Apricots Ready To Eat 200G,£2.50,£12.50/kg,£2.00 Clubcard Price,seed_nuts,2024-11-05
Whitworths Dried Chilean Orchard Prunes 190G,£2.00,£10.53/kg,Any 2 for £3.20 Clubcard Price - Selected Whitworths Classics Multibuy 130g-350g,seed_nuts,2024-11-05
Kind Protein Caramel Nut 50g,£2.20,£4.40/100g,"£5 Meal Deal Clubcard Price £5.50 Meal Deal Regular Price - Selected Drink + Snack + Tesco Finest* Or Branded Sandwich, Wrap, Roll, Salad Or Sushi",seed_nuts,2024-11-05
Tesco Snack Pack Almonds 60G,£1.00,£16.67/kg,Any 3 for 2 Clubcard Price - Cheapest Product Free - Selected Tesco Dried Fruit Or Nuts,seed_nuts,2024-11-05
Tesco Snack Pack Soft Apricots 50G,£1.00,£20.00/kg,Any 3 for 2 Clubcard Price - Cheapest Product Free - Selected Tesco Dried Fruit Or Nuts,seed_nuts,2024-11-05
Tesco Snacking Roasted Pistachio 50G(C),£1.00,£20.00/kg,Any 3 for 2 Clubcard Price - Cheapest Product Free - Selected Tesco Dried Fruit Or Nuts,seed_nuts,2024-11-05
Tesco Roasted Nut Snack Pack 55G,£1.00,£18.18/kg,Any 3 for 2 Clubcard Price - Cheapest Product Free - Selected Tesco Dried Fruit Or Nuts,seed_nuts,2024-11-05
LINWOODS IMMUNE SUPPORT 210g,£8.00,£38.10/kg,null,seed_nuts,2024-11-05
Rheal Superfoods Clean Greens 10x5g,£10.00,£200.00/kg,Save 25% £7.50 Clubcard Price,seed_nuts,2024-11-05
Rheal Superfoods Gut Feel 10x5g,£10.00,£200.00/kg,Save 25% £7.50 Clubcard Price,seed_nuts,2024-11-05
Naturya SuperShake Fruity Greens 275g,£9.00,£32.73/kg,null,seed_nuts,2024-11-05
Naturya Blueberry & Banana Supershake 275G,£9.00,£32.73/kg,null,seed_nuts,2024-11-05
Fruit Bowl Blueberry & Bubblegum Flavour Fruity Twists 5 x 16g,£2.75,£34.38/kg,null,seed_nuts,2024-11-05
Bear Fruit Splits Pineapple & Raspberry 5 Pack 100G,£2.85,£2.85/100g,Any 3 for 2 Clubcard Price - Cheapest Product Free - Selected Kids Snacking,seed_nuts,2024-11-05
Bear Fruit Split Strawberry & Apple 5 Pack 100G,£2.85,£28.50/kg,Any 3 for 2 Clubcard Price - Cheapest Product Free - Selected Kids Snacking,seed_nuts,2024-11-05
Fruit Bowl Strawberry Vanilla Fruity Twists 5 X 16G,£2.75,£3.44/100g,null,seed_nuts,2024-11-05
The Gut Stuff Sea Salt & Caramel High Fibre Fruit & Nut Bar 3x35g,£3.00,£28.57/kg,null,seed_nuts,2024-11-05
The Gut Stuff Peanut Butter High Fibre Fruit & Nut Bar 3x35g,£3.00,£28.57/kg,null,seed_nuts,2024-11-05
BEAR Fruit Tropical Yoyos 5 x 20g,£2.85,£28.50/kg,Any 3 for 2 Clubcard Price - Cheapest Product Free - Selected Kids Snacking,seed_nuts,2024-11-05
"Zombie Fruit Leatherz Multipack, Strawburied, 4 x 25g",£2.60,£26.00/kg,null,seed_nuts,2024-11-05
"Zombie Fruit Leatherz Multipack, Blackberry Death, 4 x 25g",£2.60,£26.00/kg,null,seed_nuts,2024-11-05
"Zombie Fruit Leatherz Multipack, Variety Pack, 4 x 25g",£2.60,£26.00/kg,null,seed_nuts,2024-11-05
"Zombie Fruit Leatherz Multipack, Man-Ghouled Mango, 4 x 25g",£2.60,£26.00/kg,null,seed_nuts,2024-11-05
Fruit Bowl Raisins Yogurt 5X21g,£2.25,£21.43/kg,null,seed_nuts,2024-11-05
Fruit Bowl Yogurt Flakes Raspberry 5x18g,£2.25,£25.00/kg,null,seed_nuts,2024-11-05
Fruit Bowl Yogurt Flakes Strawberry 5X18g,£2.25,£25.00/kg,null,seed_nuts,2024-11-05
The Gut Stuff Cocoa & Hazelnut High Fibre Fruit & Nut Bar 3x35g,£3.00,£28.57/kg,null,seed_nuts,2024-11-05
Gogo Squeez Fruit Snack Apple 4X90g,£2.55,£0.71/100g,Any 3 for 2 Clubcard Price - Cheapest Product Free - Selected Kids Snacking,seed_nuts,2024-11-05
GoGo SqueeZ Fruit Smoothie Snack Multifruit 4 x 90g,£2.55,£7.08/kg,Any 3 for 2 Clubcard Price - Cheapest Product Free - Selected Kids Snacking,seed_nuts,2024-11-05
Whitworths Wondermix Fight Fatigue Fruit and Nut 105G,£2.00,£19.05/kg,Any 2 for £3.20 Clubcard Price - Selected Whitworths Classics Multibuy 130g-350g,seed_nuts,2024-11-05
Paw Patrol Strawberry Fruit Rollers 5X 20G,£1.70,£17.00/kg,null,seed_nuts,2024-11-05
Freddie's Farm Berry Bar Strawberry 5X20g,£2.50,£25.00/kg,null,seed_nuts,2024-11-05
Freddie's Farm Berry Bar Blueberry 5X20g,£2.50,£25.00/kg,null,seed_nuts,2024-11-05
Kellogg's Corn Flakes Breakfast Cereal 450g,£2.19,£0.49/100g,null,cereals,2024-11-05
Kellogg's Corn Flakes Breakfast Cereal 670g,£3.30,£0.49/100g,null,cereals,2024-11-05
Kellogg's Crunchy Nut Breakfast Cereal 1kg,£5.65,£0.56/100g,£5.00 Clubcard Price,cereals,2024-11-05
Jordans Country Crisp Strawberry Cereal 500G,£3.60,£0.72/100g,null,cereals,2024-11-05
Weetabix Cereal 48 Pack,£5.50,£0.12/each,null,cereals,2024-11-05
BelVita Soft Bakes Chocolate Chip Biscuits 5 Pack 250G,£2.95,£1.18/100g,£1.75 Clubcard Price,cereals,2024-11-05
Kellogg's Rice Krispies Multigrain Cereal 350G,£3.30,£0.94/100g,£2.75 Clubcard Price,cereals,2024-11-05
Nestlé Cheerios Multigrain Cereal 800g,£3.95,£0.49/100g,null,cereals,2024-11-05
Nestlé Shreddies Original Cereal 1.1kg,£3.90,£0.36/100g,null,cereals,2024-11-05
Nestlé Curiously Cinnamon Cereal 375g,£3.70,£0.99/100g,null,cereals,2024-11-05
Quaker Oat So Simple Golden Syrup Porridge Pot 57g,£1.30,£2.28/100g,Any 3 for £3 Clubcard Price - Selected Porridge Pots Bars Or Drinks,cereals,2024-11-05
Weetabix Cereal 24 Pack,£3.30,£0.14/each,null,cereals,2024-11-05
Tesco Scottish Oats Porridge 2Kg,£2.50,£0.12/100g,null,cereals,2024-11-05
Tesco Swiss Style No Added Sugar Muesli 1Kg,£2.40,£0.24/100g,null,cereals,2024-11-05
Quaker Rolled Porridge Oats 1kg,£2.50,£0.25/100g,null,cereals,2024-11-05
Scott's Porage Original Porridge Oats 1kg,£2.50,£0.25/100g,null,cereals,2024-11-05
Nestlé Shreddies Original Cereal 630g,£3.50,£0.56/100g,null,cereals,2024-11-05
Nature Valley Crunchy Oats & Honey 5 x 42g (210g),£2.50,£1.19/100g,£2.00 Clubcard Price,cereals,2024-11-05
Naturya Gut Health Superfood Porridge Mixed Berry 55G,£1.30,£2.36/100g,Any 3 for £3 Clubcard Price - Selected Porridge Pots Bars Or Drinks,cereals,2024-11-05
Naturya Immunity Superfood Porridge Chocolate 55g,£1.30,£2.36/100g,Any 3 for £3 Clubcard Price - Selected Porridge Pots Bars Or Drinks,cereals,2024-11-05
"Kellogg's Rice Krispies Squares Marshmallow Snack Bars Multipack, 4x28g",£2.25,£2.01/100g,null,cereals,2024-11-05
"Kellogg's Rice Krispies Squares Chocolatey Cereal Bars Multipack, 4x36g",£2.25,£1.56/100g,null,cereals,2024-11-05
"Kellogg's Coco Pops Chocolate Cereal Bars Multipack, 6x20g",£1.35,£1.12/100g,Save 25% £1.00 Clubcard Price,cereals,2024-11-05
Tesco Wheat Biscuits Cereal 24 Pack,£1.90,£0.08/each,null,cereals,2024-11-05
Tesco Scottish Oats Porridge 1Kg,£1.25,£0.12/100g,null,cereals,2024-11-05
Quaker Caramel Fudge Porridge Pot 58G,£1.30,£2.24/100g,Any 3 for £3 Clubcard Price - Selected Porridge Pots Bars Or Drinks,cereals,2024-11-05
Tesco Instant Oats Cinnamon Porridge 55G,£0.45,£0.82/100g,null,cereals,2024-11-05
Tesco Instant Oats Blueberry Apple Porridge 55G,£0.45,£0.82/100g,null,cereals,2024-11-05
Quaker Oat So Simple Caramelised Biscuit Porridge Pot 57G,£1.30,£2.28/100g,Any 3 for £3 Clubcard Price - Selected Porridge Pots Bars Or Drinks,cereals,2024-11-05
Grower's Harvest Porridge Oats 1Kg,£0.90,£0.09/100g,null,cereals,2024-11-05
Tesco Fruit & Fibre Cereal 750G,£1.45,£0.19/100g,null,cereals,2024-11-05
Tesco Pillows Choco-Nut Cereal 375G,£0.99,£0.26/100g,null,cereals,2024-11-05
Tesco Wheat Biscuits Cereal 48 Pack,£2.75,£0.06/each,null,cereals,2024-11-05
Tesco Pillows With Milk Chocolate Filling 375G,£0.99,£0.26/100g,null,cereals,2024-11-05
Tesco Choco Hoops Cereal 375G,£0.79,£0.21/100g,null,cereals,2024-11-05
Tesco Multigrain Hoops Cereal 375G,£0.85,£0.23/100g,null,cereals,2024-11-05
Tesco Malt Wheats Cereal 750G,£1.02,£0.14/100g,null,cereals,2024-11-05
Tesco Bran Flakes 750G,£1.30,£0.17/100g,null,cereals,2024-11-05
Tesco Honey Hoops Cereal 375G,£0.79,£0.21/100g,null,cereals,2024-11-05
Tesco Rice Snaps Cereal 375G,£0.79,£0.21/100g,null,cereals,2024-11-05
Tesco Cornflakes Cereal 500G,£0.79,£0.16/100g,null,cereals,2024-11-05
Tesco Frosted Flakes Cereal 500G,£0.99,£0.20/100g,null,cereals,2024-11-05
Jordans Country Crisp Chunky Nuts Cereal 500G,£3.60,£0.72/100g,null,cereals,2024-11-05
Weetabix Cereal 72 Pack,£6.49,£0.09/each,null,cereals,2024-11-05
Nestlé Shredded Wheat Bitesize Cereal 720g,£4.40,£0.61/100g,£3.50 Clubcard Price,cereals,2024-11-05
BelVita Soft Bakes Choco Hazelnut Filled Biscuits 5 Pack 250G,£2.95,£1.18/100g,null,cereals,2024-11-05
Quaker Oat So Simple Golden Syrup Porridge Sachets 20x36g,£4.50,£0.62/100g,null,cereals,2024-11-05
Weetabix Chocolate Cereal 24 Pack 540G,£3.75,£0.16/each,null,cereals,2024-11-05
Fuel 10k Porridge Chocolate 10x36g,£2.75,£0.76/100g,null,cereals,2024-11-05
Fuel 10K Porridge Golden Syrup 10 X 36G,£2.75,£0.76/100g,null,cereals,2024-11-05
Kellogg's Fruit & Fibre Cereal 700G,£3.45,£0.49/100g,null,cereals,2024-11-05
Tesco Superberry Granola 500G,£2.40,£0.48/100g,null,cereals,2024-11-05
Flahavans Irish Organic Porridge 1Kg,£2.70,£0.27/100g,null,cereals,2024-11-05
BelVita Breakfast Biscuits Strawberry & Yogurt Crunch 5 Pack 253G,£2.75,£1.09/100g,£1.75 Clubcard Price,cereals,2024-11-05
Kellogg's Special K Red Berries Breakfast Cereal 500g,null,null,£3.60 Clubcard Price,cereals,2024-11-05
Nestlé Shredded Wheat Cereal 30 Biscuits 675g,£3.50,£0.52/100g,£3.00 Clubcard Price,cereals,2024-11-05
Quaker Oat So Simple Original Porridge Pot 45g,£1.30,£2.89/100g,Any 3 for £3 Clubcard Price - Selected Porridge Pots Bars Or Drinks,cereals,2024-11-05
Kellogg's Special K Original Cereal 750G,£4.00,£0.53/100g,£3.60 Clubcard Price,cereals,2024-11-05
Kellogg's All Bran Cereal 750G,£3.20,£0.43/100g,null,cereals,2024-11-05
UP&GO Energize Chocolate Protein Shake 350ml,£1.60,£0.46/100ml,Any 3 for £3 Clubcard Price - Selected Porridge Pots Bars Or Drinks,cereals,2024-11-05
Kellogg's Rice Krispies Cereal 430g,£3.30,£0.77/100g,£2.75 Clubcard Price,cereals,2024-11-05
Kellogg's Coco Pops Mega Pops Cereal 365g,£3.55,£0.97/100g,£2.50 Clubcard Price,cereals,2024-11-05
Quaker Jumbo Porridge Oats 1kg,£2.95,£0.30/100g,£2.00 Clubcard Price,cereals,2024-11-05
Go Ahead Strawberry Fruit & Oat Bakes Snack Bars Multipack 6 x 35g,£2.00,£0.95/100g,£1.25 Clubcard Price,cereals,2024-11-05
Go Ahead Apple Fruit & Oat Bakes Snack Bars Multipack 6 x 35g,£2.00,£0.95/100g,£1.25 Clubcard Price,cereals,2024-11-05
Nature Valley Protein Peanut & Chocolate Bars 4 x 40g,£2.49,£1.56/100g,null,cereals,2024-11-05
Quaker Oat So Simple Original Porridge Sachets 10x27g,£3.50,£1.30/100g,Any 2 for £4.50 Clubcard Price - Selected Quaker Oat So Simple Porridge,cereals,2024-11-05
Quaker Oat So Simple Golden Syrup Porridge Sachets 10x36g,£3.50,£0.97/100g,Any 2 for £4.50 Clubcard Price - Selected Quaker Oat So Simple Porridge,cereals,2024-11-05
Tesco Nut & Maple Crisp Cereal 500G,£1.80,£0.36/100g,null,cereals,2024-11-05
Weetabix Cereal 12 Pack,£2.00,£0.17/each,null,cereals,2024-11-05
Tesco Strawberry Crisp Cereal 500G,£1.80,£0.36/100g,null,cereals,2024-11-05
Jordans Frusli Juicy Blueberries Chewy Cereal Bars 6 x 30g (180g),£2.30,£1.28/100g,Save 1/3 £1.50 Clubcard Price,cereals,2024-11-05
Kellogg's Cereal Wheats Blueberry 500G,£1.95,£0.39/100g,null,cereals,2024-11-05
"Nutella B-Ready Hazelnut Spread Wafer Bars Multipack, 6x22g (132g)",£2.45,£1.86/100g,£1.75 Clubcard Price,cereals,2024-11-05
Tesco Crunchy Cookie Cereal 325G,£1.60,£0.49/100g,null,cereals,2024-11-05
Kellogg's Rice Krispies Squares Curious Caramel & Chocolate Bars 4x36g,null,null,null,cereals,2024-11-05
BelVita Breakfast Biscuits Milk & Cereals 5 Pack 225G,£1.25,£0.56/100g,£1.00 Clubcard Price,cereals,2024-11-05
BelVita Breakfast Biscuits Cocoa Chocolate Chip 5 Pack 225G,null,null,£1.00 Clubcard Price,cereals,2024-11-05
BelVita Breakfast Biscuits Honey & Nut 5 Pack 225G,£1.25,£0.56/100g,£1.00 Clubcard Price,cereals,2024-11-05
"Kellogg's Frosties Milk Cereal Bars Multipack, 6x25g",£1.35,£0.90/100g,Save 25% £1.00 Clubcard Price,cereals,2024-11-05
"Kellogg's Rice Krispies Milk Cereal Bars Multipack, 6x20g",£1.35,£1.12/100g,Save 25% £1.00 Clubcard Price,cereals,2024-11-05
Tesco Fruit & Nut Granola 1Kg,£1.99,£0.20/100g,null,cereals,2024-11-05
Tesco Oat & Honey Granola Bars 6 Pack 180G,£1.25,£0.69/100g,null,cereals,2024-11-05
Alpen Cereal Bars Strawberry & Yoghurt 5 x 29g,£1.25,£0.86/100g,null,cereals,2024-11-05
Tesco 6 Coconut & Chocolate Bars 180G,£1.25,£0.69/100g,null,cereals,2024-11-05
Tesco Special Flakes Red Berry Cereal 375G,£1.95,£0.52/100g,null,cereals,2024-11-05
Stockwell & Co 24 Wheat Biscuits 432G,£1.20,£0.28/100g,null,cereals,2024-11-05
Jordans Country Crisp Chocolate Cereal 500G,£3.60,£0.72/100g,null,cereals,2024-11-05
Jordans Country Crisp Flame Rais Cereal 500G,£3.60,£0.72/100g,null,cereals,2024-11-05
Jordans Crunchy Granola Raisin Almond 750G,£3.60,£0.48/100g,null,cereals,2024-11-05
Jordans Simply Granola 750G,£3.60,£0.48/100g,null,cereals,2024-11-05
Alpen No Added Sugar Muesli 1.1Kg,£4.25,£0.39/100g,null,cereals,2024-11-05
Tesco Finest Super Nutty Granola 500G,£3.00,£0.60/100g,null,cereals,2024-11-05
Fuel 10K Chocolate Loaded Granola 400G,£3.25,£0.81/100g,£2.50 Clubcard Price,cereals,2024-11-05
BelVita Breakfast Soft Bakes Blueberry 5 Pack 250g,£2.95,£1.18/100g,£1.75 Clubcard Price,cereals,2024-11-05
Nestle Kit Kat Cereal 330G,£3.50,£1.06/100g,£2.50 Clubcard Price,cereals,2024-11-05
Kellogg's Crunchy Nut Oat Granola Nut & Chocolate 380G,£3.30,£0.87/100g,£2.50 Clubcard Price,cereals,2024-11-05
Tesco Organic Oats 750G,£2.30,£0.31/100g,null,cereals,2024-11-05
Kellogg's Bran Flakes Breakfast Cereal 750g,£3.00,£0.40/100g,null,cereals,2024-11-05
Fuel 10K Chocolate Porridge Pot 70G,£1.30,£1.86/100g,Any 3 for £3 Clubcard Price - Selected Porridge Pots Bars Or Drinks,cereals,2024-11-05
Fuel 10K Golden Syrup Porridge Pot 70G,£1.30,£1.86/100g,Any 3 for £3 Clubcard Price - Selected Porridge Pots Bars Or Drinks,cereals,2024-11-05
Quaker Protein Oat So Simple Golden Syrup Porridge Pot 63g,£1.30,£2.06/100g,Any 3 for £3 Clubcard Price - Selected Porridge Pots Bars Or Drinks,cereals,2024-11-05
Kellogg's Coco Pops Cereal 420g,£3.30,£0.79/100g,£2.75 Clubcard Price,cereals,2024-11-05
Nestle Cookie Crisp Cereal 500g,£3.55,£0.71/100g,£2.50 Clubcard Price,cereals,2024-11-05
Tesco Fruit & Nut Muesli 750G,£2.60,£0.35/100g,null,cereals,2024-11-05
Kellogg's Nutri-Grain Strawberry Snack Bars 6x37g,£2.30,£1.04/100g,£1.75 Clubcard Price,cereals,2024-11-05
Tesco Multigrain Boulders 325G,£2.00,£0.62/100g,null,cereals,2024-11-05
nakd. Peanut Delight Fruit & Nut Bars Multipack 4 x 35g,£3.00,£2.14/100g,null,cereals,2024-11-05
Tesco Super Smooth Porridge 750G,£2.15,£0.29/100g,null,cereals,2024-11-05
Fuel 10K Liquid Breakfast Chocolate Drink 330Ml,null,null,Any 3 for £3 Clubcard Price - Selected Porridge Pots Bars Or Drinks,cereals,2024-11-05
Graze Protein Oat Boosts Cocoa Vanilla 4 x 30g (120g),£2.75,£2.29/100g,null,cereals,2024-11-05
Tesco Easy Oats Original Porridge 10 X27g,£1.35,£0.50/100g,null,cereals,2024-11-05
Nature Valley Crunchy Oats & Dark Chocolate 5 x 42g (210g),£2.50,£1.19/100g,£2.00 Clubcard Price,cereals,2024-11-05
Quaker Oat So Simple Apple & Blueberry Porridge Sachets 10x36g,£3.50,£0.97/100g,Any 2 for £4.50 Clubcard Price - Selected Quaker Oat So Simple Porridge,cereals,2024-11-05
Nature Valley Crunchy Canadian Maple Syrup 5 x 42g (210g),£2.50,£1.19/100g,£2.00 Clubcard Price,cereals,2024-11-05
Nestlé Shredded Wheat Honey Nut Cereal 500g,£3.00,£0.60/100g,null,cereals,2024-11-05
Kellogg's Nutri-Grain Bakes Chocolate Snack Bars 6x45g,£2.50,£0.93/100g,null,cereals,2024-11-05
Quaker Oat So Simple Sultana & Raisin Porridge Sachets 10x38.5g,£3.50,£0.91/100g,Any 2 for £4.50 Clubcard Price - Selected Quaker Oat So Simple Porridge,cereals,2024-11-05
Scott's Porage Old Fashioned Porridge Oats 1kg,£2.95,£0.30/100g,£2.00 Clubcard Price,cereals,2024-11-05
Tesco Honey & Almond Granola 1Kg,£1.99,£0.20/100g,null,cereals,2024-11-05
Nature Valley Crunchy Variety Pack 5 x 42g (210g),£2.50,£1.19/100g,£2.00 Clubcard Price,cereals,2024-11-05
Kellogg's Wheats Frosted Breakfast Cereal 500g,£1.95,£0.39/100g,null,cereals,2024-11-05
Jordans Frusli Juicy Red Berry Chewy Cereal Bars 6 x 30g (180g),£2.30,£1.28/100g,Save 1/3 £1.50 Clubcard Price,cereals,2024-11-05
Kellogg's Wheats Raisin Breakfast Cereal 450g,£1.95,£0.43/100g,null,cereals,2024-11-05
Tesco Low Fat Special Flakes Cereal 500G,£1.95,£0.39/100g,null,cereals,2024-11-05
Nature Valley Sweet & Salty Nut Dark Chocolate with Nuts Bars 4 x 30g (120g),£1.75,£1.46/100g,null,cereals,2024-11-05
Quaker Oat So Simple Apple & Blueberry Porridge Pot 57g,£1.30,£2.28/100g,Any 3 for £3 Clubcard Price - Selected Porridge Pots Bars Or Drinks,cereals,2024-11-05
Quaker Oat So Simple Sweet Cinnamon Porridge Pot 57g,£1.30,£2.28/100g,Any 3 for £3 Clubcard Price - Selected Porridge Pots Bars Or Drinks,cereals,2024-11-05
Tesco Tropical Fruits Granola 1Kg,£1.99,£0.20/100g,null,cereals,2024-11-05
Tesco Free From Pure Oats 450G,£1.70,£0.38/100g,null,cereals,2024-11-05
Weetabix Oatibix Flakes Cereal 550G,£3.80,£0.69/100g,null,cereals,2024-11-05
Weetabix Oatibix Cereal 24 Pack,null,null,null,cereals,2024-11-05
Nestlé Cheerios Honey Cereal 575g,£4.40,£0.76/100g,£3.00 Clubcard Price,cereals,2024-11-05
Tesco High Protein Granola 500G,£3.40,£0.68/100g,null,cereals,2024-11-05
Tesco Sultana Bran Cereal 750G,£3.00,£0.40/100g,null,cereals,2024-11-05
Alpen Original Swiss Style Muesli 1.1Kg,£4.25,£0.39/100g,null,cereals,2024-11-05
Tesco High Fibre Bran Cereal 750G,£3.00,£0.40/100g,null,cereals,2024-11-05
Jordans Natural Muesli 1Kg,£3.85,£0.38/100g,null,cereals,2024-11-05
BelVita Breakfast Soft Bakes Red Berries 5 Pack 250G,£2.95,£1.18/100g,£1.75 Clubcard Price,cereals,2024-11-05
Kellogg's Krave Milk Chocolate Cereal 410G,£3.50,£0.85/100g,£3.00 Clubcard Price,cereals,2024-11-05
Dorset Cereals Simply Delicious Muesli 650G,£3.40,£0.52/100g,null,cereals,2024-11-05
Dorset Cereals Simply Fruity Muesli 630G,£3.40,£0.54/100g,null,cereals,2024-11-05
Dorset Cereals Simply Nutty Muesli 560G,£3.40,£0.61/100g,null,cereals,2024-11-05
Ready Brek Original Porridge 750G,£3.45,£0.46/100g,£2.50 Clubcard Price,cereals,2024-11-05
Flahavan's Irish Organic Jumbo Oats 1Kg,£2.70,£0.27/100g,null,cereals,2024-11-05
Quaker Oat Granola Raisin 500g,£3.50,£0.70/100g,£2.50 Clubcard Price,cereals,2024-11-05
BelVita Breakfast Biscuits Milk & Cereals 12 Pack Multipack 540G,£2.90,£0.54/100g,null,cereals,2024-11-05
Alpen The Original Swiss Style Muesli 550G,£2.70,£0.49/100g,null,cereals,2024-11-05
Tesco Nuts & Seeds Muesli 750G,£2.60,£0.35/100g,null,cereals,2024-11-05
Kellogg's Nutri-Grain Blueberry Snack Bars 6x37g,£2.30,£1.04/100g,£1.75 Clubcard Price,cereals,2024-11-05
Nairns Gluten Free Scottish Porridge 450G,£2.20,£0.49/100g,null,cereals,2024-11-05
Nature Valley Crunchy Variety Cereal Bars Family Pack 10 X 42G,£3.50,£0.83/100g,null,cereals,2024-11-05
Nature Valley Protein Salted Caramel Nut Cereal Bars 4 x 40g,£2.49,£1.56/100g,null,cereals,2024-11-05
Tesco Free From Branflakes 300G,£2.10,£0.70/100g,null,cereals,2024-11-05
Graze Protein Honey Snack Bars Wholegrain Oats 4x30g,£2.75,£2.29/100g,null,cereals,2024-11-05
Kellogg's Pop Tarts Choctastic Pastry Snacks 8x48g,£3.00,£0.78/100g,null,cereals,2024-11-05
Tesco 5 Chocolate & Raspberry Bars 115G,£1.70,£1.48/100g,null,cereals,2024-11-05
Kellogg's Pop Tarts Strawberry Sensation Pastry Snacks 8x48g,£3.00,£0.78/100g,null,cereals,2024-11-05
"Quaker Oat So Simple Strawberry, Raspberry & Cranberry Porridge Sachets 10x33.9g",£3.50,£1.03/100g,Any 2 for £4.50 Clubcard Price - Selected Quaker Oat So Simple Porridge,cereals,2024-11-05
Quakers Oat So Simple Caramelised Biscuit Porridge X10 334G,£3.50,£1.05/100g,Any 2 for £4.50 Clubcard Price - Selected Quaker Oat So Simple Porridge,cereals,2024-11-05
Quaker Oat So Simple Sweet Cinnamon Porridge Sachets 10x33g,£3.50,£1.06/100g,Any 2 for £4.50 Clubcard Price - Selected Quaker Oat So Simple Porridge,cereals,2024-11-05
Kellogg's Nutri-Grain Bakes Raisin Snack Bars 6x45g,£2.50,£0.93/100g,null,cereals,2024-11-05
Quaker Oat So Simple Big Bowl Original Porridge Sachets 6x38.5g,£2.50,£1.08/100g,null,cereals,2024-11-05
Tesco Free From Gluten Syrup Porridge Pot 55G,£0.75,£1.36/100g,null,cereals,2024-11-05
Tesco Chocolate Crisp Cereal 500G,£1.80,£0.36/100g,null,cereals,2024-11-05
Fuel 10K Liquid Breakfast Strawberry Drink 330Ml,£1.30,£0.39/100ml,Any 3 for £3 Clubcard Price - Selected Porridge Pots Bars Or Drinks,cereals,2024-11-05
Nestlé Nesquik Chocolate Cereal 375g,£2.80,£0.75/100g,null,cereals,2024-11-05
Fuel10k Salted Caramel Porridge Pot 70G,£1.30,£1.86/100g,Any 3 for £3 Clubcard Price - Selected Porridge Pots Bars Or Drinks,cereals,2024-11-05
Nature Valley Sweet & Salty Nut Roasted Peanuts Bars 4 x 30g (120g),£1.75,£1.46/100g,null,cereals,2024-11-05
BelVita Breakfast Biscuits 30% Less Sugar Choc Chip 5 Pack 225G,£1.25,£0.56/100g,£1.00 Clubcard Price,cereals,2024-11-05
Kellogg's Rice Krispies Squares Cereal Bar Totally Chocolate Single 36g,£0.90,£2.50/100g,"£5 Meal Deal Clubcard Price £5.50 Meal Deal Regular Price - Selected Drink + Snack + Tesco Finest* Or Branded Sandwich, Wrap, Roll, Salad Or Sushi",cereals,2024-11-05
Lizi's Original Granola Nuts & Seeds 450g,£4.00,£0.89/100g,£2.75 Clubcard Price,cereals,2024-11-05
Jordans Country Crisp Honey Nut 500G,£3.60,£0.72/100g,null,cereals,2024-11-05
Dorset Cereals Oat Granola Breakfast Cereal 500g,£3.95,£0.79/100g,null,cereals,2024-11-05
Dorset Cereals Nutty Granola Cereal 450G,£3.95,£0.88/100g,null,cereals,2024-11-05
Jordans Crunchy Oat Tropical Fruits Granola 750G,£3.60,£0.48/100g,null,cereals,2024-11-05
BelVita Breakfast Soft Bakes Strawberry Filled 5 Pack 250G,£2.95,£1.18/100g,null,cereals,2024-11-05
Tesco Oat Bran 675G,£2.60,£0.38/100g,null,cereals,2024-11-05
Post Grape Nuts Cereal 580G,£3.95,£0.68/100g,null,cereals,2024-11-05
Weetabix Crunchy Bran Cereal 375G,£3.00,£0.80/100g,null,cereals,2024-11-05
Natures Path Organic Gluten Free Mesa Sunrise Cereal 355G,£3.50,£0.99/100g,null,cereals,2024-11-05
Kellogg's Crunchy Nut Granola Red Berries 380G,£3.30,£0.87/100g,£2.50 Clubcard Price,cereals,2024-11-05
Tesco Grains & Seeds Granola 500G,£2.40,£0.48/100g,null,cereals,2024-11-05
Kellogg's Special K Red Berries Breakfast Cereal 330g,£3.30,£1.00/100g,null,cereals,2024-11-05
Kellogg's Just Right Cereal 500G,£3.50,£0.70/100g,null,cereals,2024-11-05
Quaker Protein Oat So Simple Original Porridge Pot 49g,£1.30,£2.65/100g,Any 3 for £3 Clubcard Price - Selected Porridge Pots Bars Or Drinks,cereals,2024-11-05
Kellogg's Special K Oats & Honey Cereal 420 G,£3.30,£0.79/100g,null,cereals,2024-11-05
Kellogg's Special K Peach & Apricot Cereal 360G,£3.30,£0.92/100g,null,cereals,2024-11-05
Alpen No Added Sugar Swiss Style Muesli 550G,£2.70,£0.49/100g,null,cereals,2024-11-05
KIND Dark Chocolate Nuts & Sea Salt bars Cereal bars 3x30g,£3.00,£3.33/100g,Save 1/3 £2.00 Clubcard Price,cereals,2024-11-05
Quaker Breakfast Bars Golden Syrup Porridge To Go 2x55g,£1.75,£1.59/100g,Any 3 for £3 Clubcard Price - Selected Porridge Pots Bars Or Drinks,cereals,2024-11-05
Nestlé GoFree Crisp Rice Cereal 350g,£2.50,£0.71/100g,£2.00 Clubcard Price,cereals,2024-11-05
Tesco Swiss Style Muesli 1Kg,£2.40,£0.24/100g,null,cereals,2024-11-05
Quaker Protein Oat So Simple Golden Syrup Porridge Sachets 8x43g,£3.50,£1.02/100g,Any 2 for £4.50 Clubcard Price - Selected Quaker Oat So Simple Porridge,cereals,2024-11-05
Oreo O's Cereal 350G,£4.00,£1.14/100g,null,cereals,2024-11-05
Quaker Oat So Simple Classic Banana Porridge Sachets 10x34.8g,£3.50,£1.01/100g,Any 2 for £4.50 Clubcard Price - Selected Quaker Oat So Simple Porridge,cereals,2024-11-05
Tesco Free From Berry Granola 350G,£2.75,£0.79/100g,null,cereals,2024-11-05
Kellogg's Hot Fudge Sundae Pop Tarts 8X48g,£3.00,£0.78/100g,null,cereals,2024-11-05
Quaker Big Bowl Golden Syrup Porridge Sachets 6x49.6g,£2.50,£0.84/100g,null,cereals,2024-11-05
Tesco Free From Original Porridge Pot 55G,£0.75,£1.36/100g,null,cereals,2024-11-05
Tesco Choco Malt Wheats 500G,£1.99,£0.40/100g,null,cereals,2024-11-05
Mornflake Mighty Creamy Superfast Oats 1.25Kg,£2.00,£0.16/100g,null,cereals,2024-11-05
Tesco Free From Cornflakes 300G,£1.75,£0.58/100g,null,cereals,2024-11-05
Kellogg's Bran Flakes Breakfast Cereal 500g,£2.20,£0.44/100g,null,cereals,2024-11-05
Fuel 10K Liquid Breakfast Vanilla Drink 330Ml,£1.30,£0.39/100ml,Any 3 for £3 Clubcard Price - Selected Porridge Pots Bars Or Drinks,cereals,2024-11-05
Tesco Free From Honey Hoops 300G,£1.75,£0.58/100g,null,cereals,2024-11-05
Fibre One 90 Calorie Triple Choc Cake Bars 4 x 25g (100g),£1.60,£1.60/100g,null,cereals,2024-11-05
Tesco Multigrain Meteors 350G,£1.60,£0.46/100g,null,cereals,2024-11-05
Tesco Pumpkin Seeds Almond & Dark Chocolate Bars 140G,£1.70,£1.21/100g,null,cereals,2024-11-05
Tesco Free From Choco-Nut Pillows 300G,£1.90,£0.63/100g,null,cereals,2024-11-05
Tesco Free From Choco Snaps Cereal 300G,£1.75,£0.58/100g,null,cereals,2024-11-05
Nutribrex Gluten Free Cereal 375G,£4.35,£1.16/100g,null,cereals,2024-11-05
Nutella B-Ready Chocolate Wafers 15 X 22G,£5.00,£1.52/100g,null,cereals,2024-11-05
Fuel10k Double Chocolate Oat Muffin 52G,£1.30,£2.50/100g,Any 3 for £3 Clubcard Price - Selected Porridge Pots Bars Or Drinks,cereals,2024-11-05
Jordans Super Berry Granola 500g,£4.00,£0.80/100g,Save 25% £3.00 Clubcard Price,cereals,2024-11-05
BelVita Breakfast Soft Bakes Apricot Filled 5 Pack 250G,£2.95,£1.18/100g,null,cereals,2024-11-05
Jordans Super Nutty Granola 500g,£4.00,£0.80/100g,Save 25% £3.00 Clubcard Price,cereals,2024-11-05
Fuel 10K Fruit Loaded Granola 400G,£3.25,£0.81/100g,£2.50 Clubcard Price,cereals,2024-11-05
"Bio&Me Low Sugar, Naturally Gut-Loving Granola 360g",£3.95,£1.10/100g,null,cereals,2024-11-05
Tesco Finest Chocolate & Berry Granola 500G,£3.00,£0.60/100g,null,cereals,2024-11-05
Bio&Me Super Seedy & Nutty Gut-Loving Granola 360g,£3.95,£1.10/100g,null,cereals,2024-11-05
Lizi's Low Sugar Granola Nuts & Seeds 450g,£4.00,£0.89/100g,£2.75 Clubcard Price,cereals,2024-11-05
Kellogg's Crunchy Nut Caramelised Granola 380G,£3.30,£0.87/100g,£2.50 Clubcard Price,cereals,2024-11-05
Kellogg's Crunchy Nut Fruit & Nut Oat Granola 380G,£3.30,£0.87/100g,£2.50 Clubcard Price,cereals,2024-11-05
Lizi's Low Sugar Granola Maple & Pecan 450g,£4.00,£0.89/100g,£2.75 Clubcard Price,cereals,2024-11-05
Tesco Finest Fruit Nut & Seed Muesli 500G,£3.00,£0.60/100g,null,cereals,2024-11-05
BelVita Breakfast Biscuits Yogurt Crunch 5 Pack 253G,£2.75,£1.09/100g,£1.75 Clubcard Price,cereals,2024-11-05
Quaker Oat So Simple Gluten Free Porridge Sachets 10x35g,£3.80,£1.09/100g,Save 1/3 £2.50 Clubcard Price,cereals,2024-11-05
Quaker Oat Granola Golden Crunch 500g,£3.50,£0.70/100g,£2.50 Clubcard Price,cereals,2024-11-05
Kellogg's Special K Chocolate Cereal 360G,£3.30,£0.92/100g,null,cereals,2024-11-05
KIND Protein Crunchy Peanut Butter Snack bars 3x42g,£3.50,£2.78/100g,null,cereals,2024-11-05
Quaker Gluten Free Original Porridge Oats 510g,£3.60,£0.71/100g,null,cereals,2024-11-05
Tesco Finest Scottish Oats Porridge 750G,£2.10,£0.28/100g,null,cereals,2024-11-05
Quaker Oat So Simple Simply Strawberry Porridge Sachets 8x32.5g,£3.50,£1.35/100g,Any 2 for £4.50 Clubcard Price - Selected Quaker Oat So Simple Porridge,cereals,2024-11-05
Kellogg's Special K Dark Chocolate Granola 350G,£3.00,£0.86/100g,Save 1/3 £2.00 Clubcard Price,cereals,2024-11-05
Kellogg's Special K Mixed Berries Granola 350G,£3.00,£0.86/100g,Save 1/3 £2.00 Clubcard Price,cereals,2024-11-05
Tesco Free From Fruit & Nut Granola 350G,£2.75,£0.79/100g,null,cereals,2024-11-05
Fuel 10K Chocolate Oat Fibre Breakfast Drink 330Ml,£1.30,£0.39/100ml,Any 3 for £3 Clubcard Price - Selected Porridge Pots Bars Or Drinks,cereals,2024-11-05
Jordans Frusli Bars Cranberry & Apple 6X30g,£2.30,£1.28/100g,Save 1/3 £1.50 Clubcard Price,cereals,2024-11-05
Moma Porridge Almond Butter & Salted Caramel 55G,£1.30,£2.36/100g,Any 3 for £3 Clubcard Price - Selected Porridge Pots Bars Or Drinks,cereals,2024-11-05
Tesco Free From Rice Snaps 300G,£1.75,£0.58/100g,null,cereals,2024-11-05
Tesco Free From Multigrain Hoops 300G,£1.75,£0.58/100g,null,cereals,2024-11-05
Nature Valley Crunchy Oats & Honey 42g,£0.65,£1.55/100g,"£5 Meal Deal Clubcard Price £5.50 Meal Deal Regular Price - Selected Drink + Snack + Tesco Finest* Or Branded Sandwich, Wrap, Roll, Salad Or Sushi",cereals,2024-11-05
Eat Natural Gluten Free Granola Buckwheat Seeds & Honey 425G,£4.10,£0.96/100g,null,cereals,2024-11-05
Jordans No Added Sugar Granola Triple Nut 425g,£3.60,£0.85/100g,null,cereals,2024-11-05
Dorset Cereals Honey Granola Breakfast Cereal 450g,£3.95,£0.88/100g,null,cereals,2024-11-05
Jordans No Added Sugar Granola Apple & Berry 425g,£3.60,£0.85/100g,null,cereals,2024-11-05
FUEL10K Raisin & Almond Granola 400g,£3.25,£0.81/100g,£2.50 Clubcard Price,cereals,2024-11-05
Bio&Me Granola Cocoa & Hazelnut 360g,£3.95,£1.10/100g,null,cereals,2024-11-05
Tesco Finest Berry & Cherry Museli 500G,£3.00,£0.60/100g,null,cereals,2024-11-05
Nairns Gluten Free Oat Muesli 450G,£2.90,£0.64/100g,null,cereals,2024-11-05
KIND Caramel Almond & Sea Salt cereal bars 3x30g,£3.00,£3.33/100g,Save 1/3 £2.00 Clubcard Price,cereals,2024-11-05
Bio&Me Apple & Cinnamon Gut-Loving Porridge 400g,£2.95,£0.74/100g,null,cereals,2024-11-05
Bio&Me Super Seedy & Nutty Gut-Loving Porridge 400g,£2.95,£0.74/100g,null,cereals,2024-11-05
KIND Maple Pecan & Almond Bars cereal bars 3x30g,£3.00,£3.33/100g,null,cereals,2024-11-05
KIND Protein Dark Chocolate snack Bar 50g,£2.20,£4.40/100g,"£5 Meal Deal Clubcard Price £5.50 Meal Deal Regular Price - Selected Drink + Snack + Tesco Finest* Or Branded Sandwich, Wrap, Roll, Salad Or Sushi",cereals,2024-11-05
KIND Protein Crunchy Peanut Butter Snack bar 50G,£2.20,£4.40/100g,"£5 Meal Deal Clubcard Price £5.50 Meal Deal Regular Price - Selected Drink + Snack + Tesco Finest* Or Branded Sandwich, Wrap, Roll, Salad Or Sushi",cereals,2024-11-05
Kind Protein Caramel Nut 50g,£2.20,£4.40/100g,"£5 Meal Deal Clubcard Price £5.50 Meal Deal Regular Price - Selected Drink + Snack + Tesco Finest* Or Branded Sandwich, Wrap, Roll, Salad Or Sushi",cereals,2024-11-05
Bio & Me Gluten Free Porridge Nice & Nutty 58g,£1.30,£2.24/100g,Any 3 for £3 Clubcard Price - Selected Porridge Pots Bars Or Drinks,cereals,2024-11-05
Bio&Me Gluten Free Porridge Spiced Apple 58g,£1.30,£2.24/100g,Any 3 for £3 Clubcard Price - Selected Porridge Pots Bars Or Drinks,cereals,2024-11-05
Tesco Strawberry Granola 1Kg,£1.99,£0.20/100g,null,cereals,2024-11-05
"Kellogg's Rice Krispies Squares Cookies & Cream Cereal Bars Multipack, 4x34g",£2.25,£1.65/100g,null,cereals,2024-11-05
Nature Valley Protein Salted Caramel Nut Cereal Bar 40g,£1.00,£2.50/100g,"£5 Meal Deal Clubcard Price £5.50 Meal Deal Regular Price - Selected Drink + Snack + Tesco Finest* Or Branded Sandwich, Wrap, Roll, Salad Or Sushi",cereals,2024-11-05
Nature Valley Protein Peanut & Chocolate Cereal Bars 40g,£1.00,£2.50/100g,"£5 Meal Deal Clubcard Price £5.50 Meal Deal Regular Price - Selected Drink + Snack + Tesco Finest* Or Branded Sandwich, Wrap, Roll, Salad Or Sushi",cereals,2024-11-05
Jordans Country Crisp Blueberry Crumble Cereal 450g,£3.60,£0.80/100g,null,cereals,2024-11-05
Dorset Cereals Nutty Muesli 500G,£4.50,£0.90/100g,null,cereals,2024-11-05
Weetabix Crispy Minis Chocolate Chip Cereal 500G,£3.80,£0.76/100g,null,cereals,2024-11-05
Weetabix Crispy Minis Fruit & Nut Cereal 500G,null,null,null,cereals,2024-11-05
Kellogg's Frosties Cereal 925G,£4.50,£0.49/100g,£4.00 Clubcard Price,cereals,2024-11-05
Weetabix Protein Cereal 24 Pack,null,null,null,cereals,2024-11-05
Quaker Oat So Simple Original Porridge Sachets Big Pack 20x27g,£4.50,£0.83/100g,null,cereals,2024-11-05
Kellogg's Frosties Cereal 470G,£3.55,£0.76/100g,null,cereals,2024-11-05
Kellogg's Crunchy Nut Chocolate Clusters Cereal 400G,£3.55,£0.89/100g,null,cereals,2024-11-05
Kellogg's Rice Krispies Cereal 660G,£4.00,£0.61/100g,null,cereals,2024-11-05
Kellogg's Special K The Original Cereal 440G,£3.30,£0.75/100g,null,cereals,2024-11-05
Kellogg's Coco Pops Chocos Cereal 430G,£3.50,£0.81/100g,null,cereals,2024-11-05
Kellogg's Coco Pops Cereal 650G,£4.00,£0.62/100g,null,cereals,2024-11-05
Weetabix 36Pk,null,null,null,cereals,2024-11-05
Kellogg's Crunchy Nut Breakfast Cereal 460g,£3.30,£0.72/100g,null,cereals,2024-11-05
Tesco Fruit Muesli 750G,£2.60,£0.35/100g,null,cereals,2024-11-05
Nestlé GoFree Cornflakes Cereal 375g,£2.50,£0.67/100g,£2.00 Clubcard Price,cereals,2024-11-05
Nestlé GoFree Honeynut Flakes Cereal 350g,£2.50,£0.71/100g,£2.00 Clubcard Price,cereals,2024-11-05
Kelloggs Cornflakes 250G,£1.85,£0.74/100g,null,cereals,2024-11-05
Free Gluten Free Chocolate Stars Organic & Vegan 300G,£2.70,£0.90/100g,null,cereals,2024-11-05
Kellogg's Special K High Fibre Crunchy Golden Clusters Cereal 360g,£3.00,£0.83/100g,£2.50 Clubcard Price,cereals,2024-11-05
Nestle Shreddies Coco Cereal 600g,£3.50,£0.58/100g,£2.50 Clubcard Price,cereals,2024-11-05
Kellogg's Corn Flakes Breakfast Cereal 670g,£3.30,£0.49/100g,null,cereals,2024-11-05
Nestle Shreddies Frosted Cereal 600g,£3.50,£0.58/100g,null,cereals,2024-11-05
Weetos Chocolatey Hoops Cereal 600g,£3.50,£0.58/100g,null,cereals,2024-11-05
Quaker Porridge To Go Strawberry Raspberry & Cranberry Bars 2X55G,£1.75,£1.59/100g,Any 3 for £3 Clubcard Price - Selected Porridge Pots Bars Or Drinks,cereals,2024-11-05
Kellogg's Corn Flakes Breakfast Cereal 450g,£2.19,£0.49/100g,null,cereals,2024-11-05
Kellogg's Special K Cereal 300G,£2.25,£0.75/100g,null,cereals,2024-11-05
Go Ahead Forest Fruit Crispy Fruit Slices Snack Bars Multipack 4 x 43.6g,£1.00,£0.58/100g,null,cereals,2024-11-05
Go Ahead Apple Crispy Fruit Slices Snack Bars Multipack 4 x 43.6g,£1.00,£0.58/100g,null,cereals,2024-11-05
Go Ahead Raspberry Crispy Fruit Slices Snack Bars Multipack 4 x 43.6g,£1.00,£0.58/100g,null,cereals,2024-11-05
Tesco Easy Oats Golden Syrup Flavour 8X36g,£1.00,£0.35/100g,null,cereals,2024-11-05
Tesco Easy Oats Apple & Blueberry 8X36g,£1.00,£0.35/100g,null,cereals,2024-11-05
Quaker Hazelnut Chocolate Porridge Sachets Oat So Simple 10x36g,£3.50,£0.96/100g,Any 2 for £4.50 Clubcard Price - Selected Quaker Oat So Simple Porridge,cereals,2024-11-05
Quaker High Protein Strawberries & Cream Porridge Sachets Oat So Simple 8x42g,£3.50,£1.04/100g,Any 2 for £4.50 Clubcard Price - Selected Quaker Oat So Simple Porridge,cereals,2024-11-05
Quaker High Protein Peanut Butter Porridge Sachets Oat So Simple 8x43g,£3.50,£1.02/100g,Any 2 for £4.50 Clubcard Price - Selected Quaker Oat So Simple Porridge,cereals,2024-11-05
Tesco Honey Nut Corn Flakes 500G,£1.25,£0.25/100g,null,cereals,2024-11-05
Up & Go Chocolate Breakfast Shake 300Ml,£1.25,£0.42/100ml,Any 3 for £3 Clubcard Price - Selected Porridge Pots Bars Or Drinks,cereals,2024-11-05
Kellogg's Krave Chocolate Hazelnut Flavour Cereal 750G,£4.00,£0.53/100g,null,cereals,2024-11-05
Kellogg's Krave Milk Chocolate Cereal 750G,£4.00,£0.53/100g,null,cereals,2024-11-05
Kellogg's Pop Tarts S'mores Choco and Marshmallow Flavour 8x48g,£3.00,£0.78/100g,null,cereals,2024-11-05
Kellogg's Variety Cereals Mega 16 Pack 2 x 196g,£4.00,£1.02/100g,null,cereals,2024-11-05
Up & Go Banana & Honey Breakfast Shake 300Ml,£1.25,£0.42/100ml,Any 3 for £3 Clubcard Price - Selected Porridge Pots Bars Or Drinks,cereals,2024-11-05
Kellogg's Variety 8 Pack Cereal 196g,£3.15,£1.61/100g,£2.00 Clubcard Price,cereals,2024-11-05
Quaker Oats High Protein Peanut Butter Porridge Pot 58g,£1.30,£2.24/100g,Any 3 for £3 Clubcard Price - Selected Porridge Pots Bars Or Drinks,cereals,2024-11-05
Quaker Oats High Protein Strawberries & Cream Porridge Pot 59g,£1.30,£2.20/100g,Any 3 for £3 Clubcard Price - Selected Porridge Pots Bars Or Drinks,cereals,2024-11-05
Quaker Oats Hazelnut Chocolate Porridge Pot 58g,£1.30,£2.24/100g,Any 3 for £3 Clubcard Price - Selected Porridge Pots Bars Or Drinks,cereals,2024-11-05
Tesco Choco Snaps Milk Chocolatey Cereal 500g,£1.20,£0.24/100g,null,cereals,2024-11-05
John West No Drain Tuna Chunks in Springwater 3x100g Eco-twist,£4.30,£1.43/100g,£3.50 Clubcard Price,canned,2024-11-05
John West No Drain Tuna Chunks in Sunflower Oil 3x100g Eco-twist,£4.30,£1.43/100g,£3.50 Clubcard Price,canned,2024-11-05
John West No Drain Tuna Chunks in Brine 3x100g Eco-twist,£4.30,£1.43/100g,£3.50 Clubcard Price,canned,2024-11-05
Heinz Cream Of Tomato Soup 4 X 400G,£3.75,£0.23/100g,null,canned,2024-11-05
Heinz Baked Beans In Tomato Sauce 4X415g,£3.75,£2.26/kg,null,canned,2024-11-05
Tesco Drained Tuna Steak In Spring Water 110G,£1.20,£1.09/100g,null,canned,2024-11-05
Napolina Chopped Tomatoes 4 X 400G,£3.00,£1.88/kg,null,canned,2024-11-05
Heinz Beanz In Tomato Sauce 415G,£1.40,£3.37/kg,Any 2 for £2 Clubcard Price - Selected Heinz Beanz 390g Or 415g,canned,2024-11-05
Batchelors Bigga Marrowfat Processed Peas 300G,£0.60,£3.33/kg DR.WT,null,canned,2024-11-05
Tesco Red Kidney Beans In Chilli 390G,£0.95,£2.44/kg,null,canned,2024-11-05
Heinz Beanz In Tomato Sauce 200G,£1.00,£5.00/kg,Any 2 for £1.50 Clubcard Price - Heinz Beanz In Tomato Sauce Or No Added Sugar 200g,canned,2024-11-05
Branston Baked Beans In Tomato Sauce 410G,£1.00,£2.44/kg,Save 25% 75p Clubcard Price,canned,2024-11-05
Heinz Cream Of Tomato Soup 400G,£1.70,£0.42/100g,5 for £5 or 10 for £9 Clubcard Price - Heinz Classic Soup 400g,canned,2024-11-05
Heinz Cream Of Chicken Soup 400G,£1.70,£0.42/100g,5 for £5 or 10 for £9 Clubcard Price - Heinz Classic Soup 400g,canned,2024-11-05
Batchelors Original Mushy Peas 300G,£0.60,£2.00/kg,null,canned,2024-11-05
Heinz Vegetable Soup 400G,£1.70,£0.42/100g,5 for £5 or 10 for £9 Clubcard Price - Heinz Classic Soup 400g,canned,2024-11-05
Tesco Marrow Fat Peas 300G,£0.50,£2.78/kg DR.WT,null,canned,2024-11-05
Green Giant Original Sweet Corn 198G,£1.00,£6.06/kg DR.WT,null,canned,2024-11-05
Grower's Harvest Sliced Carrots 300G,£0.49,£3.06/kg DR.WT,null,canned,2024-11-05
Tesco Cream Of Tomato Soup 400G,£0.62,£0.16/100g,null,canned,2024-11-05
Tesco Spaghetti Rings In Tomato Sauce 410G,£0.40,£0.98/kg,null,canned,2024-11-05
Tesco Tuna Chunks In Spring Water 145G,£0.72,£0.71/100g DR.WT,null,canned,2024-11-05
Tesco British Mushy Peas 300G,null,null,null,canned,2024-11-05
Tesco Tuna Chunks In Brine 145G,£0.72,£0.71/100g DR.WT,null,canned,2024-11-05
Tesco British Garden Peas In Water 290G,£0.50,£2.86/kg DR.WT,null,canned,2024-11-05
Tesco Sardines In Sunflower Oil 120G,£0.50,£0.60/100g DR.WT,null,canned,2024-11-05
Tesco Red Kidney Beans In Water 400G,£0.49,£2.04/kg DR.WT,null,canned,2024-11-05
Tesco Chickpeas In Water 400G,£0.49,£2.04/kg DR.WT,null,canned,2024-11-05
Tesco Italian Finely Chopped Tomatoes 400G,£0.47,£1.18/kg,null,canned,2024-11-05
Tesco Italian Tomato Passata 500G,£0.55,£1.10/kg,null,canned,2024-11-05
Tesco Baked Beans In Tomato Sauce 420G,£0.43,£1.02/kg,null,canned,2024-11-05
Tesco Vegetable Soup 400G,£0.62,£0.16/100g,null,canned,2024-11-05
Tesco Italian Chopped Tomatoes 400G,£0.47,£1.18/kg,null,canned,2024-11-05
Tesco Black Beans 400G,£0.49,£2.08/kg DR.WT,null,canned,2024-11-05
Tesco Reduced Sugar And Salt Baked Beans In Tomato Sauce 420G,£0.38,£0.90/kg,null,canned,2024-11-05
Tesco Italian Peeled Plum Tomatoes 400G,£0.47,£1.18/kg,null,canned,2024-11-05
Tesco Naturally Sweet Sweetcorn 200G,£0.49,£3.06/kg DR.WT,null,canned,2024-11-05
Grower's Harvest Plum Tomatoes 400G,£0.39,£0.98/kg,null,canned,2024-11-05
Grower's Harvest Chopped Tomatoes 400G,£0.39,£0.98/kg,null,canned,2024-11-05
Tesco Naturally Sweet Sweetcorn 325G,£0.62,£2.38/kg DR.WT,null,canned,2024-11-05
Tesco Cream Of Chicken Soup 400G,£0.62,£0.16/100g,null,canned,2024-11-05
Tesco Butter Beans In Water 400G,£0.49,£2.08/kg DR.WT,null,canned,2024-11-05
Growers Harvest Sweetcorn 325G,£0.57,£2.19/kg DR.WT,null,canned,2024-11-05
Growers Harvest Red Kidney Beans In Water 400G,£0.33,£1.38/kg DR.WT,null,canned,2024-11-05
Tesco Baked Beans In Tomato Sauce 220G,£0.23,£1.04/kg,null,canned,2024-11-05
Stockwell & Co Baked Beans In Tomato Sauce 420G,£0.29,£0.69/kg,null,canned,2024-11-05
Stockwell & Co Tuna Chunks In Brine 145G,£0.55,£0.54/100g DR.WT,null,canned,2024-11-05
Stockwell & Co Spaghetti Rings 410G,£0.19,£0.46/kg,null,canned,2024-11-05
Stockwell & Co Baked Beans & Pork Sausages 405G,£0.50,£1.24/kg,null,canned,2024-11-05
Tesco Baked Beans & Pork Sausages In Tomato Sauce 395G,£0.56,£1.42/kg,null,canned,2024-11-05
Princes Tuna Chunks In Spring Water 4X145g,£4.25,£1.04/100g DR.WT,£3.75 Clubcard Price,canned,2024-11-05
Wikinger 8 Hot Dogs 550G,£2.00,£0.56/100g DR.WT,null,canned,2024-11-05
Heinz Ravioli In Tomato Sauce 400G,£2.00,£5.00/kg,Any 3 for £4.50 Clubcard Price - Selected Heinz Beans And Pasta Meals 400g Or 415g,canned,2024-11-05
Tesco Drained Tuna Steak In Sunflower Oil 110G,£1.20,£1.09/100g,null,canned,2024-11-05
Heinz Beanz No Added Sugar In Tomato Sauce 415G,£1.40,£3.37/kg,Any 2 for £2 Clubcard Price - Selected Heinz Beanz 390g Or 415g,canned,2024-11-05
Heinz Big Chicken & Vegetable Soup 400G,£2.00,£0.50/100g,Any 3 for £4 Clubcard Price - Selected Heinz Big Soup 400g,canned,2024-11-05
Branston Baked Beans In Tomato Sauce 220G,£0.60,£2.73/kg,null,canned,2024-11-05
Del Monte Peach Slices In Juice 415G,£1.20,£4.80/kg DR.WT,null,canned,2024-11-05
Del Monte Fruit Cocktail In Juice 415G,£1.20,£4.80/kg DR.WT,null,canned,2024-11-05
Summer Pride Red Kidney Beans In Salted Water 380g,£0.60,£2.61/kg DR.WT,null,canned,2024-11-05
Heinz Baked Beans No Added Sugar 200G,£1.00,£5.00/kg,Any 2 for £1.50 Clubcard Price - Heinz Beanz In Tomato Sauce Or No Added Sugar 200g,canned,2024-11-05
Tesco Taco Mixed Beans Spicy Tomato Sauce 395G,£0.95,£2.40/kg,null,canned,2024-11-05
Napolina Chopped Tomatoes 400G,£1.00,£2.50/kg,Save 25% 75p Clubcard Price,canned,2024-11-05
Ye Olde Oak 8 Hot Dogs 400G,£0.99,£0.54/100g DR.WT,null,canned,2024-11-05
Tesco Pineapple Chunks In Juice 425G,£1.10,£4.23/kg DR.WT,null,canned,2024-11-05
Heinz Spaghetti Hoops In Tomato Sauce 400G,£1.25,£3.12/kg,Any 2 for £1.75 Clubcard Price - Selected Heinz Spaghetti In Tomato Sauce 400g,canned,2024-11-05
Tesco Pineapple Slices In Juice 227G,£0.80,£5.88/kg DR.WT,null,canned,2024-11-05
Heinz Cream Of Mushroom Soup 400G,£1.70,£0.42/100g,5 for £5 or 10 for £9 Clubcard Price - Heinz Classic Soup 400g,canned,2024-11-05
Heinz Oxtail Soup 400G,£1.70,£0.42/100g,5 for £5 or 10 for £9 Clubcard Price - Heinz Classic Soup 400g,canned,2024-11-05
Green Giant Salt Free Sweetcorn 198G,£1.00,£6.06/kg DR.WT,null,canned,2024-11-05
Heinz Baked Beans In Tomato Sauce 150G,£0.65,£4.33/kg,null,canned,2024-11-05
Heinz Carrot & Coriander Soup 400G,£1.70,£0.42/100g,5 for £5 or 10 for £9 Clubcard Price - Heinz Classic Soup 400g,canned,2024-11-05
Heinz Lentil Soup 400G,£1.70,£0.42/100g,5 for £5 or 10 for £9 Clubcard Price - Heinz Classic Soup 400g,canned,2024-11-05
Heinz Spaghetti In Tomato Sauce 400G,£1.25,£3.12/kg,Any 2 for £1.75 Clubcard Price - Selected Heinz Spaghetti In Tomato Sauce 400g,canned,2024-11-05
Heinz Chicken Noodle Soup 400G,£1.70,£0.42/100g,5 for £5 or 10 for £9 Clubcard Price - Heinz Classic Soup 400g,canned,2024-11-05
Heinz Potato & Leek Soup 400G,£1.70,£0.42/100g,5 for £5 or 10 for £9 Clubcard Price - Heinz Classic Soup 400g,canned,2024-11-05
Tesco Skinless Boneless Scottish Mackerel In Tomato Sauce 125G,£0.95,£0.76/100g,null,canned,2024-11-05
Heinz Minestrone Soup 400G,£1.70,£0.42/100g,5 for £5 or 10 for £9 Clubcard Price - Heinz Classic Soup 400g,canned,2024-11-05
Heinz Spaghetti Hoops In Tomato Sauce 205G,£0.90,£4.39/kg,null,canned,2024-11-05
Green Giant Original Sweet Corn 340G,£1.25,£4.39/kg DR.WT,Any 3 for £3.20 Clubcard Price - Green Giant Sweetcorn 340g,canned,2024-11-05
Tesco Sliced Carrots In Water 300G,£0.50,£3.12/kg DR.WT,null,canned,2024-11-05
Tesco Skinless Boneless Scottish Mackerel In Brine 125G,£0.95,£1.08/100g DR.WT,null,canned,2024-11-05
Tesco Quartered Pears In Juice 410G,£1.10,£4.89/kg DR.WT,null,canned,2024-11-05
Summer Pride Chickpeas In Salted Water 380g,£0.65,£2.83/kg DR.WT,null,canned,2024-11-05
Tesco Mandarin Segments In Juice 298G,£0.80,£4.57/kg DR.WT,null,canned,2024-11-05
Tesco Cannellini Beans Water 400G,£0.49,£1.99/kg DR.WT,null,canned,2024-11-05
Tesco Green Lentils In Water 390G,£0.49,£0.00/kg DR.WT,null,canned,2024-11-05
Tesco Cream Of Mushroom Soup 400G,£0.62,£0.16/100g,null,canned,2024-11-05
Tesco Prunes In Juice 410G,£1.10,£4.68/kg DR.WT,null,canned,2024-11-05
Tesco Sardines In Tomato Sauce 120G,£0.47,£0.39/100g,null,canned,2024-11-05
Tesco Italian Chopped Tomatoes227g,£0.40,£1.76/kg,null,canned,2024-11-05
Tesco Minestrone Soup 400G,£0.62,£0.16/100g,null,canned,2024-11-05
Tesco Tuna Chunks In Sunflower Oil 145G,£0.72,£0.71/100g DR.WT,null,canned,2024-11-05
Tesco Mackerel Fillets Sunflower Oil 125G,£0.95,£1.08/100g DR.WT,null,canned,2024-11-05
Growers Harvest British Mushy Peas 300G,£0.31,£1.03/kg,null,canned,2024-11-05
Tesco Mulligatawny Soup 400G,£0.62,£0.16/100g,null,canned,2024-11-05
Tesco Reduced Sugar & Salt Baked Beans 220G,£0.23,£1.04/kg,null,canned,2024-11-05
Growers Harvest Garden Peas In Water 300G,£0.28,£1.51/kg DR.WT,null,canned,2024-11-05
John West No Drain Tuna Fridge Pot Springwater 110G,£1.80,£1.64/100g,null,canned,2024-11-05
Heinz Baked Beans In Tomato Sauce 6 X 415G,£5.25,£2.11/kg,2 for £8 Clubcard Price - Heinz Beanz In Tomato Sauce 415g,canned,2024-11-05
Tesco Red Split Lentils 500G,£2.00,£4.00/kg,null,canned,2024-11-05
Princes Tuna Chunks In Brine 4X145g,£4.25,£1.04/100g DR.WT,£3.75 Clubcard Price,canned,2024-11-05
Tesco Red Split Lentils 1Kg,£2.50,£2.50/kg,null,canned,2024-11-05
Heinz Baked Beans No Added Sugar In Tomato Sauce 4 X415g,£3.75,£2.26/kg,null,canned,2024-11-05
Heinz Cream Of Chicken Soup 4 X 400G,£3.75,£0.23/100g,null,canned,2024-11-05
Tesco Drained Tuna Steak In Brine 110G,£1.20,£1.09/100g,null,canned,2024-11-05
Campbell's Cream Of Chicken Condensed Soup 295G,£1.50,£0.51/100g,null,canned,2024-11-05
Heinz Baked Beans No Added Sugar Snap Pots 4 X200g,£2.75,£3.44/kg,null,canned,2024-11-05
Heinz Big Beef & Vegetable Soup 400G,£2.00,£0.50/100g,Any 3 for £4 Clubcard Price - Selected Heinz Big Soup 400g,canned,2024-11-05
Napolina Tomato Passata 500G,£1.20,£2.40/kg,null,canned,2024-11-05
Heinz Cream Of Tomato Cup Soup 4 Pack 88G,£1.50,£1.70/100g,null,canned,2024-11-05
Heinz Big Soup Steak & Potato 400G,£2.00,£0.50/100g,Any 3 for £4 Clubcard Price - Selected Heinz Big Soup 400g,canned,2024-11-05
Princes Corned Beef 340G,£3.50,£1.03/100g,null,canned,2024-11-05
Cirio Passata Carton 500G,£1.25,£2.50/kg,95p Clubcard Price,canned,2024-11-05
Tesco Macaroni Cheese In Sauce 385G,£1.00,£2.60/kg,null,canned,2024-11-05
Ship Corned Beef 340G,£3.15,£0.93/100g,null,canned,2024-11-05
Batchelors Cup A Soup Creamy Potato & Leek 4 Pack 107G,£1.60,£1.49/100g,Any 3 for £3 Clubcard Price - Selected Batchelors Cup A Soup,canned,2024-11-05
Farrow's Giant Marrow Fat Peas 300G,£0.75,£4.17/kg DR.WT,null,canned,2024-11-05
Batchelors Cup A Soup Cream Of Vegetable Croutons 4 Pack 122G,£1.60,£1.31/100g,Any 3 for £3 Clubcard Price - Selected Batchelors Cup A Soup,canned,2024-11-05
Batchelors Cup A Soup Chicken 4 Pack 81G,£1.60,£1.98/100g,Any 3 for £3 Clubcard Price - Selected Batchelors Cup A Soup,canned,2024-11-05
Tesco Pineapple Slices In Juice 425G,£1.10,£4.23/kg DR.WT,null,canned,2024-11-05
Tesco Plant Chef Lentil & Pepper Soup 400G,£0.85,£0.21/100g,null,canned,2024-11-05
Tesco Italian Passata With Garlic & Herbs 500G,£1.00,£2.00/kg,null,canned,2024-11-05
Stockwell & Co Tomato Soup 400G,£0.55,£0.14/100g,null,canned,2024-11-05
Heinz Cream Of Tomato & Basil Soup 400G,£1.70,£0.42/100g,5 for £5 or 10 for £9 Clubcard Price - Heinz Classic Soup 400g,canned,2024-11-05
Tesco Mixed Baked Beans In Tomato Sauce 415G,£0.75,£1.81/kg,null,canned,2024-11-05
Tesco Plant Chef Sweet Potato & Coconut Soup 400G,£0.85,£0.21/100g,null,canned,2024-11-05
Heinz Cream Of Chicken & Mushroom Soup 400G,£1.70,£0.42/100g,5 for £5 or 10 for £9 Clubcard Price - Heinz Classic Soup 400g,canned,2024-11-05
Tesco Tropical Fruit Salad 425G,£1.10,£4.07/kg DR.WT,null,canned,2024-11-05
Heinz Beef Broth Soup 400G,£1.70,£0.42/100g,5 for £5 or 10 for £9 Clubcard Price - Heinz Classic Soup 400g,canned,2024-11-05
Heinz Spring Vegetable Soup 400G,£1.70,£0.42/100g,5 for £5 or 10 for £9 Clubcard Price - Heinz Classic Soup 400g,canned,2024-11-05
Heinz Spaghetti In Tomato Sauce 200G,£0.90,£4.50/kg,null,canned,2024-11-05
Heinz Scotch Broth Soup 400G,£1.70,£0.42/100g,5 for £5 or 10 for £9 Clubcard Price - Heinz Classic Soup 400g,canned,2024-11-05
Tesco Peach Slices In Juice 410G,£1.10,£4.40/kg DR.WT,null,canned,2024-11-05
Tesco Spaghetti Rings Sausages In Tomato Sauce 410G,£0.95,£2.32/kg,null,canned,2024-11-05
Tesco Sardines In Brine 120G,£0.50,£0.60/100g DR.WT,null,canned,2024-11-05
Tesco Chunky Chicken & Vegetable Soup 400G,£1.10,£0.28/100g,null,canned,2024-11-05
Tesco Meatballs In Tomato Sauce 395G,£0.90,£2.28/kg,null,canned,2024-11-05
Lancaster 8 Hot Dogs In Brine 400G,£0.70,£0.38/100g DR.WT,null,canned,2024-11-05
Tesco Cream Of Chicken & Mushroom Soup 400G,£0.62,£0.16/100g,null,canned,2024-11-05
Stockwell & Co Salmon Paste 75G,£0.45,£0.60/100g,null,canned,2024-11-05
Tesco Broccoli And Stilton Soup 400G,£0.62,£0.16/100g,null,canned,2024-11-05
Tesco Oxtail Soup 400G,£0.62,£0.16/100g,null,canned,2024-11-05
Tesco Pea And Ham Soup 400G,£0.62,£0.16/100g,null,canned,2024-11-05
Tesco Lentil And Bacon Soup 400G,£0.62,£0.16/100g,null,canned,2024-11-05
Tesco Pitted Prunes In Juice 290G,£1.10,£6.29/kg DR.WT,null,canned,2024-11-05
Princes Wild Pacific Red Salmon 213G,£4.00,£1.88/100g,null,canned,2024-11-05
John West No Drain Tuna Steak In Oil Fridge Pot 110G,£1.80,£1.64/100g,null,canned,2024-11-05
Spam Chopped Pork And Ham 340G,£3.50,£1.03/100g,null,canned,2024-11-05
Princes Tuna Chunks In Sunflower Oil 4X145g,£4.25,£1.04/100g DR.WT,£3.75 Clubcard Price,canned,2024-11-05
Tesco Skinless Boneless Wild Pacific Red Salmon 170G,£4.15,£2.44/100g,null,canned,2024-11-05
John West Kippers in Sunflower Oil 145g,£1.90,£1.86/100g DR.WT,null,canned,2024-11-05
Tesco Organic Italian Chopped Tomatoes 390G,null,null,null,canned,2024-11-05
Princes Strawberries In Light Syrup 410G,£1.60,£3.90/kg DR.WT,null,canned,2024-11-05
Tesco Petits Pois & Baby Carrot Water 200G,£1.20,£9.23/kg DR.WT,null,canned,2024-11-05
Tesco Whole Button Mushroom 285G,£1.40,£8.97/kg DR.WT,null,canned,2024-11-05
Napolina Passata 690G,£1.50,£2.17/kg,null,canned,2024-11-05
Tesco Chicken In White Sauce 392G,£1.85,£4.72/kg,null,canned,2024-11-05
Knorr Super Chicken Noodle Dry Soup 51G,£1.25,£2.45/100g,£1.00 Clubcard Price,canned,2024-11-05
Campbell's Cream Of Mushroom Condensed Soup 295G,£1.50,£0.51/100g,null,canned,2024-11-05
Heinz Spaghetti Bolognese 400G,£2.00,£5.00/kg,Any 3 for £4.50 Clubcard Price - Selected Heinz Beans And Pasta Meals 400g Or 415g,canned,2024-11-05
Branston Baked Beans With Sausages In Tomato Sauce 405G,£1.50,£3.70/kg,null,canned,2024-11-05
Tesco Tuna Chunks In Spring Water 3X80g,£2.20,£1.31/100g DR.WT,null,canned,2024-11-05
Merchant Gourmet Puy Lentils Ready To Eat 250G,£2.15,£8.60/kg,null,canned,2024-11-05
Heinz Big Soup Chunky Vegetable 400G,£2.00,£0.50/100g,Any 3 for £4 Clubcard Price - Selected Heinz Big Soup 400g,canned,2024-11-05
Heinz Spaghetti Hoops In Tomato Sauce 4 X 400G,£2.99,£1.87/kg,null,canned,2024-11-05
Heinz Big Soup Lamb And Vegetable 400G,£2.00,£0.50/100g,Any 3 for £4 Clubcard Price - Selected Heinz Big Soup 400g,canned,2024-11-05
Heinz No Added Sugar Cream Of Tomato Soup 400G,£1.70,£0.42/100g,5 for £5 or 10 for £9 Clubcard Price - Heinz Classic Soup 400g,canned,2024-11-05
Tesco Tuscan Inspired Bean Soup 400G,£1.10,£0.28/100g,null,canned,2024-11-05
Del Monte Peach Slices Light Syrup 420G,£1.20,£4.80/kg DR.WT,null,canned,2024-11-05
Tesco Italian Cherry Tomatoes 400G,£1.10,£2.75/kg,null,canned,2024-11-05
Del Monte Fruit Cocktail Light Syrup 420G,£1.20,£4.80/kg DR.WT,null,canned,2024-11-05
Del Monte Pear Halves In Juice 415G,£1.20,£5.22/kg DR.WT,null,canned,2024-11-05
Tesco Danish Ham 200G,£1.80,£0.90/100g,null,canned,2024-11-05
Tesco 3 Bean Salad In Water 400G,£0.95,£3.86/kg DR.WT,null,canned,2024-11-05
Batchelors Cup A Soup Golden Vegetable 4 Pack 82G,£1.60,£1.95/100g,Any 3 for £3 Clubcard Price - Selected Batchelors Cup A Soup,canned,2024-11-05
Napolina Chick Peas In Water 400G,£1.00,£4.17/kg DR.WT,85p Clubcard Price,canned,2024-11-05
Del Monte Prunes In Juice 410G,£1.20,£5.00/kg DR.WT,null,canned,2024-11-05
Batchelors Cup A Soup Cream Of Asparagus Croutons 4 Pack 117G,£1.60,£1.37/100g,Any 3 for £3 Clubcard Price - Selected Batchelors Cup A Soup,canned,2024-11-05
Tesco Italian Chopped Tomatoes With Garlic 390G,£0.85,£2.18/kg,null,canned,2024-11-05
Batchelors Cup A Soup Tomato 4 Pack 93G,£1.60,£1.72/100g,Any 3 for £3 Clubcard Price - Selected Batchelors Cup A Soup,canned,2024-11-05
Tesco Plant Chef Tomato And Basil Soup 400G,£0.85,£0.21/100g,null,canned,2024-11-05
Heinz Peppa Pig Pasta Shapes In Tomato Sauce 205G,£0.90,£4.39/kg,null,canned,2024-11-05
Heinz Cream Of Tomato Soup 300G,£1.00,£0.33/100g,null,canned,2024-11-05
Heinz Lentil & Bacon Soup 400G,£1.70,£0.42/100g,5 for £5 or 10 for £9 Clubcard Price - Heinz Classic Soup 400g,canned,2024-11-05
Tesco Apricot Halves In Juice 411G,£1.10,£4.70/kg DR.WT,null,canned,2024-11-05
Tesco Halved Pears In Juice 410G,£1.10,£4.89/kg DR.WT,null,canned,2024-11-05
Tesco Skinless Boneless Scottish Mackerel Spicy Tomato Sauce 125G,£0.95,£0.76/100g,null,canned,2024-11-05
Stockwell & Co Chicken Paste 75G,£0.45,£0.60/100g,null,canned,2024-11-05
Tesco Baby Carrots In Water 300G,£0.50,£2.70/kg DR.WT,null,canned,2024-11-05
Tesco Chunky Beef & Vegetable Soup 400G,£1.10,£0.28/100g,null,canned,2024-11-05
Tesco Scotch Broth Soup 400G,£0.62,£0.16/100g,null,canned,2024-11-05
Fray Bentos Steak & Kidney 425G,£3.25,£0.76/100g,£2.00 Clubcard Price,canned,2024-11-05
Princes Corned Beef 200G,£3.00,£1.50/100g,£2.50 Clubcard Price,canned,2024-11-05
Tesco Wild Pacific Red Salmon 212G,£3.20,£1.51/100g,null,canned,2024-11-05
Heinz Weight Watchers Tomato Soup 295G,£1.20,£0.41/100g,null,canned,2024-11-05
Tesco Whole Green Beans In Water 400G,£1.35,£6.14/kg DR.WT,null,canned,2024-11-05
Heinz Macaroni Cheese 400G,£2.00,£5.00/kg,Any 3 for £4.50 Clubcard Price - Selected Heinz Beans And Pasta Meals 400g Or 415g,canned,2024-11-05
Tesco Finest Cantabrian Anchovy Fillets 50G,£1.65,£5.50/100g DR.WT,null,canned,2024-11-05
Tesco Danish Ham 340G,£2.95,£0.87/100g,null,canned,2024-11-05
La Doria Ratatouille 390G,£1.35,£3.46/kg,null,canned,2024-11-05
Napolina Plum Tomatoes 4 X 400G,£3.00,£1.88/kg,null,canned,2024-11-05
Tesco Petits Pois & Baby Carrot Water 340G,£1.40,£6.36/kg DR.WT,null,canned,2024-11-05
Heinz Baked Beans Five Beanz In Tomato Sauce 415G,£1.40,£3.37/kg,Any 2 for £2 Clubcard Price - Selected Heinz Beanz 390g Or 415g,canned,2024-11-05
Baxters Favourites Scotch Broth Soup 400G,£1.90,£0.48/100g,null,canned,2024-11-05
Baxters Favourites Lentil & Bacon Soup 400G,£1.90,£0.48/100g,null,canned,2024-11-05
Baxters Favourites French Onion Soup 400G,£1.90,£0.48/100g,null,canned,2024-11-05
Tesco Chunky Vegetable Soup 400G,£1.10,£0.28/100g,null,canned,2024-11-05
Tesco Pearl Barley 500G,£1.00,£2.00/kg,null,canned,2024-11-05
Baxters Favourites Chicken Broth Soup 400G,£1.90,£0.48/100g,null,canned,2024-11-05
Tesco Organic Chick Peas In Water 400G,£1.10,£4.58/kg DR.WT,null,canned,2024-11-05
Baxters Favourites Cream Of Tomato Soup 400G,£1.90,£0.48/100g,null,canned,2024-11-05
Baxters Favourites Minestrone Soup 400G,£1.90,£0.48/100g,null,canned,2024-11-05
Idahoan Buttery Mash 109G,£1.50,£13.76/kg,£1.20 Clubcard Price,canned,2024-11-05
Tesco Wild Pacific Pink Salmon 212G,£1.55,£0.73/100g,null,canned,2024-11-05
Princes Reduced Salt Corned Beef 340G,£3.50,£1.03/100g,null,canned,2024-11-05
Napolina Red Kidney Beans In Water 400G,£1.00,£4.17/kg DR.WT,85p Clubcard Price,canned,2024-11-05
Batchelors Cup A Soup Chicken Noodle 4 Pack 94G,£1.60,£1.70/100g,Any 3 for £3 Clubcard Price - Selected Batchelors Cup A Soup,canned,2024-11-05
Batchelors Cup A Soup Chicken & Leek 4 Pack 86G,£1.60,£1.86/100g,Any 3 for £3 Clubcard Price - Selected Batchelors Cup A Soup,canned,2024-11-05
Batchelors Cup A Soup Cream Of Mushroom Croutons 4 Pack 99G,£1.60,£1.62/100g,Any 3 for £3 Clubcard Price - Selected Batchelors Cup A Soup,canned,2024-11-05
Batchelors Cup A Soup Broccoli & Cauliflower 4 Sachets 101G,£1.60,£1.58/100g,Any 3 for £3 Clubcard Price - Selected Batchelors Cup A Soup,canned,2024-11-05
Tesco Vegetable & Croutons Soup In A Mug 5 Pack 115G,£0.95,£0.83/100g,null,canned,2024-11-05
Tesco Grapefruit Segments In Juice 411G,£1.10,£4.91/kg DR.WT,null,canned,2024-11-05
Heinz Minions Pasta Shapes In Tomato Sauce 205G,£0.90,£4.39/kg,null,canned,2024-11-05
Stockwell & Co Vegetable Soup 400G,£0.55,£0.14/100g,null,canned,2024-11-05
Heinz Hoops No Added Sugar 205G,£0.90,£4.39/kg,null,canned,2024-11-05
Glenryck Pilchards In Tomato Sauce 155G,£0.70,£0.45/100g,null,canned,2024-11-05
Batchelors Bigga Dried Peas 250G,£0.85,£3.40/kg,null,canned,2024-11-05
Tesco Low Fat Lentil & Vegetable Soup 400G,£0.62,£0.16/100g,null,canned,2024-11-05
Tesco Ruby Red Grapefruit Segments In Juice 411G,£1.10,£4.91/kg DR.WT,null,canned,2024-11-05
Tesco Haricot Beans In Water 400G,£0.49,£2.08/kg DR.WT,null,canned,2024-11-05
Tesco Pinto Beans In Water 390G,£0.49,£2.08/kg DR.WT,null,canned,2024-11-05
Tesco Borlotti Beans In Water 400G,£0.49,£1.99/kg DR.WT,null,canned,2024-11-05
Tesco Black Eyed Beans In Water 400G,£0.49,£0.00/kg DR.WT,null,canned,2024-11-05
Tesco Chicken Paste 75G,£0.49,£0.65/100g,null,canned,2024-11-05
Tesco Minced Beef With Onion 392G,£1.85,£4.72/kg,null,canned,2024-11-05
Tesco Chilli Con Carne 392G,£1.93,£4.92/kg,null,canned,2024-11-05
Tesco Stewed Steak 392G,£2.55,£6.50/kg DR.WT,null,canned,2024-11-05
Tesco Quinoa 300G,£2.80,£9.33/kg,null,canned,2024-11-05
Princes Tuna Chunks In Spring Water 8 X 145G,£8.00,£0.98/100g DR.WT,null,canned,2024-11-05
Smash The Original Instant Mash Potato 360G,£3.60,£10.00/kg,null,canned,2024-11-05
Cirio Chopped Tomatoes 4X400g,£4.70,£2.94/kg,null,canned,2024-11-05
Princes Mackerel Fillets Olive Oil 125G,£1.75,£2.13/100g DR.WT,null,canned,2024-11-05
John West No Drain Tuna Steak In Brine Fridge Pot 110G,£1.80,£1.64/100g,null,canned,2024-11-05
Princes Skinless Boneless Wild Red Salmon 105G,£3.40,£3.24/100g,null,canned,2024-11-05
John West Sardines Olive Oil 120Gm,£1.10,£1.22/100g DR.WT,null,canned,2024-11-05
Cirio Smooth Passata 3X200g,£2.00,£3.33/kg,Save 25% £1.50 Clubcard Price,canned,2024-11-05
Princes Apple Slices 385G,£1.60,£4.16/kg,null,canned,2024-11-05
Baxters Vegetarian Lentil & Vegetable Soup 400G,£2.00,£0.50/100g,£1.35 Clubcard Price,canned,2024-11-05
Baxters Vegetarian Spicy Parsnip Soup 400G,£2.00,£0.50/100g,£1.35 Clubcard Price,canned,2024-11-05
Baxters Vegetarian Carrot & Butter Bean Soup 400G,£2.00,£0.50/100g,£1.35 Clubcard Price,canned,2024-11-05
Tesco Organic Baked Beans In Tomato Sauce 420G,£1.00,£2.38/kg,null,canned,2024-11-05
Heinz Baked Beans In Bbq Sauce 390G,£1.40,£3.59/kg,Any 2 for £2 Clubcard Price - Selected Heinz Beanz 390g Or 415g,canned,2024-11-05
Tesco Beef Casserole 392G,£1.85,£4.72/kg,null,canned,2024-11-05
Campbell's Cream Of Tomato Condensed Soup 295G,£1.50,£0.51/100g,null,canned,2024-11-05
Princes Tuna Chunks In Spring Water 145G,£1.75,£1.72/100g DR.WT,null,canned,2024-11-05
Princes Skinless Boneless Mackerel Fillets In Tomato Sauce 125G,£1.75,£1.40/100g,null,canned,2024-11-05
Stagg Chilli Classic Chilli Con Carne 400G,£2.25,£5.62/kg,null,canned,2024-11-05
Wikinger 8 Hot Dogs 1030G,£3.00,£0.42/100g DR.WT,null,canned,2024-11-05
Tesco Chopped Pork & Ham 200G,£1.80,£0.90/100g,null,canned,2024-11-05
Heinz Big Soup Sausage & Vegetable 400G,£2.00,£0.50/100g,Any 3 for £4 Clubcard Price - Selected Heinz Big Soup 400g,canned,2024-11-05
Crosse And Blackwell Winter Vegetable Soup 400G,£1.10,£0.28/100g,null,canned,2024-11-05
Baxters Favourites Cock A Leekie Soup 400G,£1.90,£0.48/100g,null,canned,2024-11-05
Fray Bentos Meatballs In Tomato Sauce 380G,£0.95,£2.50/kg,null,canned,2024-11-05
Del Monte Mandarins In Juice 300G,£1.20,£6.86/kg DR.WT,null,canned,2024-11-05
Del Monte Peach Halves In Juice 415G,£1.20,£5.11/kg DR.WT,null,canned,2024-11-05
Stockwell & Co Chilli Con Carne 392G,£1.69,£4.31/kg,null,canned,2024-11-05
Tesco Irish Stew 392G,£1.95,£4.97/kg,null,canned,2024-11-05
Napolina Lentils 400G,£1.00,£2.50/kg,null,canned,2024-11-05
Del Monte Mango Slices In Syrup 425G,£1.20,£5.22/kg DR.WT,null,canned,2024-11-05
Batchelors Slim a Soup Minestrone with Croutons 4 Sachets 61g,£1.60,£2.62/100g,Any 3 for £3 Clubcard Price - Selected Batchelors Cup A Soup,canned,2024-11-05
Batchelors Cup A Soup Chicken & Vegetable Croutons 4 Pack 110G,£1.60,£1.46/100g,Any 3 for £3 Clubcard Price - Selected Batchelors Cup A Soup,canned,2024-11-05
Batchelors Cup A Soup Beef & Tomato 4 Pack 88G,£1.60,£1.82/100g,Any 3 for £3 Clubcard Price - Selected Batchelors Cup A Soup,canned,2024-11-05
Tesco Low Fat Chicken Noodle Cup Soup 5 Pack 65G,£0.95,£1.46/100g,null,canned,2024-11-05
Crosse And Blackwell Roast Chicken & Vegetable Soup 400G,£1.10,£0.28/100g,null,canned,2024-11-05
Tesco Low Fat Tomato Soup 400G,£0.62,£0.16/100g,null,canned,2024-11-05
Crosse And Blackwell Cream Of Roast Chicken Soup 400G,£1.10,£0.28/100g,null,canned,2024-11-05
Heinz Alphabetti Pasta In Tomato Sauce 400G,£1.25,£3.12/kg,Any 2 for £1.75 Clubcard Price - Selected Heinz Spaghetti In Tomato Sauce 400g,canned,2024-11-05
Tesco Instant Mashed Potato 160G,£1.00,£6.25/kg,null,canned,2024-11-05
Fray Bentos Meatballs In Gravy 380G,£0.95,£2.50/kg,null,canned,2024-11-05
Tesco Broccoli & Stilton Soup In A Mug 5 Pack 120G,£0.95,£0.79/100g,null,canned,2024-11-05
Tesco Tomato & Basil With Croutons Soup In A Mug 5 Pack 120G,£0.95,£0.79/100g,null,canned,2024-11-05
Tesco Broad Beans In Water 300G,£0.75,£3.95/kg DR.WT,null,canned,2024-11-05
Tesco Prunes In Syrup 420G,£1.10,£4.68/kg DR.WT,null,canned,2024-11-05
Tesco Mackerel In Katsu Curry Sauce 125G,£0.95,£0.76/100g,null,canned,2024-11-05
Tesco Wholefoods Bulgar Wheat 500G,£2.00,£4.00/kg,null,canned,2024-11-05
Spam Chopped Pork & Ham 200G,£3.00,£1.50/100g,£2.45 Clubcard Price,canned,2024-11-05
Pek Chopped Pork 300G,£2.50,£0.83/100g,null,canned,2024-11-05
Princes Rhubarb In Light Syrup 540G,£1.60,£6.53/kg DR.WT,null,canned,2024-11-05
Baxters Vegetarian Country Garden Soup 400G,£2.00,£0.50/100g,£1.35 Clubcard Price,canned,2024-11-05
Merchant Gourmet Red & White Quinoa 250G,£2.15,£8.60/kg,null,canned,2024-11-05
Tesco Wild Pacific Red Salmon 105G,£2.60,£2.48/100g,null,canned,2024-11-05
Tesco Skinless Boneless Sardines In Tomato Sauce 90G,null,null,null,canned,2024-11-05
John West Infusions Tuna Chilli & Garlic 80G,£1.80,£2.25/100g,null,canned,2024-11-05
Merchant Gourmet Tomatoey Puy & Green Lentils 250G,£2.15,£8.60/kg,null,canned,2024-11-05
Princes Lean Corned Beef Reduced Fat 200G,£3.60,£1.80/100g,null,canned,2024-11-05
Tesco Grapefruit Segments In Light Syrup 411G,£1.10,£4.91/kg DR.WT,null,canned,2024-11-05
Knorr Thick Vegetable Dry Soup 75G,£1.25,£1.67/100g,£1.00 Clubcard Price,canned,2024-11-05
Tesco Skinless Boneless Wild Pacific Pink Salmon 170G,£2.40,£1.41/100g,null,canned,2024-11-05
Heinz Big Soup Chicken & Leek 400G,£2.00,£0.50/100g,Any 3 for £4 Clubcard Price - Selected Heinz Big Soup 400g,canned,2024-11-05
Nature's Finest Pitted Prunes In Juice 700G,£3.00,£8.00/kg DR.WT,null,canned,2024-11-05
Heinz Cream Of Chicken Cup Soup 4 Pack 68G,£1.50,£2.21/100g,null,canned,2024-11-05
Nature's Finest Mandarin In Juice 390G,£1.85,£7.71/kg DR.WT,null,canned,2024-11-05
Dole Fruit Bowl Peaches In Juice 4X113g,£2.30,£0.88/100g DR.WT,£1.85 Clubcard Price,canned,2024-11-05
Tesco Pear And Peach Pieces 4X120g,£1.70,£0.57/100g DR.WT,null,canned,2024-11-05
Tesco Chicken Curry 392G,£1.69,£4.31/kg,null,canned,2024-11-05
Tesco Chicken Korma 392G,£1.85,£4.72/kg DR.WT,null,canned,2024-11-05
Tulip Bacon Grill 250G,£1.70,£0.68/100g,null,canned,2024-11-05
Crosse And Blackwell Spicy Parsnip & Carrot Soup 400G,£1.10,£0.28/100g,null,canned,2024-11-05
Tesco Organic Red Kidney Beans In Water 400G,£1.10,£4.58/kg DR.WT,null,canned,2024-11-05
Stockwell & Co Chicken Curry 392G,£1.49,£3.80/kg,null,canned,2024-11-05
Tesco Orange Flavoured Jelly & Mandarin Pieces 4X120g,£1.70,£0.35/100g,null,canned,2024-11-05
Idahoan Cheese Mash 109G,£1.50,£13.76/kg,£1.20 Clubcard Price,canned,2024-11-05
John West Boneless Sardines Olive Oil 95G,£1.35,£2.02/100g DR.WT,null,canned,2024-11-05
John West Boneless Sardines Tomato Sauce 95G,£1.35,£1.42/100g,null,canned,2024-11-05
Del Monte Pear Halves In Syrup 420G,£1.20,£5.22/kg DR.WT,null,canned,2024-11-05
Napolina Cannellini Beans Water 400G,£1.00,£4.17/kg DR.WT,85p Clubcard Price,canned,2024-11-05
Heinz Weight Watchers Carrot & Lentil Soup 295G,£1.20,£0.41/100g,null,canned,2024-11-05
Heinz Weight Watchers Chicken Soup 295G,£1.20,£0.41/100g,null,canned,2024-11-05
Tesco Finest Sardines In Water 105G,£1.15,£1.62/100g DR.WT,null,canned,2024-11-05
Glenryck Pilchards In Tomato Sauce 400G,£1.25,£0.31/100g,null,canned,2024-11-05
Tesco Beef Curry 392G,£1.85,£4.72/kg,null,canned,2024-11-05
Heinz Spaghetti Hoops Snap Pots In Tomato Sauce 4 X190g,£2.75,£3.62/kg,null,canned,2024-11-05
Napolina Five Bean Salad In Vinaigrette 400G,£1.00,£4.17/kg DR.WT,null,canned,2024-11-05
Princes Tuna & Mayonnaise Paste 75G,£0.65,£0.87/100g,null,canned,2024-11-05
Princes Sardine & Tomato Paste 75G,£0.65,£0.87/100g,null,canned,2024-11-05
Heinz Hoops No Added Sugar 400G,£1.25,£3.12/kg,Any 2 for £1.75 Clubcard Price - Selected Heinz Spaghetti In Tomato Sauce 400g,canned,2024-11-05
Green Giant Salt Free Sweetcorn 340G,£1.25,£4.39/kg DR.WT,Any 3 for £3.20 Clubcard Price - Green Giant Sweetcorn 340g,canned,2024-11-05
Tesco Sardine & Tomato Paste 75G,£0.49,£0.65/100g,null,canned,2024-11-05
Tesco Tuna Chunks In Spring Water 400G,£1.90,£0.68/100g DR.WT,null,canned,2024-11-05
Tesco Mackerel In Hot Sauce 125G,£0.95,£0.76/100g,null,canned,2024-11-05
Stockwell & Co Stewed Steak & Gravy 392G,£1.69,£4.31/kg DR.WT,null,canned,2024-11-05
Princes Drained Tuna Steak In Spring Water 3X110g,£4.75,£1.44/100g,null,canned,2024-11-05
Cirio Peeled Plum Tomatoes 4X400g,£4.70,£2.94/kg DR.WT,null,canned,2024-11-05
Lykkeberg Lumpfish Caviar 100G,£4.80,£4.80/100g,null,canned,2024-11-05
Nature's Finest Peach In Juice 700G,£3.00,£7.69/kg DR.WT,null,canned,2024-11-05
Princes Skinless Boneless Wild Red Salmon 170G,£4.20,£2.47/100g,null,canned,2024-11-05
Van Smirren Cockles Cooked & Pickled 205G,£2.40,£2.67/100g DR.WT,null,canned,2024-11-05
Fray Bentos Just Chicken Pie 425G,£3.25,£7.65/kg,£2.00 Clubcard Price,canned,2024-11-05
Fray Bentos Beef And Onion Pie 425G,£3.25,£0.76/100g,£2.00 Clubcard Price,canned,2024-11-05
Tesco Wild Pacific Pink Salmon 418G,£3.00,£0.72/100g,null,canned,2024-11-05
Tesco Lentilles Vertes 500G,£2.00,£4.00/kg,null,canned,2024-11-05
Fray Bentos Steak & Gravy Pie 425G,£3.25,£7.65/kg,£2.00 Clubcard Price,canned,2024-11-05
Kingfisher Shredded Crab 145G,£2.00,£1.90/100g DR.WT,null,canned,2024-11-05
Baxters Vegetarian Green Lentil And Tomato Soup 400G,£2.00,£0.50/100g,£1.35 Clubcard Price,canned,2024-11-05
Baxters Vegetarian Mediterranean Tomato Soup 400G,£2.00,£0.50/100g,£1.35 Clubcard Price,canned,2024-11-05
Merchant Gourmet Spanish-Style Grains/Rice 250G,£2.15,£8.60/kg,null,canned,2024-11-05
Biona Organic Black Beans 400G,£1.60,£4.00/kg,KALLO AND BIONA Meal Deal for £3 Clubcard Price - Buy 1 Kallo Stock Cube & 1 Biona Pulses,canned,2024-11-05
Tesco Organic Italian Passata 500G,£1.50,£3.00/kg,null,canned,2024-11-05
Princes Apple Fruit Filling 395G,£1.80,£4.93/kg,null,canned,2024-11-05
John West Infusions Tuna Lemon & Thyme 80G,£1.80,£2.25/100g,null,canned,2024-11-05
Heinz Baked Beans Fiery Chilli Beanz 390G,£1.40,£3.59/kg,Any 2 for £2 Clubcard Price - Selected Heinz Beanz 390g Or 415g,canned,2024-11-05
Princes Skinless Boneless Mackerel Fillets Mustard Sauce 125G,£1.75,£1.40/100g,null,canned,2024-11-05
Princes Skinless Boneless Mackerel Fillets Spicy Tomato Sauce 125G,£1.75,£1.40/100g,null,canned,2024-11-05
Princes Drained Tuna Steak In Spring Water 3X60g,£2.50,£1.39/100g,null,canned,2024-11-05
Kingfisher Jumbo Crab 145G,£3.25,£3.10/100g DR.WT,null,canned,2024-11-05
Princes Black Cherry Fruit Filling 410G,£1.80,£4.39/kg,null,canned,2024-11-05
Great Scot Red Split Lentils 500G,£1.85,£3.70/kg,null,canned,2024-11-05
Crosse And Blackwell Cream Of Mushroom Soup 400G,£1.10,£0.28/100g,null,canned,2024-11-05
Princes Tuna Chunks In Sunflower Oil 145G,£1.75,£1.72/100g DR.WT,null,canned,2024-11-05
Tesco Yellow Split Peas 500G,£1.15,£2.30/kg,null,canned,2024-11-05
Dole Fruit Bowl Mandarins In Juice 4 X 113G,£2.30,£0.85/100g DR.WT,£1.85 Clubcard Price,canned,2024-11-05
Dole Fruit Salad With Cherry 4X113g,£2.30,£0.88/100g DR.WT,£1.85 Clubcard Price,canned,2024-11-05
Heinz Tomato & Basil Cup Soup 4 Pack 88G,£1.50,£1.70/100g,null,canned,2024-11-05
Green Giant Organic Salt Free Sweetcorn 160G,£1.30,£9.29/kg DR.WT,null,canned,2024-11-05
Tulip Pork Luncheon Meat 250G,£1.70,£0.68/100g,null,canned,2024-11-05
Baxters Favourites Highlander Broth Soup 400G,£1.90,£0.48/100g,null,canned,2024-11-05
Tesco Mixed Vegetable Curry 392G,null,null,null,canned,2024-11-05
Baxters Favourites Royal Game Soup 400G,£1.90,£0.48/100g,null,canned,2024-11-05
Crosse And Blackwell Broccoli & Stilton Soup 400G,£1.10,£0.28/100g,null,canned,2024-11-05
Tesco Finest Cantabrian Anchovy Fillets 100G,£2.90,£4.83/100g DR.WT,null,canned,2024-11-05
Pek Chopped Pork Gold 170G,£1.50,£0.88/100g,null,canned,2024-11-05
Tesco Tuna Chunks In Oil 3 X 80G,£2.20,£1.31/100g DR.WT,null,canned,2024-11-05
Tesco Chicken Tikka Masala 392G,£1.85,£4.72/kg,null,canned,2024-11-05
Del Monte Apricot Halves In Syrup 410G,£1.20,£5.00/kg DR.WT,null,canned,2024-11-05
Batchelors Cup A Soup Minestrone 4 Pack 94G,£1.60,£1.70/100g,Any 3 for £3 Clubcard Price - Selected Batchelors Cup A Soup,canned,2024-11-05
Tesco Wild Pacific Pink Salmon 105G,£1.20,£1.14/100g,null,canned,2024-11-05
Tesco Peeled New Potatoes In Water 300G,£0.80,£4.44/kg DR.WT,null,canned,2024-11-05
Tesco Mushroom & Croutons Soup In A Mug 5 Pack 130G,£0.95,£0.73/100g,null,canned,2024-11-05
Tesco Sweet & Spicy Noodle Soup In A Mug 5 Pack 115G,£0.95,£0.83/100g,null,canned,2024-11-05
Baxters Beef Consome Soup 400G,£2.70,£0.68/100g,null,canned,2024-11-05
Princes Drained Tuna Steak In Sunflower Oil3x110g,£4.75,£1.44/100g,null,canned,2024-11-05
Tesco Soup & Broth Mix 500G,£2.00,£4.00/kg,null,canned,2024-11-05
Green Giant Hearts Of Palm 410G,£2.50,£11.36/kg DR.WT,null,canned,2024-11-05
Baxters Cullen Skink Soup 400G,£3.95,£0.99/100g,null,canned,2024-11-05
Rio Mare Tuna In Olive Oil 160G,£3.50,£3.36/100g DR.WT,Save 1/3 £2.30 Clubcard Price,canned,2024-11-05
John West Anchovy Fillets In Olive Oil 95G,£3.10,£6.20/100g DR.WT,null,canned,2024-11-05
Baxters Cream Of Asparagus Soup 400G,£2.70,£0.68/100g,null,canned,2024-11-05
Fray Bentos Steak & Kidney Pudding 200G,£2.50,£12.50/kg,null,canned,2024-11-05
Fray Bentos Just Steak Pudding 200G,£2.50,£12.50/kg,null,canned,2024-11-05
Tesco Pinto Beans 500G,£2.00,£4.00/kg,null,canned,2024-11-05
Nature's Finest Tropical Fruits In Juice 700G,£3.00,£8.00/kg DR.WT,null,canned,2024-11-05
Tesco Black Turtle Beans 500G,£2.00,£4.00/kg,null,canned,2024-11-05
Tesco Finest Mackerel With Black Pepper 110G,£2.25,£2.04/100g,null,canned,2024-11-05
Spam Lite Chopped Pork And Ham 200G,£3.00,£1.50/100g,£2.45 Clubcard Price,canned,2024-11-05
Tesco Cannellini Beans 500G,£2.00,£4.00/kg,null,canned,2024-11-05
John West Infusions Tuna Basil 80G,£1.80,£2.25/100g,null,canned,2024-11-05
Princes Drained Tuna Steak In Sunflower Oil 3X60g,£2.50,£1.39/100g,null,canned,2024-11-05
Tesco Tuna Chunks In Brine 3X80g,£2.20,£1.31/100g DR.WT,null,canned,2024-11-05
Princes Mackerel Fillets Sunflower Oil 125G,£1.75,£2.13/100g DR.WT,null,canned,2024-11-05
Princes Tuna Chunks In Brine 145G,£1.75,£1.72/100g DR.WT,null,canned,2024-11-05
Princes Drained Tuna Steak Sunflower Oil 110G,£1.80,£1.64/100g,null,canned,2024-11-05
Ainsley Harriott Hot & Sour Soup 3 Pack 60G,£1.20,£2.00/100g,null,canned,2024-11-05
Ainsley Harriott Thai Chicken Lemongrass Cup Soup 3 Pack 69G,£1.20,£1.74/100g,null,canned,2024-11-05
Branston Baked Beans In Tomato Sauce 4 X 410G,£2.50,£1.52/kg,null,canned,2024-11-05
Tulip Cure Chicken Breast 200G,£1.95,£0.98/100g,null,canned,2024-11-05
Tesco Peach In Mango Flavoured Jelly 4X120g,£1.70,£0.35/100g,null,canned,2024-11-05
Nature's Finest Peach In Juice 400G,£1.85,£8.04/kg DR.WT,null,canned,2024-11-05
Nature's Finest Pear In Juice 400G,£1.85,£8.41/kg DR.WT,null,canned,2024-11-05
John West Sardines Tomato Sauce 120G,£1.10,£1.31/100g DR.WT,null,canned,2024-11-05
Nature's Finest Pineapple In Juice 400G,null,null,null,canned,2024-11-05
John West Sardines Sunflower Oil 120Gm,£1.10,£1.22/100g DR.WT,null,canned,2024-11-05
Tesco Red Pepper & 3 Bean Chilli 392G,£1.50,£3.83/kg,null,canned,2024-11-05
Napolina Peeled Plum Tomatoes 400G,£1.00,£2.50/kg,Save 25% 75p Clubcard Price,canned,2024-11-05
Napolina Chopped Tomatoes With Garlic 400G,£1.00,£2.50/kg,null,canned,2024-11-05
Tesco Mix Beans Salad Vinaigrette 400G,£0.95,£3.58/kg,null,canned,2024-11-05
Tesco Whole Wheat Cous Cous 500G,£1.20,£2.40/kg,null,canned,2024-11-05
"Tesco Finest Sardines With Chilli, Lime & Coriander 105G",£1.15,£1.10/100g,null,canned,2024-11-05
Tesco Roast Chicken Soup In A Mug 5 Pack (5X26) 130G,£0.95,£0.73/100g,null,canned,2024-11-05
Tesco Tuna Chunks In Sunflower Oil 400G,£1.90,£0.68/100g DR.WT,null,canned,2024-11-05
Growers Harvest New Potatoes In Water 567G,£0.38,£1.10/kg DR.WT,null,canned,2024-11-05
Rio Mare Tuna In Olive Oil 3X80g,£5.00,£3.20/100g DR.WT,null,canned,2024-11-05
Dino's Famous Big Dogs 1030G,£4.49,£0.62/100g DR.WT,null,canned,2024-11-05
Princes Drained Tuna Steak In Brine 3X110g,£4.75,£1.44/100g,null,canned,2024-11-05
Tesco Buckwheat 500G,£2.50,£5.00/kg,null,canned,2024-11-05
John West Skinless & Boneless Wild Pink Salmon 3 X 80G,£4.00,£2.38/100g DR.WT,null,canned,2024-11-05
John West Smoked Oysters Sunflower Oil 85G,£2.80,£4.31/100g DR.WT,null,canned,2024-11-05
Van Smirren Mussels Cooked 8 Pickled 205G,£2.10,£2.33/100g DR.WT,null,canned,2024-11-05
Tesco Finest Hot Smoked Mackerel Fillets 110G,£2.25,£3.21/100g DR.WT,null,canned,2024-11-05
Princes Wild Pacific Pink Salmon 213G,£2.30,£1.08/100g,null,canned,2024-11-05
John West Sild In Tomato Sauce 110G,£1.60,£1.46/100g,null,canned,2024-11-05
John West Sild In Sunflower Oil 110G,£1.60,£2.13/100g DR.WT,null,canned,2024-11-05
Princes Summer Fruit Filling 410G,£1.80,£4.39/kg,null,canned,2024-11-05
Merchant Gourmet Glorious Grains 250G,£2.15,£8.60/kg,null,canned,2024-11-05
John West No Drain Tuna Steak In Spring Water 3X60g,£2.50,£1.39/100g,null,canned,2024-11-05
Ben's Plant Powered Spicy Lentil Stew 285G,£2.50,£8.77/kg,null,canned,2024-11-05
Princes Drained Tuna Steak In Brine 3X60g,£2.50,£1.39/100g,null,canned,2024-11-05
Tesco Chicken Jalfrezi 392G,£1.85,£4.72/kg,null,canned,2024-11-05
Tesco Beef Bolognese 392G,£1.85,£4.72/kg,null,canned,2024-11-05
Heinz Plant-Based Vegan Creamy Tomato Soup 400G,£1.70,£0.42/100g,5 for £5 or 10 for £9 Clubcard Price - Heinz Classic Soup 400g,canned,2024-11-05
Heinz Baked Beans Snap Pots In Tomato Sauce 4 X200g,£2.75,£3.44/kg,null,canned,2024-11-05
Heinz Big Soup Chicken & Bacon 400G,£2.00,£0.50/100g,Any 3 for £4 Clubcard Price - Selected Heinz Big Soup 400g,canned,2024-11-05
Tesco Lentil & Vegetable Bolognese 392G,£1.50,£3.83/kg,null,canned,2024-11-05
Batchelors Slim A Soup Creamy Vegetables 51G,£1.60,£3.14/100g,Any 3 for £3 Clubcard Price - Selected Batchelors Cup A Soup,canned,2024-11-05
Tesco Finest Cornish Sardines In Tomato Sauce 100G,£1.15,£1.15/100g,null,canned,2024-11-05
Tesco Smoky Butternut & Bean Casserole 392G,£1.50,£3.83/kg,null,canned,2024-11-05
Heinz French Onion Soup 400G,£1.70,£0.42/100g,5 for £5 or 10 for £9 Clubcard Price - Heinz Classic Soup 400g,canned,2024-11-05
Heinz Chicken Broth Soup 400G,£1.70,£0.42/100g,5 for £5 or 10 for £9 Clubcard Price - Heinz Classic Soup 400g,canned,2024-11-05
Tesco Sliced Peaches Light Syrup 410G,£1.10,£4.40/kg DR.WT,null,canned,2024-11-05
Heinz Broccoli & Stilton Soup 400G,£1.70,£0.42/100g,5 for £5 or 10 for £9 Clubcard Price - Heinz Classic Soup 400g,canned,2024-11-05
Heinz Spicy Parsnip Soup 400G,£1.70,£0.42/100g,5 for £5 or 10 for £9 Clubcard Price - Heinz Classic Soup 400g,canned,2024-11-05
Tesco Cheese Ravioli In Tomato Sauce 400G,£1.00,£2.50/kg,null,canned,2024-11-05
Tesco Beef Ravioli In Tomato & Minced Beef Sauce 400G,£1.00,£2.50/kg,null,canned,2024-11-05
Tesco Salmon Paste 75G,£0.49,£0.65/100g,null,canned,2024-11-05
Heinz Baked Beans 12 X 415G,£10.00,£2.01/kg,null,canned,2024-11-05
Mutti Polpa Finely Chopped Tomatoes 4 x 400g,£5.60,£3.50/kg,£3.75 Clubcard Price,canned,2024-11-05
Heinz Plant-Based Baked Beanz & Vegan Sausages 415G,£2.00,£0.00/kg,Any 3 for £4.50 Clubcard Price - Selected Heinz Beans And Pasta Meals 400g Or 415g,canned,2024-11-05
PRINCES PEAR HAM 325G,£3.00,£0.92/100g,null,canned,2024-11-05
John West Red Salmon 213G,£3.70,£1.74/100g,null,canned,2024-11-05
Heinz Baked Beans in Tomato Sauce 6x200G,£4.25,£3.54/kg,null,canned,2024-11-05
John West Herring Fillets Tomato Sauce 145G,£1.80,£1.24/100g,null,canned,2024-11-05
Baxters Vegetarian Honeyed root veg soup 400g,£2.00,£0.50/100g,£1.35 Clubcard Price,canned,2024-11-05
Stagg Vegetable Garden Chilli 400G,£2.25,£5.62/kg,null,canned,2024-11-05
Heinz Baked Beans in Tomato Sauce 4 x 200g,£2.75,£3.44/kg,null,canned,2024-11-05
Heinz No Added Sugar Baked Beans in Tomato Sauce 4 x 200g,£2.75,£3.44/kg,null,canned,2024-11-05
Heinz Baked Beans & Richmond Sausages 200G,£1.30,£6.50/kg,null,canned,2024-11-05
Mutti Passata 400G,£2.00,£5.00/kg,null,canned,2024-11-05
Crosse And Blackwell Minestrone Soup 400G,£1.10,£0.28/100g,null,canned,2024-11-05
Heinz Classic Passata 500g,£1.75,£3.50/kg,null,canned,2024-11-05
Crosse And Blackwell Cream of Tomato Soup 400G,£1.10,£0.28/100g,null,canned,2024-11-05
Heinz Chopped Tomatoes 400g,£1.25,£3.12/kg,75p Clubcard Price,canned,2024-11-05
Mutti Whole Peeled Tomatoes Tin 400G,£1.50,£3.75/kg,null,canned,2024-11-05
SUMMER PRIDE PINEAPPLE CHUNKS IN JUICE 425G,£1.20,£4.44/kg DR.WT,null,canned,2024-11-05
Mutti Polpa Finely Chopped Tomatoes 400G,£1.50,£3.75/kg,null,canned,2024-11-05
Dole Gold Pineapple Chunks In Juice 432G,£1.20,£4.41/kg DR.WT,null,canned,2024-11-05
Dole Tropical Pineapple Slices In Juice 227G,£1.00,£7.19/kg DR.WT,90p Clubcard Price,canned,2024-11-05
Princes Pineapple Chunks In Juice 432G,£1.20,£4.62/kg DR.WT,null,canned,2024-11-05
Princes Pineapple Slices In Juice 432G,£1.20,£4.62/kg DR.WT,null,canned,2024-11-05
Dole Gold Pineapple Slices In Juice 432G,£1.20,£4.41/kg DR.WT,null,canned,2024-11-05
Dole Gold Pineapple Chunks In Juice 227G,£1.00,£7.19/kg DR.WT,90p Clubcard Price,canned,2024-11-05
Princes P/APPLE Chunks In Juice 227g,£1.00,£7.35/kg DR.WT,null,canned,2024-11-05
John West Pink Salmon 213G,£2.00,£0.94/100g,null,canned,2024-11-05
PRINCES PINEAPPLE SLICES IN JUICE 227G,£1.00,£7.35/kg DR.WT,null,canned,2024-11-05
Heinz Cathedral City Cheesy Baked Beans 390G,£1.80,£4.62/kg,£1.50 Clubcard Price,canned,2024-11-05
Princes Corned Beef 130G,£1.55,£1.19/100g,null,canned,2024-11-05
SUMMER PRIDE PINEAPPLE CHUNKS IN JUICE 227G,£0.75,£5.36/kg DR.WT,null,canned,2024-11-05
Heinz Curried Butternut Squash Soup 400G,£1.70,£0.42/100g,5 for £5 or 10 for £9 Clubcard Price - Heinz Classic Soup 400g,canned,2024-11-05
Heinz Peeled Tomatoes 400g,£1.25,£3.12/kg,75p Clubcard Price,canned,2024-11-05
Heinz Potato & Smokey Bacon Soup 400G,£1.70,£0.42/100g,5 for £5 or 10 for £9 Clubcard Price - Heinz Classic Soup 400g,canned,2024-11-05
Summer Pride Pineapple Slices in Juice 425g,£0.85,£3.15/kg DR.WT,null,canned,2024-11-05
Tesco Italian Chopped Tomatoes 4 X 400G,£1.80,£1.12/kg,null,canned,2024-11-05
Tesco Reduced Sugar & Salt Baked Beans in Tomato Sauce 4x420g,£1.65,£0.98/kg,null,canned,2024-11-05
Tesco Peeled Plum Tomatoes 4X400g,£1.80,£1.12/kg,null,canned,2024-11-05
Tesco Baked Beans In Tomato Sauce 4X420g,£1.65,£0.98/kg,null,canned,2024-11-05
John West Tuna Steak In Sunflower Oil 3 X 110G,£4.50,£1.36/100g,null,canned,2024-11-05
John West Tuna Steak In Spring Water 3 X 110G,£4.50,£1.36/100g,null,canned,2024-11-05
Baxters Lobster Bisque 400g,£3.95,£0.99/100g,null,canned,2024-11-05
Baxters Hot Smoked Salmon Chowder 400g,£3.95,£0.99/100g,null,canned,2024-11-05
Dino's Little Franks 8 Smoked Pork Hot Dogs 550G,null,null,£2.80 Clubcard Price,canned,2024-11-05
Capsicana The Ultimate Refried Pinto Beans 200G,£2.45,£1.22/100g,£2.00 Clubcard Price,canned,2024-11-05
Bold Bean Co Queen Cannellini Beans 570g,£3.25,£5.70/kg DR.WT,£2.50 Clubcard Price,canned,2024-11-05
Bold Bean Co Queen Butter Beans 570g,£3.25,£5.70/kg DR.WT,£2.50 Clubcard Price,canned,2024-11-05
Fray Bentos Chicken Curry Pie 425g,£3.25,£7.65/kg,£2.00 Clubcard Price,canned,2024-11-05
Princes Sandwich Tuna in Brine (3x140g),£2.65,£0.63/100g DR.WT,null,canned,2024-11-05
Green Giant No Added Salt Sweet Corn 4X198g,£3.60,£4.54/kg DR.WT,£2.50 Clubcard Price,canned,2024-11-05
Bold Bean Co Queen Chickpeas 570g,£3.25,£5.70/kg DR.WT,£2.50 Clubcard Price,canned,2024-11-05
Tulip Swedish Style Meatballs 400g,£2.00,£5.00/kg,null,canned,2024-11-05
Green Giant Original Sweet Corn 4X198g,£3.60,£5.46/kg DR.WT,£2.50 Clubcard Price,canned,2024-11-05
Wikinger 5 Hot Dogs 200G,£1.70,£0.85/100g DR.WT,£1.50 Clubcard Price,canned,2024-11-05
Biona Organic Cannellini Beans 400g,null,null,KALLO AND BIONA Meal Deal for £3 Clubcard Price - Buy 1 Kallo Stock Cube & 1 Biona Pulses,canned,2024-11-05
John West Limited No Drain Tuna Steaks In Oil 3X60g,£2.50,£1.39/100g,null,canned,2024-11-05
John West No Drain Tuna Steak In Brine 3X60g,£2.50,£1.39/100g,null,canned,2024-11-05
Heinz Peppa Pig Pasta Shapes Snap Pots 4X190g,£2.75,£3.62/kg,null,canned,2024-11-05
Biona Organic Butter Beans 400g,£1.60,£4.00/kg,KALLO AND BIONA Meal Deal for £3 Clubcard Price - Buy 1 Kallo Stock Cube & 1 Biona Pulses,canned,2024-11-05
Dole Mangoes In Fruit Juice 4 X 113G,£2.30,£0.85/100g DR.WT,£1.85 Clubcard Price,canned,2024-11-05
Dole Tropical Fruit In Juice 4X113g,£2.30,£0.51/100g DR.WT,£1.85 Clubcard Price,canned,2024-11-05
Dole Mixed Fruit In Peach Jelly 4X123g,£2.30,£0.47/100g DR.WT,£1.85 Clubcard Price,canned,2024-11-05
Heinz Spaghetti Hoops in Tomato Sauce 4 x 205g,£2.75,£3.35/kg,null,canned,2024-11-05
Nature's Finest Tropical Fruits In Juice 400G,£1.85,£8.04/kg,null,canned,2024-11-05
Tesco Chickpea & Apricot Tagine 392g,£1.50,£3.83/kg,null,canned,2024-11-05
Heinz Baked Beans & Richmond Sausages 415G,£2.00,£4.82/kg,Any 3 for £4.50 Clubcard Price - Selected Heinz Beans And Pasta Meals 400g Or 415g,canned,2024-11-05
Heinz Spaghetti & Richmond Pork Sausages 400G,£2.00,£5.00/kg,Any 3 for £4.50 Clubcard Price - Selected Heinz Beans And Pasta Meals 400g Or 415g,canned,2024-11-05
The Gym Kitchen Piri Piri Grains 250g,£2.00,£8.00/kg,Save 25% £1.50 Clubcard Price,canned,2024-11-05
Tesco Pineapple Pieces 4x120g,£1.70,£0.35/100g,null,canned,2024-11-05
The Gym Kitchen Barbeque Lentils 250g,£2.00,£8.00/kg,Save 25% £1.50 Clubcard Price,canned,2024-11-05
The Gym Kitchen Tikka Dahl 250g,£2.00,£8.00/kg,Save 25% £1.50 Clubcard Price,canned,2024-11-05
Del Monte Fruit Cocktail Light Syrup 227G,£0.90,£6.43/kg DR.WT,null,canned,2024-11-05
Napolina Butter Beans 400G,£1.00,£4.17/kg DR.WT,85p Clubcard Price,canned,2024-11-05
Heinz Spaghetti & Richmond Pork Sausages 200G,£1.25,£6.25/kg,null,canned,2024-11-05
Del Monte Peach Slices Light Syrup 227G,£0.90,£6.43/kg DR.WT,null,canned,2024-11-05
Batchelors Cup A Soup Cheese and Broccoli 4 packets 92g,£1.60,£1.74/100g,Any 3 for £3 Clubcard Price - Selected Batchelors Cup A Soup,canned,2024-11-05
Heinz Disney Frozen Pasta Shapes Snap Pots 4X190g,£2.75,£3.62/kg,null,canned,2024-11-05
Batchelors Cup a Soup Sweet Chilli Chicken 4 pack 92g,£1.60,£1.74/100g,Any 3 for £3 Clubcard Price - Selected Batchelors Cup A Soup,canned,2024-11-05
John West No Drain Tuna Chunks in Sunflower Oil 3x100g Eco-twist,£4.30,£1.43/100g,£3.50 Clubcard Price,canned,2024-11-05
Tesco Mackerel in Spring Water 125g,£0.95,£1.08/100g DR.WT,null,canned,2024-11-05
Garden Pride Petit Pois in Water 400g,£1.00,£3.77/kg DR.WT,null,canned,2024-11-05
Tesco Tuna Chunks In Brine 4 X 145G,£2.75,£0.67/100g DR.WT,null,canned,2024-11-05
Growers Harvest Broken Mandarin Segments in Juice 298g,£0.69,£2.32/kg DR.WT,null,canned,2024-11-05
Tesco Mackerel in Rapeseed Oil 125g,£0.95,£1.08/100g DR.WT,null,canned,2024-11-05
John West No Drain Tuna Chunks in Brine 3x100g Eco-twist,£4.30,£1.43/100g,£3.50 Clubcard Price,canned,2024-11-05
Grower's Harvest Peach Slices in Light Syrup 411g,£0.34,£0.83/kg,null,canned,2024-11-05
John West No Drain Tuna Chunks in Springwater 3x100g Eco-twist,£4.30,£1.43/100g,£3.50 Clubcard Price,canned,2024-11-05
Princes Sandwich Tuna in Sunflower Oil (3x140g),£2.65,£2.65/each,null,canned,2024-11-05
Princes Sandwich Tuna In Spring Water (3x140g),£2.65,£2.65/each,null,canned,2024-11-05
John West Infusions Tuna Sweet Chilli 80G,£1.80,£2.25/100g,null,canned,2024-11-05
SUMMER PRIDE BUTTER BEANS IN WATER 400G,£0.49,£1.22/kg,null,canned,2024-11-05
Tesco Tuna Chunks In Spring Water 4 X 145G,£2.75,£0.67/100g DR.WT,null,canned,2024-11-05
Batchelors Potatoes In Water 400G,£0.59,£1.48/kg DR.WT,null,canned,2024-11-05
Tesco Tuna Chunks In Sunflower Oil 4 X 145G,£2.75,£0.67/100g DR.WT,null,canned,2024-11-05
Sharwood's Medium Egg Noodles 226g,£1.50,£6.64/kg,null,carbs,2024-11-05
Batchelors Super Noodles Pot Bbq Beef 75G,£1.00,£13.33/kg,null,carbs,2024-11-05
Batchelors Super Noodle Pot Curry 75G,£1.00,£13.33/kg,null,carbs,2024-11-05
Tesco Risotto Rice 1Kg,£3.30,£3.30/kg,null,carbs,2024-11-05
Tilda Pure Steamed Basmati Rice Classic 250G,£1.00,£4.00/kg,null,carbs,2024-11-05
Nissin Demae Ramen Spicy Noodles 100G,£0.75,£7.50/kg,null,carbs,2024-11-05
Nissin Demae Ramen Chicken Noodles 100G,£0.75,£7.50/kg,null,carbs,2024-11-05
Pot Noodle Chicken & Mushroom Instant Noodles King Pot 114g,null,null,Save 1/3 90p Clubcard Price,carbs,2024-11-05
Tesco Fusilli Pasta Twists 3Kg,£3.80,£1.27/kg,null,carbs,2024-11-05
Tesco Cous Cous 500G,£1.20,£2.40/kg,null,carbs,2024-11-05
Tesco Medium Egg Noodles 250G,£1.15,£4.60/kg,null,carbs,2024-11-05
Batchelors Super Noodle Pots Chicken 75G,£1.00,£13.33/kg,null,carbs,2024-11-05
Batchelors Super Noodles Chicken 90G,£1.00,£11.11/kg,null,carbs,2024-11-05
Batchelors Super Noodles Bbq Beef 90G,£1.00,£11.11/kg,null,carbs,2024-11-05
Pot Noodle Chicken & Mushroom Instant Noodles 90g,£1.10,£12.22/kg,null,carbs,2024-11-05
Tesco Microwave Long Grain Rice 250G,£0.65,£2.60/kg,null,carbs,2024-11-05
Tesco Microwave Wholegrain Rice 250G,£0.65,£2.60/kg,null,carbs,2024-11-05
Pot Noodle Beef & Tomato Instant Noodles 90g,£1.10,£12.22/kg,null,carbs,2024-11-05
Pot Noodle Original Curry Instant Noodles 90g,£1.10,£12.22/kg,null,carbs,2024-11-05
Tesco Spaghetti Pasta 1Kg,£1.29,£1.29/kg,null,carbs,2024-11-05
Tesco Short Spaghetti Pasta 500G,£0.75,£1.50/kg,null,carbs,2024-11-05
Tesco Easy Cook Long Grain Rice 1Kg,null,null,null,carbs,2024-11-05
Tesco Linguine Pasta 500G,£0.75,£1.50/kg,null,carbs,2024-11-05
Tesco Basmati Rice 1Kg,£1.85,£1.85/kg,null,carbs,2024-11-05
Tesco Whole Wheat Spaghetti 500G,£0.75,£1.50/kg,null,carbs,2024-11-05
Tesco Fusilli Pasta 500G,£0.75,£1.50/kg,null,carbs,2024-11-05
Tesco Fusilli Pasta Twists 1Kg,£1.29,£1.29/kg,null,carbs,2024-11-05
Tesco Penne Pasta Quills 1Kg,£1.29,£1.29/kg,null,carbs,2024-11-05
Tesco Conchiglie Pasta Shells 500G,£0.75,£1.50/kg,null,carbs,2024-11-05
Tesco Penne Pasta Quills 500G,£0.69,£1.38/kg,null,carbs,2024-11-05
Tesco Microwave Basmati Rice 250G,£0.65,£2.60/kg,null,carbs,2024-11-05
Tesco Spirali Pasta 500G,£0.75,£1.50/kg,null,carbs,2024-11-05
Tesco Quick Cook Fusilli Pasta 500G,£0.75,£1.50/kg,null,carbs,2024-11-05
Tesco Microwave Pilau Rice 250G,£0.65,£2.60/kg,null,carbs,2024-11-05
Tesco Farfalle Pasta Bows 500G,£0.75,£1.50/kg,null,carbs,2024-11-05
Ben's Original Mexican Style Microwave Rice 250G,£1.40,£5.60/kg,£1.00 Clubcard Price,carbs,2024-11-05
Tesco Rigatoni Pasta 500G,£0.75,£1.50/kg,null,carbs,2024-11-05
Tesco Tricolore Fusilli Pasta Twists 500G,£0.75,£1.50/kg,null,carbs,2024-11-05
Tesco Tagliatelle Pasta 500G,£0.75,£1.50/kg,null,carbs,2024-11-05
Ben's Original Golden Vegetable Microwave Rice 250G,£1.40,£5.60/kg,£1.00 Clubcard Price,carbs,2024-11-05
Tesco Macaroni Pasta 500G,£0.72,£1.44/kg,null,carbs,2024-11-05
Tesco Lasagne Pasta 500G,£0.75,£1.50/kg,null,carbs,2024-11-05
Tesco Whole Wheat Fusilli Pasta 500G,null,null,null,carbs,2024-11-05
Hearty Food Co. Spaghetti Pasta 500G,£0.28,£0.56/kg,null,carbs,2024-11-05
Hearty Food Co. Penne Pasta 500G,£0.41,£0.82/kg,null,carbs,2024-11-05
Grower Harvest Long Grain Rice 1Kg,£0.52,£0.52/kg,null,carbs,2024-11-05
Tesco Red Split Lentils 500G,£2.00,£4.00/kg,null,carbs,2024-11-05
Tesco Gnocchi 500G,£1.95,£3.90/kg,null,carbs,2024-11-05
Tesco Red Split Lentils 1Kg,£2.50,£2.50/kg,null,carbs,2024-11-05
Tesco Boil In The Bag Basmati Rice 4 X 125G,£2.00,£4.00/kg,null,carbs,2024-11-05
Tesco Finest Spaghetti Bucatini 500G,£1.75,£3.50/kg,null,carbs,2024-11-05
Tesco Finest Fusilli 500G 500G,£1.75,£3.50/kg,null,carbs,2024-11-05
Napolina Lasagne Pasta Sheets 375g,£1.60,£0.43/100g,null,carbs,2024-11-05
Tesco Finest Orzo Pasta 500G,£1.75,£3.50/kg,null,carbs,2024-11-05
Tesco Finest Penne Rigate 500g,£1.75,£3.50/kg,null,carbs,2024-11-05
Tesco Finest Conchiglie 500G 500G,£1.75,£3.50/kg,null,carbs,2024-11-05
Tesco Finest Gigli 500G 500G,£1.75,£3.50/kg,null,carbs,2024-11-05
Tesco Finest Linguine 500G,£1.75,£3.50/kg,null,carbs,2024-11-05
Batchelors Big Super Noodles Chicken Flavoured 100G,£1.20,£12.00/kg,null,carbs,2024-11-05
Merchant Gourmet Puy Lentils Ready To Eat 250G,£2.15,£8.60/kg,null,carbs,2024-11-05
Amoy Medium Noodles 2X150g,£2.15,£7.17/kg,£1.50 Clubcard Price,carbs,2024-11-05
Tesco Boil In The Bag Long Grain Rice 4 X 125G,null,null,null,carbs,2024-11-05
Veetee Heat Eat Sticky Rice Pots 2X130g,£1.40,£5.38/kg,null,carbs,2024-11-05
Napolina Spaghetti Box 500G,£1.50,£3.00/kg,null,carbs,2024-11-05
Tesco Basmati Rice 2Kg,£3.60,£1.80/kg,null,carbs,2024-11-05
Batchelors Super Noodles Mild Curry 90G,£1.00,£11.11/kg,null,carbs,2024-11-05
Tilda Brown And Wild Steamed Basmati Rice 250G,null,null,null,carbs,2024-11-05
Tilda Coconut Steamed Basmati Rice 250G,£1.25,£5.00/kg,null,carbs,2024-11-05
Tilda Lime And Coriander Steamed Basmati Rice 250G,£1.25,£5.00/kg,null,carbs,2024-11-05
Tesco Easy Cook Brown Rice 1Kg,£1.39,£1.39/kg,null,carbs,2024-11-05
Tilda Brown Basmati & Quinoa Steamed Rice 250G,null,null,null,carbs,2024-11-05
Nissin Soba Classic Instant Noodles 90G,£1.70,£18.89/kg,null,carbs,2024-11-05
Nissin Soba Chilli Instant Noodles 92G,£1.70,£18.48/kg,null,carbs,2024-11-05
Pot Noodle Sweet & Sour Instant Noodles 90g,£1.10,£12.22/kg,null,carbs,2024-11-05
Tesco Roasted Vegetable Flavour Couscous 110G,£0.70,£6.36/kg,null,carbs,2024-11-05
Pot Noodle Bombay Bad Boy Instant Noodles 90g,£1.10,£12.22/kg,null,carbs,2024-11-05
Tesco Lemon & Coriander Cous Cous 110G,£0.70,£6.36/kg,null,carbs,2024-11-05
Tesco Mediterranean Style Couscous 110G,£0.70,£6.36/kg,null,carbs,2024-11-05
Tesco Straight To Wok Medium Noodles 300G,£1.00,£3.33/kg,null,carbs,2024-11-05
Batchelors Super Rice Golden Quick Cook 90G,£0.85,£9.44/kg,null,carbs,2024-11-05
Pot Noodle Bombay Bad Boy Instant Noodles King Pot 114g,£1.35,£11.84/kg,Save 1/3 90p Clubcard Price,carbs,2024-11-05
Pot Noodle Beef & Tomato Instant Noodles King Pot 114g,£1.35,£11.84/kg,Save 1/3 90p Clubcard Price,carbs,2024-11-05
Pot Noodle Original Curry Instant Noodles King Pot 114g,£1.35,£11.84/kg,Save 1/3 90p Clubcard Price,carbs,2024-11-05
Pot Noodle Sticky Rib Instant Noodles King Pot 114g,£1.35,£11.84/kg,Save 1/3 90p Clubcard Price,carbs,2024-11-05
Tesco Quick Cook Spaghetti Pasta 500G,£0.75,£1.50/kg,null,carbs,2024-11-05
Tesco Macaroni Pasta 1Kg,£1.29,£1.29/kg,null,carbs,2024-11-05
Batchelors Super Noodles Pot Bbq Beef 75G,£1.00,£13.33/kg,null,carbs,2024-11-05
Tesco Conchiglie Pasta Shells 1Kg,£1.29,£1.29/kg,null,carbs,2024-11-05
Tesco Fusilli Whole Wheat Pasta 1Kg,£1.29,£1.29/kg,null,carbs,2024-11-05
Tesco Whole Wheat Penne Pasta 500G,£0.75,£1.50/kg,null,carbs,2024-11-05
Ben's Original Savoury Chicken Microwave Rice 250G,£1.40,£5.60/kg,£1.00 Clubcard Price,carbs,2024-11-05
Tilda Pure Basmati Rice 1Kg,£5.00,£5.00/kg,£4.40 Clubcard Price,carbs,2024-11-05
Tesco Quinoa 300G,£2.80,£9.33/kg,null,carbs,2024-11-05
Tesco Easy Cook Long Grain And Wild Rice 500G,£2.55,£5.10/kg,null,carbs,2024-11-05
Tesco Ingredients Spanish Paella Rice 500G,£2.40,£4.80/kg,null,carbs,2024-11-05
Ben's Original Boil In Bag Long Grain Rice 500G,£3.15,£6.30/kg,£2.50 Clubcard Price,carbs,2024-11-05
Tesco Wholefoods Bulgar Wheat 500G,£2.00,£4.00/kg,null,carbs,2024-11-05
Cook Italia Grated Hard Cheese 50G,£1.70,£34.00/kg,null,carbs,2024-11-05
Tilda Pure Basmati Rice 500G,£3.10,£6.20/kg,null,carbs,2024-11-05
Mama Vermicelli Noodles 225G,null,null,£1.50 Clubcard Price,carbs,2024-11-05
Tesco Easy Cook Brown Rice 2Kg,£2.85,£1.42/kg,null,carbs,2024-11-05
Tilda Brown Steamed Basmati Rice Classic 250G,£1.00,£4.00/kg,null,carbs,2024-11-05
De Cecco Linguine 500G,£2.00,£4.00/kg,£1.35 Clubcard Price,carbs,2024-11-05
De Cecco Spaghetti 500G,£2.00,£4.00/kg,£1.35 Clubcard Price,carbs,2024-11-05
Al'Fez Pearl Couscous 200g,£1.85,£9.25/kg,null,carbs,2024-11-05
Ben's Original Long Grain Microwave Rice 220g,£1.00,£4.54/kg,null,carbs,2024-11-05
Ben's Original Basmati Microwave Rice 220g,£1.00,£4.54/kg,null,carbs,2024-11-05
Tesco Basmati Rice 4Kg,£6.95,£1.74/kg,null,carbs,2024-11-05
Amoy Udon Thick Noodles 2X150g,£2.15,£7.17/kg,£1.50 Clubcard Price,carbs,2024-11-05
Tesco Red Lentil Fusilli Pasta Gluten Free 250G,£1.70,£6.80/kg,null,carbs,2024-11-05
Nissin Wok Style Soba Noodles Classic 109G,£1.20,£11.01/kg,£1.00 Clubcard Price,carbs,2024-11-05
Napolina Fusilli Pasta 500G,£1.50,£3.00/kg,null,carbs,2024-11-05
Tesco Margheritine Soup Pasta 250G,£0.85,£3.40/kg,null,carbs,2024-11-05
Napolina Rigatoni Pasta 500G,£1.50,£3.00/kg,null,carbs,2024-11-05
Napolina Penne Pasta 500G,£1.50,£3.00/kg,null,carbs,2024-11-05
Tesco Pearl Barley 500G,£1.00,£2.00/kg,null,carbs,2024-11-05
Tesco Easy Cook Basmati Rice 1Kg,£1.95,£1.95/kg,null,carbs,2024-11-05
Veetee Heat & Eat Basmati Rice Pot 2 X 125G,£1.15,£4.60/kg,null,carbs,2024-11-05
Veetee Heat Eat Thai Jasmine Rice 2X140g,£1.15,£4.11/kg,null,carbs,2024-11-05
Batchelors Chicken & Herb Super Noodles Low Fat 81G,£1.00,£12.35/kg,null,carbs,2024-11-05
Tilda Pilau Steamed Basmati Rice Classic 250G,£1.00,£4.00/kg,null,carbs,2024-11-05
Tesco Easy Cook Long Grain Rice 2Kg,null,null,null,carbs,2024-11-05
Tilda Sun Dried Tomato & Basil Basmati Rice 250G,£1.25,£5.00/kg,null,carbs,2024-11-05
Tilda Peri Peri Basmati Rice 250G,null,null,null,carbs,2024-11-05
Tilda Caribbean Rice & Peas Steamed Basmati 250G,null,null,null,carbs,2024-11-05
Tilda Lemon And Herb Steamed Basmati Rice 250G,£1.25,£5.00/kg,null,carbs,2024-11-05
Nissin Soba Cup Yakitori Chicken Instant Noodles 89G,£1.70,£19.10/kg,null,carbs,2024-11-05
Nissin Soba Teriyaki Instant Noodles 90G,£1.70,£18.89/kg,null,carbs,2024-11-05
Ainsley Harriott Roasted Vegetable Couscous 100G,£0.90,£9.00/kg,70p Clubcard Price,carbs,2024-11-05
Naked Noodle Chow Mein 78G,£1.20,£15.38/kg,Save 1/3 80p Clubcard Price,carbs,2024-11-05
Nissin Wok Style Soba Noodles Teriyaki 110G,£1.20,£10.91/kg,£1.00 Clubcard Price,carbs,2024-11-05
Batchelors Super Noodles Chilli Chicken Low Fat 81G,£1.00,£12.35/kg,null,carbs,2024-11-05
Hearty Food Co Spicy Curry Flavoured Noodles 70G,£0.54,£7.71/kg,null,carbs,2024-11-05
Hearty Food Co Chicken & Mushroom Flavoured Noodles 70G,£0.54,£7.71/kg,null,carbs,2024-11-05
Akash Gold Basmati Rice 5Kg,£12.50,£2.50/kg,null,carbs,2024-11-05
Tesco Carnaroli Risotto Rice 500G,£3.15,£6.30/kg,null,carbs,2024-11-05
Tesco Jasmine Rice 1Kg,£3.00,£3.00/kg,null,carbs,2024-11-05
Dolmio Fusilli Microwave Pasta Twists 200g,£1.70,£8.50/kg,null,carbs,2024-11-05
Tilda Boil In Bag Basmati Rice 4 X 62.5G,£2.00,£8.00/kg,null,carbs,2024-11-05
Tilda Jasmine Fragrant Rice 250G,£1.00,£4.00/kg,null,carbs,2024-11-05
Tesco Lentilles Vertes 500G,£2.00,£4.00/kg,null,carbs,2024-11-05
Merchant Gourmet Spanish-Style Grains/Rice 250G,£2.15,£8.60/kg,null,carbs,2024-11-05
Merchant Gourmet Red & White Quinoa 250G,£2.15,£8.60/kg,null,carbs,2024-11-05
De Cecco Fusilli 500G,£2.00,£4.00/kg,£1.35 Clubcard Price,carbs,2024-11-05
Fullgreen Riced Cauliflower 200G,null,null,null,carbs,2024-11-05
Itsu Satay Rice Noodle Cup 64G,null,null,£1.50 Clubcard Price,carbs,2024-11-05
Itsu Katsu Rice Noodle Cup 63G,£1.85,£29.36/kg,£1.50 Clubcard Price,carbs,2024-11-05
Tesco Easy Cook Long Grain Rice 4Kg,£4.45,£1.11/kg,null,carbs,2024-11-05
Merchant Gourmet Tomatoey Puy & Green Lentils 250G,£2.15,£8.60/kg,null,carbs,2024-11-05
Great Scot Red Split Lentils 500G,£1.85,£3.70/kg,null,carbs,2024-11-05
Nissin Wok Style Soba Noodles Chilli 111G,£1.20,£10.81/kg,£1.00 Clubcard Price,carbs,2024-11-05
Ainsley Harriot Jamaican Rice & Peas 250G,£1.50,£0.60/100g,Save 1/3 £1.00 Clubcard Price,carbs,2024-11-05
Tesco Fine Egg Noodles 250G,£1.15,£4.60/kg,null,carbs,2024-11-05
Ainsley Harriot Caribbean Coconut Rice 250G,£1.50,£0.60/100g,Save 1/3 £1.00 Clubcard Price,carbs,2024-11-05
Ben's Original Golden Vegetable Microwave Rice 220G,£1.40,£6.36/kg,null,carbs,2024-11-05
Ben's Original Pilau Microwave Rice 220g,£1.40,£6.36/kg,null,carbs,2024-11-05
Ben's Original Special Fried Microwave Rice 220g,£1.40,£6.36/kg,null,carbs,2024-11-05
Ben's Original Thai Sweet Chilli Microwave Rice 220G,£1.40,£6.36/kg,null,carbs,2024-11-05
Ben's Original Wholegrain Spicy Mexican Rice 220G,£1.40,£6.36/kg,null,carbs,2024-11-05
Ben's Original Smokey BBQ Microwave Rice 220g,£1.40,£6.36/kg,null,carbs,2024-11-05
Ben's Original Mexican Style Microwave Rice 220G,£1.40,£6.36/kg,null,carbs,2024-11-05
Ben's Original Spicy Mexican Microwave Rice 220G,£1.40,£6.36/kg,null,carbs,2024-11-05
Ben's Original Egg Fried Microwave Rice 220g,£1.40,£6.36/kg,null,carbs,2024-11-05
Ben's Original Chinese Style Microwave Rice 220G,£1.40,£6.36/kg,null,carbs,2024-11-05
Ben's Original Savoury Chicken Microwave Rice 220G,£1.40,£6.36/kg,null,carbs,2024-11-05
Tilda Chilli And Lime Steamed Basmati Rice 250G,£1.25,£5.00/kg,null,carbs,2024-11-05
Tilda Mushroom Steamed Basmati Rice 250G,£1.25,£5.00/kg,null,carbs,2024-11-05
Ben's Original Roasted Garlic Microwave Rice 220g,£1.40,£0.64/100g,null,carbs,2024-11-05
Ben's Original Mushroom Microwave Rice 220G,£1.40,£6.36/kg,null,carbs,2024-11-05
Ben's Original Mixed Pepper Microwave Rice 220g,£1.40,£6.36/kg,null,carbs,2024-11-05
Ben's Original Tomato Basil Microwave Rice 220G,£1.40,£6.36/kg,null,carbs,2024-11-05
Tilda Spicy Mexican Steamed Basmati Rice 250G,£1.25,£5.00/kg,null,carbs,2024-11-05
Tilda Coconut Chilli & L/Grass Basmati Rice 250G,£1.25,£5.00/kg,null,carbs,2024-11-05
Ben's Original Katsu Curry Microwave Rice 220G,£1.40,£6.36/kg,null,carbs,2024-11-05
Tilda Firecracker Basmati Rice 250G,£1.25,£5.00/kg,null,carbs,2024-11-05
Ben's Original Cajun Spiced Microwave Rice 220G,£1.40,£6.36/kg,null,carbs,2024-11-05
Ben's Original Korean Bbq Rice 220G,£1.40,£6.36/kg,null,carbs,2024-11-05
Ainsley Harriot Caribbean Mixed Pepper Rice 250G,£1.50,£0.60/100g,Save 1/3 £1.00 Clubcard Price,carbs,2024-11-05
Tesco Straight To Wok Udon Noodles 300G,£1.00,£3.33/kg,null,carbs,2024-11-05
Batchelors Super Noodle Pot Curry 75G,£1.00,£13.33/kg,null,carbs,2024-11-05
Batchelors Super Rice Beef Quick Cook 90G,£0.85,£9.44/kg,null,carbs,2024-11-05
Tilda Pure Basmati Rice 10Kg,£29.00,£2.90/kg,null,carbs,2024-11-05
Ben's Original Long Grain Rice 1Kg,£5.25,£5.25/kg,null,carbs,2024-11-05
Tesco Organic Basmati Rice 500G,£3.00,£6.00/kg,null,carbs,2024-11-05
Tilda Brown Basmati Rice 1Kg,£4.90,£4.90/kg,£4.40 Clubcard Price,carbs,2024-11-05
Pot Noodle Beef & Tomato 4 X 90G,£3.75,£10.42/kg,Save 25% £2.80 Clubcard Price,carbs,2024-11-05
De Cecco Gnocchi Di Patate 500G,£2.75,£5.50/kg,null,carbs,2024-11-05
Gallo Pronto Mushroom Risotto 175G,£2.85,£16.29/kg,null,carbs,2024-11-05
Gallo Risotto Rice 500G,£2.95,£5.90/kg,null,carbs,2024-11-05
Tesco Pinto Beans 500G,£2.00,£4.00/kg,null,carbs,2024-11-05
Tilda Thai Jasmine Rice 500G,£3.10,£6.20/kg,null,carbs,2024-11-05
Tilda Basmati Brown Rice 500G,£3.10,£6.20/kg,null,carbs,2024-11-05
Tesco Black Turtle Beans 500G,£2.00,£4.00/kg,null,carbs,2024-11-05
Tesco Cannellini Beans 500G,£2.00,£4.00/kg,null,carbs,2024-11-05
De Cecco Pasta Conchiglie Rigate 500G,£2.00,£4.00/kg,£1.35 Clubcard Price,carbs,2024-11-05
Barenaked Noodles Original 380G,£2.00,£8.00/kg DR.WT,null,carbs,2024-11-05
Itsu Seasame Glaze Crystal Noodles Cup 77G,£2.15,£27.92/kg,£1.75 Clubcard Price,carbs,2024-11-05
De Cecco Penne Rigate 500G,£2.00,£4.00/kg,£1.35 Clubcard Price,carbs,2024-11-05
Itsu Chilli Miso Rice Noodle Cup 63G,£1.85,£29.36/kg,£1.50 Clubcard Price,carbs,2024-11-05
Batchelors Big Super Noodles Bbq Beef Flavoured 100G,£1.20,£12.00/kg,null,carbs,2024-11-05
Al'fez Moroccan Spiced Couscous 200G,£1.85,£9.25/kg,null,carbs,2024-11-05
Nissin Big Soba Wok Style Cup Noodles Classic 113G,£1.99,£17.61/kg,null,carbs,2024-11-05
Veetee Heat & Eat Long Grain Rice Pot 2X130g,£1.15,£4.42/kg,null,carbs,2024-11-05
Veetee Heat & Eat Pilau Rice Pots 2X125g,£1.15,£4.60/kg,null,carbs,2024-11-05
Pot Noodle Lost the Pot Smokin' BBQ Instant Noodles 85g,£0.50,£5.88/kg,null,carbs,2024-11-05
Tilda Egg Fried Steamed Basmati Rice 250G,null,null,null,carbs,2024-11-05
Nissin Cup Noodles Instant Ramen Pot Japanese Seafood 75g,£1.70,£22.67/kg,null,carbs,2024-11-05
Nissin Cup Noodles Instant Ramen Pot Chicken Teriyaki 70g,£1.70,£24.29/kg,null,carbs,2024-11-05
Nissin Soba Cup Peking Duck Instant Noodles 87G,£1.70,£19.54/kg,null,carbs,2024-11-05
Nissin Soba Cup Sukiyaki Beef 89G,£1.70,£19.10/kg,null,carbs,2024-11-05
Tesco Organic Whole Wheat Spaghetti Pasta 500G,null,null,null,carbs,2024-11-05
Naked Chicken Yakisoba Noodles 100G,£1.15,£11.50/kg,Save 1/3 75p Clubcard Price,carbs,2024-11-05
Tesco Organic Spaghetti Pasta 500G,£1.20,£2.40/kg,null,carbs,2024-11-05
Tesco Whole Wheat Cous Cous 500G,£1.20,£2.40/kg,null,carbs,2024-11-05
Tesco Microwave Golden Vegetable Rice 250G,£0.85,£3.40/kg,null,carbs,2024-11-05
Tesco Organic Whole Wheat Fusilli 500G,£1.20,£2.40/kg,null,carbs,2024-11-05
Tesco Mexican Inspired Rice 250G,£0.85,£3.40/kg,null,carbs,2024-11-05
Tesco Egg Rice 250G,£0.85,£3.40/kg,null,carbs,2024-11-05
Batchelors Super Noodles Bacon 90G,£1.00,£11.11/kg,null,carbs,2024-11-05
Batchelors Curry Low Fat Super Noodles 81G,£1.00,£12.35/kg,null,carbs,2024-11-05
Tesco Wholegrain Spicy Mexican Inspired Rice 250G,£0.85,£3.40/kg,null,carbs,2024-11-05
Tesco Finest Casarecce 500G,£1.75,£3.50/kg,null,carbs,2024-11-05
Tesco Spinach Farfalle 500G,£0.75,£1.50/kg,null,carbs,2024-11-05
Akash Gold Basmati Rice 2Kg,£4.80,£2.40/kg,null,carbs,2024-11-05
Tesco Buckwheat 500G,£2.50,£5.00/kg,null,carbs,2024-11-05
Tilda Basmati & Wild Rice 500G,£3.50,£7.00/kg,null,carbs,2024-11-05
Bens Original Lunch Bowl Moroccan Style Grains and Pulses 220g,£3.00,£13.64/kg,null,carbs,2024-11-05
Tilda Everyday Basmati Rice 1kg,£3.00,£3.00/kg,null,carbs,2024-11-05
Bens Original Favourites Risotto Tomato and Italian Style Herbs Microwave Rice Meal 250g,£2.50,£10.00/kg,null,carbs,2024-11-05
Tilda Microwave Sticky Medium Grain Rice 250G,£1.00,£4.00/kg,null,carbs,2024-11-05
Tesco Finest Orecchiette 500G,£1.75,£3.50/kg,null,carbs,2024-11-05
Ben's Original Jasmine Microwave Rice 220g,£1.00,£4.54/kg,null,carbs,2024-11-05
Merchant Gourmet Glorious Grains 250G,£2.15,£8.60/kg,null,carbs,2024-11-05
Fullgreen Riced Cauliflower & Broccoli 200g,£2.00,£10.00/kg,null,carbs,2024-11-05
Merchant Gourmet Jamaican Grains & Pulses 250G,£2.15,£8.60/kg,null,carbs,2024-11-05
New Kenji Microwaveable Sushi Rice 250G,£1.80,£7.20/kg,null,carbs,2024-11-05
Merchant Gourmet Mediterranean Grains Tomato & Olive 250G,£2.15,£8.60/kg,null,carbs,2024-11-05
Tesco Microwave Jasmine Rice 250G,£0.85,£3.40/kg,null,carbs,2024-11-05
Nissin Big Soba Wok Style Cup Noodles Teriyaki 113G,£1.99,£17.61/kg,null,carbs,2024-11-05
Veetee Super 6 Golden Vegetable Rice Medley 250G,£1.40,£5.60/kg,null,carbs,2024-11-05
Nissin Big Soba Wok Style Chilli Cup Noodles 115G,£1.99,£17.30/kg,null,carbs,2024-11-05
Veetee Japanese Togarashi Spicy Sticky Rice 280g,£1.40,£5.00/kg,null,carbs,2024-11-05
Veetee Mexican Arroz Rojo Rice 250g,£1.40,£5.60/kg,null,carbs,2024-11-05
Nissin Cup Noodles Instant Ramen Pot Katsu Curry 67g,£1.70,£25.37/kg,null,carbs,2024-11-05
Tilda Pots Long Grain Rice 2 x 125g,£1.50,£6.00/kg,null,carbs,2024-11-05
Tilda Microwave Garlic and Herbs Long Grain Rice 250g,£1.25,£5.00/kg,null,carbs,2024-11-05
Tilda Pots Vegetable Long Grain Rice 2 x 125g,£1.50,£6.00/kg,null,carbs,2024-11-05
Tilda Boil in the Bag Jasmine Rice 4 x 62.5g,£1.90,£7.60/kg,null,carbs,2024-11-05
Ben's Original Wholegrain Golden Veg 220g,£1.40,£6.36/kg,null,carbs,2024-11-05
Tilda Boil In Bag Long Grain 250G,£1.90,£7.60/kg,null,carbs,2024-11-05
Naked Korean Style Bbq Beef Noodles 100G,£1.15,£11.50/kg,Save 1/3 75p Clubcard Price,carbs,2024-11-05
Bens Original Sticky Rice Microwave Rice 220g,£1.00,£1.00/each,null,carbs,2024-11-05
Naked Noodle Hoi Sin 78G,£1.20,£15.38/kg,Save 1/3 80p Clubcard Price,carbs,2024-11-05
Batchelors Super Noodles Chow Mein 90G,£1.00,£11.11/kg,null,carbs,2024-11-05
Batchelors Super Noodles Southern Fried Chicken 90G,£1.00,£11.11/kg,null,carbs,2024-11-05
Tesco Chicken & Sweetcorn Flavour Microwave Rice 250G,£0.85,£3.40/kg,null,carbs,2024-11-05
Kohinoor Extra Flavour Basmati Rice 10Kg,null,null,null,carbs,2024-11-05
Growers Harvest Microwave Long Grain Rice 250G,£0.45,£1.80/kg,null,carbs,2024-11-05
LAILA XTRA SUPREME EXTRA LONG RICE 5KG,£13.00,£2.60/kg,£9.00 Clubcard Price,carbs,2024-11-05
Dolmio Pronto Microwave Fusilli Pasta with Tomato and Basil Sauce 200g,£2.20,£1.10/100g,£1.75 Clubcard Price,carbs,2024-11-05
Tilda Easy Cook Long Grain Rice 1Kg,£3.55,£3.55/kg,£2.75 Clubcard Price,carbs,2024-11-05
Bens Original Lunch Bowl Mexican Style Grains and Rice 220g,£3.00,£13.64/kg,null,carbs,2024-11-05
Bens Original Lunch Bowl Italian Style Grains and Rice 220g,£3.00,£13.64/kg,null,carbs,2024-11-05
Bens Original Favourites Chilli con Carne Minced Beef and Vegetable Microwave Meal 250g,£2.50,£10.00/kg,null,carbs,2024-11-05
Blue Dragon Sushi Rice 500g,£2.30,£4.60/kg,null,carbs,2024-11-05
Napolina Rigatoni Pasta 1Kg,£2.25,£2.25/kg,null,carbs,2024-11-05
Tilda Everyday Long Grain Rice 1kg,£2.50,£2.50/kg,null,carbs,2024-11-05
Napolina Spaghetti Pasta 1Kg,£2.25,£2.25/kg,null,carbs,2024-11-05
Rummo Gluten Free Penne Rigate Pasta No.66 400G,£2.30,£5.75/kg,null,carbs,2024-11-05
"Rummo Gluten Free Spaghetti Pasta N0.3, 400g",£2.30,£5.75/kg,null,carbs,2024-11-05
Bens Original Favourites Paella Chorizo and Vegetable Microwave Rice Meal 250g,£2.50,£10.00/kg,null,carbs,2024-11-05
Tesco Finest Rigatoni 500G 500G,£1.75,£3.50/kg,null,carbs,2024-11-05
Tesco Mac & Cheese Sauce 480g,null,null,null,carbs,2024-11-05
Bens Original Favourites Risotto Chicken and Mushroom Microwave Rice Meal 250g,£2.50,£10.00/kg,null,carbs,2024-11-05
Ben's Original Classic Wholegrain Rice 220G,£1.00,£4.54/kg,null,carbs,2024-11-05
Blue Dragon Medium Egg Noodles 250g,£1.50,£6.00/kg,null,carbs,2024-11-05
Blue Dragon Fine Egg Noodles 250g,£1.50,£6.00/kg,null,carbs,2024-11-05
itsu sweet soy glaze crystal noodles cup 73g,null,null,£1.75 Clubcard Price,carbs,2024-11-05
Veetee Stir'd Aromatic Pilau 100g,£2.00,£20.00/kg,null,carbs,2024-11-05
Itsu Chick-N Ramen Rice Noodle Cup 64G,£1.85,£28.91/kg,£1.50 Clubcard Price,carbs,2024-11-05
Veetee Stir'd Rose Harissa 100g,£2.00,£20.00/kg,null,carbs,2024-11-05
Sharwood's Fine Egg Noodles 226g,£1.50,£6.64/kg,null,carbs,2024-11-05
Sharwood's Medium Egg Noodles 226g,£1.50,£6.64/kg,null,carbs,2024-11-05
Veetee Stir'd Smokey Cajun 100g,£2.00,£20.00/kg,null,carbs,2024-11-05
Veetee Stir'd Fiery Sriracha 100g,£2.00,£20.00/kg,null,carbs,2024-11-05
Riso Gallo Risotto Pronto Mushroom 250g.,£2.00,£8.00/kg,Save 25% £1.50 Clubcard Price,carbs,2024-11-05
Riso Gallo Risotto Pronto Saffron 250g.,£2.00,£8.00/kg,Save 25% £1.50 Clubcard Price,carbs,2024-11-05
Napolina Macaroni Pasta 500g,£1.50,£3.00/kg,null,carbs,2024-11-05
Merchant Gourmet Coconut & Lime Leaf Wholegrain & White Rice 250g,£2.00,£8.00/kg,£1.25 Clubcard Price,carbs,2024-11-05
"Merchant Gourmet Brown, Red & Wild Rice 250g",£2.00,£0.80/100g,£1.25 Clubcard Price,carbs,2024-11-05
Napolina Linguine 500G,£1.50,£3.00/kg,null,carbs,2024-11-05
Veetee Korean Gochujang Inspired Rice Tray 250g,£1.40,£5.60/kg,null,carbs,2024-11-05
Veetee Indonesian Nasi Goreng Inspired Rice Tray 250g,£1.40,£1.40/each,null,carbs,2024-11-05
Veetee West African Jollof Inspired Rice 250g,£1.40,£5.60/kg,null,carbs,2024-11-05
The Snack Organisation Noodles Pad Kee Mao 80g,£1.15,£14.38/kg,null,carbs,2024-11-05
The Snack Organisation Noodles Pad Thai 80g,£1.15,£14.38/kg,null,carbs,2024-11-05
Tilda Pots Butter and Sea Salt Jasmine Rice 2 x 125g,£1.50,£6.00/kg,null,carbs,2024-11-05
Batchelors Cook With instant noodles Chilli Flavour 4x60g,£1.25,£5.21/kg,null,carbs,2024-11-05
Tilda Microwave Saag Aloo Rice Limited Edition 250g,£1.25,£5.00/kg,null,carbs,2024-11-05
Nissin Soba Instant Japanese Curry Cup Noodles 90G,£1.70,£18.89/kg,null,carbs,2024-11-05
Batchelors Cook With Noodle Chicken Flavour Multipack 4X60g,£1.25,£5.21/kg,null,carbs,2024-11-05
Nissin Soba Yakitori Chicken Instant Stir Fry Noodles 110g,£1.20,£10.91/kg,£1.00 Clubcard Price,carbs,2024-11-05
Growers Harvest Microwave Wholegrain Rice 250G,£0.45,£1.80/kg,null,carbs,2024-11-05
Growers Harvest Microwave Basmati Rice 250G,£0.45,£1.80/kg,null,carbs,2024-11-05
Tesco Finest Porcini & Truffle Stuffed Gnocchi 400g,£2.50,£6.25/kg,null,carbs,2024-11-05
Tesco Finest Five Cheese Stuffed Gnocchi 400g,£2.50,£6.25/kg,null,carbs,2024-11-05
Blue Dragon Wholewheat Noodles 250g,£1.50,£6.00/kg,null,carbs,2024-11-05
itsu big'bowl noodles classic soy 101g,£2.50,£24.75/kg,null,carbs,2024-11-05
Napolina Orzo Pasta 500g,£1.50,£3.00/kg,null,carbs,2024-11-05
The Snack Organisation Tom Yum Noodles 80g,£1.15,£14.38/kg,null,carbs,2024-11-05
Tilda Microwave Golden Vegetable Rice 250G,£1.00,£4.00/kg,null,carbs,2024-11-05
POT NOODLE NOEL GRAVY & STUFFING FLAVOUR 100G,£1.35,£13.50/kg,Save 1/3 90p Clubcard Price,carbs,2024-11-05
Growers Harvest Microwave Pilau Rice 250Ml,£0.45,£1.80/kg,null,carbs,2024-11-05
Hellmann's Real Mayonnaise Squeezy 750ml,£3.40,£0.45/100ml,£3.00 Clubcard Price,sauce,2024-11-05
Hellmann's Light Mayonnaise Squeezy 750ml,£3.40,£0.45/100ml,£3.00 Clubcard Price,sauce,2024-11-05
Hellmann's Real Mayonnaise Squeezy 580ml,£2.75,£0.47/100ml,null,sauce,2024-11-05
Heinz Salad Cream 425G,£3.00,£0.71/100g,null,sauce,2024-11-05
Heinz Top Down Squeezy Tomato Ketchup Sauce 910,£4.50,£0.50/100g,null,sauce,2024-11-05
Heinz Top Down Squeezy Tomato Ketchup Sauce 700G,£3.61,£0.52/100g,null,sauce,2024-11-05
Tesco Whole Pickled Gherkins 680G,£1.80,£0.49/100g DR.WT,null,sauce,2024-11-05
Branston Piccalilli 360G,£2.20,£0.61/100g,£1.75 Clubcard Price,sauce,2024-11-05
Tesco Finest Red Onion Chutney 230G,£1.85,£0.80/100g,null,sauce,2024-11-05
Hp Top Down Brown Sauce 450G,£3.00,£0.67/100g,null,sauce,2024-11-05
Colman's Seafood Sauce 155G,£1.70,£1.10/100g,£1.00 Clubcard Price,sauce,2024-11-05
Colman's Original English Mustard Jar 100G,£1.70,£1.70/100g,£1.00 Clubcard Price,sauce,2024-11-05
Tesco Mini Cornichons 340G,£1.50,£0.79/100g DR.WT,null,sauce,2024-11-05
Colman's Mint Sauce 165G,£1.70,£1.03/100g,£1.00 Clubcard Price,sauce,2024-11-05
Maggi Authentic Indian Masala Chilli Sauce 400g,£2.25,£0.56/100g,null,sauce,2024-11-05
Branston Small Chunk Pickle 360G,£2.10,£0.58/100g,null,sauce,2024-11-05
Colman's Bramley Apple Sauce 155G,£1.70,£1.10/100g,£1.00 Clubcard Price,sauce,2024-11-05
Colman's Horseradish Sauce 136G,£1.70,£1.25/100g,£1.00 Clubcard Price,sauce,2024-11-05
Colman's Tartare Sauce 144G,£1.70,£1.18/100g,£1.00 Clubcard Price,sauce,2024-11-05
Tesco Salad Cream 450Ml,£1.40,£0.31/100ml,null,sauce,2024-11-05
Branston Pickle 720G,£3.00,£0.42/100g,£2.35 Clubcard Price,sauce,2024-11-05
Branston Small Chunk Pickle 720G,£3.00,£0.42/100g,£2.35 Clubcard Price,sauce,2024-11-05
Heinz Top Down Squeezy Tomato Ketchup Sauce 460G,£3.00,£0.65/100g,£2.50 Clubcard Price,sauce,2024-11-05
Tesco Pickled Red Cabbage 340G,£1.15,£0.74/100g DR.WT,null,sauce,2024-11-05
Hellmann's Real Mayonnaise Squeezy 430ml,£2.49,£0.58/100ml,null,sauce,2024-11-05
Tesco Pitted Black Olives 330G,£1.30,£0.80/100g DR.WT,null,sauce,2024-11-05
Tesco Pitted Green Olives In Brine 340G,£1.30,£0.80/100g DR.WT,null,sauce,2024-11-05
Tesco Sweet Piccalilli 350G,£1.30,£0.37/100g,null,sauce,2024-11-05
Tesco Mint Jelly 220g,£1.20,£0.54/100g,null,sauce,2024-11-05
Tesco Pickled Sliced Beetroot 340G,£1.00,£0.46/100g DR.WT,null,sauce,2024-11-05
Tesco Sweet Pickled Silverskin Onions 440G,£1.10,£0.50/100g DR.WT,null,sauce,2024-11-05
Tesco Tartare Sauce 175G,£0.90,£0.51/100g,null,sauce,2024-11-05
Tesco Seafood Sauce 250Ml,£0.90,£0.36/100ml,null,sauce,2024-11-05
Tesco Mint Sauce 185G,£0.90,£0.49/100g,null,sauce,2024-11-05
Tesco Pickled Silverskin Onions 440G,£1.10,£0.50/100g DR.WT,null,sauce,2024-11-05
Tesco Mango Chutney 230G,£1.00,£0.44/100g,null,sauce,2024-11-05
Tesco Tomato Ketchup 555G,£1.10,£0.20/100g,null,sauce,2024-11-05
Tesco Mayonnaise 500Ml,£1.20,£0.24/100ml,null,sauce,2024-11-05
Tesco Tomato Ketchup 890G,£1.35,£0.15/100g,null,sauce,2024-11-05
Tesco Traditional Pickled Onions 440G,£1.00,£0.44/100g DR.WT,null,sauce,2024-11-05
Stockwell & Co Tomato Ketchup 540G,£0.86,£0.16/100g,null,sauce,2024-11-05
Tesco Bramley Apple Sauce 270G,£0.90,£0.33/100g,null,sauce,2024-11-05
Tesco Wholegrain Mustard 180G,£0.59,£0.33/100g,null,sauce,2024-11-05
Tesco Cranberry Sauce 200G,£0.55,£0.28/100g,null,sauce,2024-11-05
Tesco Dijon Mustard 185G,£0.59,£0.32/100g,null,sauce,2024-11-05
Tesco Sun Dried Tomatoes 285G,£3.00,£2.07/100g DR.WT,null,sauce,2024-11-05
Maille Dijon Original Mustard 215G,£3.00,£1.40/100g,null,sauce,2024-11-05
Sharwoods Green Label Mango Chutney 530G,£3.50,£0.66/100g,null,sauce,2024-11-05
Garners Original Pickled Onions 454G,£3.90,£1.70/100g DR.WT,£3.40 Clubcard Price,sauce,2024-11-05
Heinz Seriously Good Mayonnaise 775G,£3.40,£0.44/100g,£3.00 Clubcard Price,sauce,2024-11-05
Heinz Seriously Good Mayonnaise Light 815G,£3.40,£0.42/100g,£3.00 Clubcard Price,sauce,2024-11-05
Heinz Tomato Ketchup 50% Less Salt & Sugar 880G,£4.50,£0.51/100g,null,sauce,2024-11-05
HP Brown Sauce 600G,£3.50,£0.58/100g,null,sauce,2024-11-05
Heinz Mayonnaise Seriously Good 540G,£2.80,£0.52/100g,£2.50 Clubcard Price,sauce,2024-11-05
Opies Cocktail Cherries Maraschino 225G,£2.20,£1.76/100g DR.WT,null,sauce,2024-11-05
Tesco Finest Horseradish Sauce 170G,£1.80,£1.06/100g,null,sauce,2024-11-05
Heinz Salad Cream 605G,£3.50,£0.58/100g,null,sauce,2024-11-05
Lea & Perrins Worcestershire Sauce 290Ml,£3.00,£1.03/100ml,null,sauce,2024-11-05
Colman's Original English Mustard Jar 170G,£2.00,£1.18/100g,null,sauce,2024-11-05
Heinz Classic Barbecue Sauce 480G,£3.40,£0.71/100g,Save 25% £2.50 Clubcard Price,sauce,2024-11-05
Tesco Finest Spiced Apple & Pear Chutney 220G,£1.85,£0.84/100g,null,sauce,2024-11-05
Amoy Dark Soy Sauce 150Ml,£1.49,£0.99/100ml,null,sauce,2024-11-05
Tesco Finest Sweet Tomato & Birds Eye Chilli Chutney 220G,£1.85,£0.84/100g,null,sauce,2024-11-05
Hellmann's Real Mayonnaise Jar 400g,£2.50,£0.62/100g,null,sauce,2024-11-05
Tiptree Caramelised Red Onion Chutney 220G,£2.15,£0.98/100g,null,sauce,2024-11-05
Branston Pickle 360G,£2.10,£0.58/100g,null,sauce,2024-11-05
Tesco Redcurrant Jelly 340G,£1.60,£0.47/100g,null,sauce,2024-11-05
Baxters Crinkle Cut Beetroot 567G,£2.25,£0.56/100g DR.WT,Save 1/3 £1.50 Clubcard Price,sauce,2024-11-05
Hp Brown Sauce Handy Pack 285G,£2.00,£0.70/100g,null,sauce,2024-11-05
Baxters Baby Beetroot 567G,£2.25,£0.55/100g DR.WT,Save 1/3 £1.50 Clubcard Price,sauce,2024-11-05
Tesco Red Onion Chutney 295G,£1.40,£0.48/100g,null,sauce,2024-11-05
Aleyna Roasted Red Peppers 480G,£1.65,£0.52/100g DR.WT,null,sauce,2024-11-05
Lea & Perrins Worcestershire Sauce 150Ml,£1.70,£1.13/100ml,null,sauce,2024-11-05
Tesco Pickled Sliced Beetroot 710G,£1.45,£0.31/100g DR.WT,null,sauce,2024-11-05
Hellmann's Light Mayonnaise Squeezy 430ml,£2.49,£0.58/100ml,null,sauce,2024-11-05
Tesco Sandwich Pickle 295G,£1.15,£0.39/100g,null,sauce,2024-11-05
Aleyna Sliced Green Jalapeno Peppers 480G,£1.00,£0.42/100g DR.WT,null,sauce,2024-11-05
Tesco Dark Soy Sauce 150Ml,£0.75,£0.50/100ml,null,sauce,2024-11-05
Tesco Light Soy Sauce 150Ml,£0.75,£0.50/100ml,null,sauce,2024-11-05
Daddies Brown Sauce 400G,£1.50,£0.38/100g,null,sauce,2024-11-05
Tesco Reduced Sugar & Salt Ketchup 530G,null,null,null,sauce,2024-11-05
Stockwell & Co Pickled Onion 440G,£0.90,£0.41/100g DR.WT,null,sauce,2024-11-05
Tesco Reduced Sugar & Salt Ketchup 845G,£1.35,£0.16/100g,null,sauce,2024-11-05
Tesco English Mustard 190G,£0.59,£0.31/100g,null,sauce,2024-11-05
Tesco Mayonnaise 450Ml,£0.86,£0.19/100ml,null,sauce,2024-11-05
Tesco Sundried Tomato Antipasti 535G,£4.40,£8.22/kg DR.WT,null,sauce,2024-11-05
Dawtona Pickled Gherkins 900G,£2.80,£0.60/100g DR.WT,null,sauce,2024-11-05
Tesco Artichoke Antipasti 285G,£2.90,£0.02/kg DR.WT,null,sauce,2024-11-05
Nando's Perinaise Sauce 465G,£3.50,£0.75/100g,£3.00 Clubcard Price,sauce,2024-11-05
Mrs Elswood Sandwich Slices Cucumbers 540G,£2.65,£0.86/100g DR.WT,null,sauce,2024-11-05
Tesco Capers 190G,£2.20,£1.83/100g DR.WT,null,sauce,2024-11-05
Tesco Sweet Chilli & Garlic Sauce 250Ml,£2.00,£0.80/100ml,null,sauce,2024-11-05
Tesco Sliced Gherkins 480G,£2.00,£0.77/100g DR.WT,null,sauce,2024-11-05
Heinz Tomato Ketchup Less Salt & Sugar 665G,£3.61,£0.54/100g,null,sauce,2024-11-05
Heinz Salad Cream 30% Less Fat 415G,£3.00,£0.72/100g,null,sauce,2024-11-05
Tesco Pitted Queen Olives 340G,£2.00,£1.23/100g DR.WT,null,sauce,2024-11-05
Tabasco Original Red Hot Pepper Sauce 57Ml,£2.50,£4.39/100ml,£2.00 Clubcard Price,sauce,2024-11-05
Geeta's Mango Chutney 320G,£2.40,£0.75/100g,null,sauce,2024-11-05
Tesco Finest Fig & Balsamic Chutney 210G,£1.85,£0.88/100g,null,sauce,2024-11-05
Colman's Original English Mustard Powder 57G,£2.25,£3.95/100g,null,sauce,2024-11-05
Hellmann's Tomato Ketchup 750ml,£3.30,£0.40/100g,£2.95 Clubcard Price,sauce,2024-11-05
Thai Dragon Sriracha Hot Chilli Sauce 455Ml,£2.25,£0.50/100ml,null,sauce,2024-11-05
Tesco Crinkle Cut Gherkins 340G,£1.50,£0.81/100g DR.WT,null,sauce,2024-11-05
Amoy Light Soy Sauce 150Ml,£1.49,£0.99/100ml,null,sauce,2024-11-05
Tesco 50% Less Fat Salad Cream 450Ml,£1.40,£0.31/100ml,null,sauce,2024-11-05
Tesco Finest Mango Apricot & Coriander Chutney 220G,£1.85,£0.84/100g,null,sauce,2024-11-05
Opies Mini Gherkins 227G,£1.40,£1.22/100g,null,sauce,2024-11-05
Tesco Worcester Sauce 150Ml,£1.30,£0.87/100ml,null,sauce,2024-11-05
Baxters Sliced Beets In Vinegar 567G,£2.25,£0.55/100g DR.WT,Save 1/3 £1.50 Clubcard Price,sauce,2024-11-05
Heinz Tomato Ketchup No Added Sugar & Salt 425G,null,null,£2.50 Clubcard Price,sauce,2024-11-05
Tesco Pickled Silverskin Onions 710G,£1.60,£0.42/100g DR.WT,null,sauce,2024-11-05
French's American Classic Yellow Squeezy Mustard 226G,£1.49,£0.66/100g,null,sauce,2024-11-05
Tesco Olive Oil & Sea Salt Croutons 100G,£1.10,£1.10/100g,null,sauce,2024-11-05
Heinz Sandwich Spread 300G,£1.70,£0.57/100g,null,sauce,2024-11-05
Encona Original Hot Pepper Sauce 220Ml,£1.70,£0.77/100ml,null,sauce,2024-11-05
Tesco Tomato Chutney 300G,£1.40,£0.47/100g,null,sauce,2024-11-05
Tesco Ploughmans Plum Chutney 295G,£1.40,£0.48/100g,null,sauce,2024-11-05
Nando's Peri Peri Rub Medium 25G,£1.15,£46.00/kg,null,sauce,2024-11-05
Tesco Thousand Island Dressing 250Ml,£1.00,£0.40/100ml,null,sauce,2024-11-05
Rochelle Crispy Onions 100G,£1.00,£1.00/100g,null,sauce,2024-11-05
Tesco Caesar Dressing 250Ml,£1.00,£0.40/100ml,null,sauce,2024-11-05
Tesco Reduced Salt Soy Sauce 150Ml,£0.75,£0.50/100ml,null,sauce,2024-11-05
Hellmann's Lighter Than Light Mayonnaise Squeezy 430ml,£2.49,£0.58/100ml,null,sauce,2024-11-05
Tesco Bbq Sauce 440G,£0.81,£0.18/100g,null,sauce,2024-11-05
Stockwell & Co Sliced Beetroot 340G,£0.57,£0.26/100g DR.WT,null,sauce,2024-11-05
Cooks & Co Dried Porcini Mushrooms 40G,£4.35,£1.09/10g,null,sauce,2024-11-05
Garners Sweet Baby Onions 454G,£3.90,£1.70/100g DR.WT,£3.40 Clubcard Price,sauce,2024-11-05
Tesco Pitted Kalamata Olives 290G,£2.85,£1.97/100g DR.WT,null,sauce,2024-11-05
Garners Pickled Shallots 300G,£3.90,£2.44/100g DR.WT,£3.40 Clubcard Price,sauce,2024-11-05
Maille Wholegrain Mustard 210G,£3.00,£1.43/100g,null,sauce,2024-11-05
Nandos Medium Peri Peri Sauce 125G,£2.25,£1.80/100g,null,sauce,2024-11-05
Kikkoman Tamari Gluten Free Soy Sauce 250Ml,£3.00,£1.20/100ml,null,sauce,2024-11-05
Fragata Low Salt Anchovy Stuffed Olives 350G,£2.00,£1.33/100g DR.WT,null,sauce,2024-11-05
Tesco Tahini 300G,£2.90,£0.97/100g,null,sauce,2024-11-05
Heinz Seriously Good Light Mayonnaise 570G,£2.80,£0.49/100g,£2.50 Clubcard Price,sauce,2024-11-05
Encona Thai Sweet Chilli Sauce 285Ml,£2.15,£0.75/100ml,null,sauce,2024-11-05
Tesco Finest Tartare Sauce 175G,£1.80,£1.03/100g,null,sauce,2024-11-05
Nandos Squeezy Perinaise 265G,£2.25,£0.85/100g,null,sauce,2024-11-05
Heinz Salad Cream Light 605G,£3.50,£0.58/100g,null,sauce,2024-11-05
Pizza Express House Light Salad Dressing 235Ml,£2.50,£1.06/100ml,£2.00 Clubcard Price,sauce,2024-11-05
Nando's Sweet Chilli Jam Medium 285G,£2.50,£0.88/100g,£2.00 Clubcard Price,sauce,2024-11-05
Rochelle Salad Croutons Mediterranean Herb 150G,£1.65,£1.10/100g,null,sauce,2024-11-05
Heinz Sticky Barbecue Sauce 500G,£3.40,£0.68/100g,Save 25% £2.50 Clubcard Price,sauce,2024-11-05
Hellmann's Tomato Ketchup Sauce Squeezy 430ml,£2.30,£0.54/100ml,null,sauce,2024-11-05
HP Fruity Brown Sauce Top Down 470g,£3.00,£0.64/100g,null,sauce,2024-11-05
Ballymaloe Original Relish 210G,£2.20,£1.05/100g,null,sauce,2024-11-05
Amoy Reduced Salt Soy Sauce 150Ml,£1.49,£0.99/100ml,null,sauce,2024-11-05
Hp Bbq Classic Woodsmoke Sauce 465G,£2.50,£0.54/100g,null,sauce,2024-11-05
Hellmann's Light Mayonnaise Jar 400g,£2.50,£0.62/100g,null,sauce,2024-11-05
Tesco Burger Sauce 235Ml,£1.25,£0.53/100ml,null,sauce,2024-11-05
Tiptree Ploughmans Plum Chutney 210G,£2.15,£1.02/100g,null,sauce,2024-11-05
Frank's RedHot Original Cayenne Pepper Hot Sauce 148ml,£2.20,£1.49/100ml,Save 25% £1.65 Clubcard Price,sauce,2024-11-05
Heinz Tomato Ketchup Bottle 342G,£2.50,£0.73/100g,null,sauce,2024-11-05
Tesco Chilli Mayonnaise 235Ml,£1.10,£0.47/100ml,null,sauce,2024-11-05
Tesco Sliced Black Olives In Brine 340G,£1.30,£0.76/100g DR.WT,null,sauce,2024-11-05
Tesco Garlic & Herb Croutons 100G,£1.10,£1.10/100g,null,sauce,2024-11-05
Tesco Pimiento Stuffed Olives In Brine 340G,£1.35,£0.71/100g DR.WT,null,sauce,2024-11-05
Tesco Pitted Green Olives Reduce Salt 340G,£1.30,£0.80/100g DR.WT,null,sauce,2024-11-05
Tesco Pitted Black Olives & Sea Salt 70G,£1.10,£1.57/100g,null,sauce,2024-11-05
Tesco Pitted Green Olives Basil&Garlic 70G,£1.10,£1.57/100g,null,sauce,2024-11-05
Tesco Reduced Fat French Dressing 250Ml,£1.00,£0.40/100ml,null,sauce,2024-11-05
Tesco Whole Baby Beetroot Vinegar 710G,£1.45,£0.31/100g DR.WT,null,sauce,2024-11-05
Tesco Honey & Mustard Dressing 250Ml,£1.00,£0.40/100ml,null,sauce,2024-11-05
Tesco Free From Worcester Sauce 150Ml,£1.00,£0.67/100ml DR.WT,null,sauce,2024-11-05
Tesco Sweet Pickled Crinkle Cut Beetroot 340G,£1.00,£0.46/100g DR.WT,null,sauce,2024-11-05
Pataks Lime Pickle Medium 283G,£2.50,£0.88/100g,null,sauce,2024-11-05
Tesco Whole Baby Sweet Beetroot In Vinegar 340G,£1.00,£0.29/100g DR.WT,null,sauce,2024-11-05
Crouton Company Garlic & Herb Croutons 40G,£0.50,£1.25/100g,null,sauce,2024-11-05
Nando's Peri Peri Sauce Medium 500G,£4.00,£0.80/100g,Save 25% £3.00 Clubcard Price,sauce,2024-11-05
Bevelini Sundried Tomatoes Balsamic Vinegar 310G,£3.00,£1.76/100g DR.WT,null,sauce,2024-11-05
Heinz Bbq Sauce Classic 570Ml,£3.90,£0.68/100ml,null,sauce,2024-11-05
Tesco Finest Kalamata Olives 210G,£2.45,£1.96/100g DR.WT,null,sauce,2024-11-05
Tesco Finest Pitted Halkidiki Olives 210G,£2.45,£2.58/100g DR.WT,null,sauce,2024-11-05
Tiptree Tomato Sauce 310G,£3.00,£0.97/100g,null,sauce,2024-11-05
Kikkoman Soy Sauce 150Ml,£2.25,£1.50/100ml,null,sauce,2024-11-05
Belazu Balsamic Sun Dried Tomato Paste 130G,£2.50,£1.92/100g,null,sauce,2024-11-05
Biona Organic Sauerkraut 360G,£2.65,£1.15/100g DR.WT,null,sauce,2024-11-05
Pizza Express Caesar Salad Dressing 235Ml,£2.50,£1.06/100ml,£2.00 Clubcard Price,sauce,2024-11-05
Nando's Hot Perinaise 265G,£2.25,£0.85/100g,null,sauce,2024-11-05
Heinz Saucy Mayonnaise Ketchup Sauce 425G,£2.50,£0.59/100g,null,sauce,2024-11-05
Newmans Own Ranch Dressing 250Ml,£2.20,£0.88/100ml,null,sauce,2024-11-05
Polli Ingredient Sliced Sundried Tomatoes 120G,£1.80,£1.50/100g,null,sauce,2024-11-05
Opies Lemon Slices 350G,£1.95,£1.15/100g DR.WT,null,sauce,2024-11-05
Polli Sundried Tomatoes & Capers in Oil 190g,£2.45,£2.88/100g DR.WT,null,sauce,2024-11-05
Polli Grilled Peppers in Oil 190g,£2.35,£1.96/100g DR.WT,null,sauce,2024-11-05
Polli Grilled Artichokes in Oil 185g,£2.35,£2.14/100g DR.WT,null,sauce,2024-11-05
Hp Bbq Honey Woodsmoke Sauce 465G,£2.50,£0.54/100g,null,sauce,2024-11-05
Pizza Express Garlic & Herb Pizza Dipping Sauce 255G,£2.25,£0.88/100g,Save 1/3 £1.50 Clubcard Price,sauce,2024-11-05
Levi Roots Caribbean Bbq Sauce 290G,£2.20,£0.76/100g,£1.75 Clubcard Price,sauce,2024-11-05
Tesco Cornichons With Chilli 340G,£1.50,£0.79/100g DR.WT,null,sauce,2024-11-05
Tesco Garlic Sauce 235Ml,£1.30,£0.55/100ml,null,sauce,2024-11-05
Tesco Pimiento Stuffed Green Olives920g,£2.80,£0.47/100g DR.WT,null,sauce,2024-11-05
Dawtona Grated Beetroot 510G,£1.45,£0.40/100g DR.WT,null,sauce,2024-11-05
Tesco Finest French Dressing 225Ml,£2.00,£0.89/100ml,null,sauce,2024-11-05
Good 4 U Protein Salad Topper Super Seeds 150G,£2.00,£2.00/each,null,sauce,2024-11-05
Tesco Finest Chilli Relish 295G,£1.70,£0.58/100g,null,sauce,2024-11-05
La Rochelle Bacon Flavour Sprinkles 120G,£1.35,£1.12/100g,null,sauce,2024-11-05
Frank's RedHot Buffalo Wings Hot Sauce 148ml,£2.20,£1.49/100ml,Save 25% £1.65 Clubcard Price,sauce,2024-11-05
Tesco Fire Pit Burger Relish 315G,£1.75,£0.56/100g,null,sauce,2024-11-05
Winiary Mayonnaise 400Ml,£2.25,£0.56/100ml,null,sauce,2024-11-05
Tesco Pitted Green Olives With Red Peppers,£1.10,£1.57/100g,null,sauce,2024-11-05
Tesco Fat Free Vinaigrette Dressing 250Ml,£1.00,£0.40/100ml,null,sauce,2024-11-05
Encona Scotch Bonnet Pepper Extra Hot Sauce 220Ml,£1.70,£0.77/100ml,null,sauce,2024-11-05
Tesco French Style Dressing 250Ml,£1.00,£0.40/100ml,null,sauce,2024-11-05
Tesco Garlic & Herb Dressing 250Ml,£1.00,£0.40/100ml,null,sauce,2024-11-05
Nando's Peri Peri Rub Lemon & Herb 25G,£1.15,£46.00/kg,null,sauce,2024-11-05
Nando's Peri Peri Rub Garlic 25G,null,null,null,sauce,2024-11-05
Tesco Light Mayonnaise 500Ml,£1.20,£0.24/100ml,null,sauce,2024-11-05
Nando's Peri Peri Rub Bbq 25G,£1.15,£46.00/kg,null,sauce,2024-11-05
Dunns River Jamaican Style Hot Sauce 85Ml,£0.80,£0.94/100ml,null,sauce,2024-11-05
Crouton Company Pepper & Salt Croutons 40G,£0.50,£1.25/100g,null,sauce,2024-11-05
Bull's-Eye Bbq Sauce Original 300Ml,null,null,null,sauce,2024-11-05
Garners Pickled Cabbage 454G,£3.90,£2.05/100g DR.WT,null,sauce,2024-11-05
Mary Berrys Light Salad Dressing 235Ml,£3.45,£1.47/100ml,null,sauce,2024-11-05
Nando's Peri Peri Sauce Hot 500G,£4.00,£0.80/100g,Save 25% £3.00 Clubcard Price,sauce,2024-11-05
Belazu Beldi Black Olive Tapenade 170G,£3.40,£2.00/100g,null,sauce,2024-11-05
Heinz Organic Tomato Ketchup 580G,£3.90,£0.67/100g,£3.50 Clubcard Price,sauce,2024-11-05
Sweet Baby Ray Bbq Sauce Original 510G,£3.70,£0.72/100g,null,sauce,2024-11-05
Nandos Peri Peri Sauce Lemon & Herb 125G,£2.25,£1.80/100g,null,sauce,2024-11-05
Heinz Burger Sauce 418G,£3.00,£0.72/100g,null,sauce,2024-11-05
Nandos Peri Peri Quick Marinade Medium 262G,£2.50,£0.95/100g,null,sauce,2024-11-05
Tesco Finest Nocellara Olives 200G,£2.45,£2.04/100g,null,sauce,2024-11-05
Cypressa Tahini 300G,£2.90,£0.97/100g,null,sauce,2024-11-05
Kikkoman Soy Sauce Less Salt 150Ml,£2.25,£1.50/100ml,null,sauce,2024-11-05
Fragata Manzanilla Olive With Jalapeno 350G,£2.00,£1.33/100g DR.WT,null,sauce,2024-11-05
Fragata Stoneless Olives & Garlic Puree 350G,£2.00,£1.33/100g DR.WT,null,sauce,2024-11-05
Tesco Finest Bearnaise Sauce 165G,£1.80,£1.09/100g,null,sauce,2024-11-05
Fragataselection Anchovy Stuffed Olives 350G,£2.00,£1.33/100g DR.WT,null,sauce,2024-11-05
Newmans Own Italian Dressing 250Ml,£2.20,£0.88/100ml,null,sauce,2024-11-05
Reds Kansas City Bbq Sauce 320G,£2.25,£0.70/100g,null,sauce,2024-11-05
Nandos Perinaise Garlic 265G,£2.25,£0.85/100g,null,sauce,2024-11-05
Nando's Vegan Perinaise Peri Peri Mayonnaise 265G,£2.25,£0.85/100g,null,sauce,2024-11-05
Cypressa Stuffed Vine Leaves With Rice & Herbs 280G,£2.10,£0.75/100g,null,sauce,2024-11-05
Tesco Free From Salad Cream 440G,£1.85,£0.42/100g,null,sauce,2024-11-05
Mrs H.S.Balls Original Recipe Chutney 470G,£2.25,£0.48/100g,null,sauce,2024-11-05
Pizza Express House Salad Dressing 235Ml,£2.50,£1.06/100ml,£2.00 Clubcard Price,sauce,2024-11-05
Baxters Sweet & Crunchy Sliced Gherkins 540G,£2.50,£0.83/100g DR.WT,£2.00 Clubcard Price,sauce,2024-11-05
Bevelini Hot & Sweet Jalapenos 400g,£2.20,£1.26/100g DR.WT,null,sauce,2024-11-05
Heinz Seriously Good Vegan Mayonnaise 775G,£3.40,£0.44/100g,£3.00 Clubcard Price,sauce,2024-11-05
Pizza Express Sweet & Smoky Bbq Pizza Dipping Sauce 288G,£2.25,£0.78/100g,Save 1/3 £1.50 Clubcard Price,sauce,2024-11-05
Tiptree Mango Chutney 220G,£2.15,£0.98/100g,null,sauce,2024-11-05
Geeta's Premium Lime & Chilli Chutney 230G,£1.90,£0.83/100g,null,sauce,2024-11-05
Maggi Authentic Indian Hot and Sweet Sauce 400g,£2.25,£0.56/100g,null,sauce,2024-11-05
Tesco Pickled Chillies 270G,£1.65,£1.22/100g DR.WT,null,sauce,2024-11-05
Grace Jamaican Jerk Bbq Sauce 375G,£1.80,£0.48/100g,null,sauce,2024-11-05
Fragata Snack 'N Green Olives With Pinch Of Lemon 70G,£1.40,£2.00/100g,null,sauce,2024-11-05
Tesco Pitted Green Olives With Chilli 70G,£1.10,£1.57/100g,null,sauce,2024-11-05
Lee Kum Kee Premium Light Soy Sauce 150Ml,£1.50,£1.00/100ml,Save 1/3 £1.00 Clubcard Price,sauce,2024-11-05
Nando's Coat & Cook Medium 120G,£1.00,£0.83/100g,null,sauce,2024-11-05
Nando's Peri Peri Rub Hot 25G,£1.15,£46.00/kg,null,sauce,2024-11-05
Tesco Coronation Mayonnaise 280G,£1.30,£0.46/100g,null,sauce,2024-11-05
Aleyna Sliced Red Jalapeno Peppers 480G,£1.00,£0.42/100g DR.WT,null,sauce,2024-11-05
Cholula Chipotle Mexican Hot Sauce 150ml,£1.49,£0.99/100ml,null,sauce,2024-11-05
Cholula Original Mexican Hot Sauce 150ml,£1.49,£0.99/100ml,null,sauce,2024-11-05
Tesco Traditional Pickled Onions 690G,£1.60,£0.44/100g DR.WT,null,sauce,2024-11-05
Biona Organic Kimchi 350G,£5.20,£2.36/100g DR.WT,null,sauce,2024-11-05
Mary Berry's Blue Cheese Dressing 235Ml,£3.45,£1.47/100ml,null,sauce,2024-11-05
Mary Berrys Salad Dressing 235Ml,£3.45,£1.47/100ml,null,sauce,2024-11-05
Dawtona Ogorki Kwaszone 900G,£3.10,£0.74/100g DR.WT,null,sauce,2024-11-05
Epicure Original Whole Pickles Plus Dill & Red Pepper 970G,£3.40,£0.64/100g DR.WT,null,sauce,2024-11-05
Nando's Peri Peri Garlic Sauce 500G,£4.00,£0.80/100g,Save 25% £3.00 Clubcard Price,sauce,2024-11-05
Nando's Peri Peri Sauce Lemon & Herb 500G,£4.00,£0.80/100g,Save 25% £3.00 Clubcard Price,sauce,2024-11-05
Yutaka Korean Kimchi 200g,£3.45,£2.46/100g DR.WT,null,sauce,2024-11-05
Sweet Baby Rays Bbq Sauce Honey 510G,£3.70,£0.72/100g,null,sauce,2024-11-05
Nandos Hot Peri Peri Sauce 125G,£2.25,£1.80/100g,null,sauce,2024-11-05
Nando's Garlic Peri Peri Sauce 125G,£2.25,£1.80/100g,null,sauce,2024-11-05
Jack Daniels Gluten Free Original Bbq Sauce 553G,£4.00,£0.72/100g,null,sauce,2024-11-05
Baxters Kimchi 300G,£3.50,£11.67/kg,£2.80 Clubcard Price,sauce,2024-11-05
Dr Wills Avocado Oil Mayonnaise Sugar Free 175G,£3.90,£2.23/100g,null,sauce,2024-11-05
Nandos Peri Peri Quick Marinade Hot 260G,£2.50,£0.96/100g,null,sauce,2024-11-05
Hellmann's Cheese Sauce Squeezy 250ml,£2.60,£1.04/100g,null,sauce,2024-11-05
Nandos Piri Peri Marinade Lemon & Herb 260G,£2.50,£0.96/100g,null,sauce,2024-11-05
Heinz Turkish Style Garlic Sauce 420G,£3.00,£0.71/100g,null,sauce,2024-11-05
Encona Original Hot Pepper Sauce 285Ml,£2.15,£0.75/100ml,null,sauce,2024-11-05
Geo Watkins Mushroom Ketchup 190Ml,£2.00,£1.05/100ml,null,sauce,2024-11-05
Fragata Stoneless Manzanilla Olives Filled With Lemon 350G,£2.00,£1.33/100g DR.WT,null,sauce,2024-11-05
Dawtona Swedish Salad 500G,£1.80,£0.77/100g DR.WT,null,sauce,2024-11-05
Fragata Stoneless Olives Piquillo Pepper 350G,£2.00,£1.33/100g DR.WT,null,sauce,2024-11-05
Tabasco Sriracha Sauce 256Ml,£3.15,£1.23/100ml,null,sauce,2024-11-05
Epicure Classic Pickle Spears Sweet & Sour 670G,£2.35,£0.65/100g DR.WT,null,sauce,2024-11-05
Epicure Crinkle Cut Pickles +Hot Red Chilli 530G,£2.35,£0.81/100g DR.WT,null,sauce,2024-11-05
Thai Dragon Srirachi Chilli Mayonnaise Sauce 200Ml,£1.90,£0.95/100ml,null,sauce,2024-11-05
Tabasco Mild Green Pepper Sauce 57Ml,£2.50,£4.39/100ml,£2.00 Clubcard Price,sauce,2024-11-05
Tabasco Sweet & Spicy Pepper Sauce 256Ml,£3.15,£1.23/100ml,null,sauce,2024-11-05
Good4u Protein Salad Topper Garlic & Herb 125G,£2.00,£1.33/100g,null,sauce,2024-11-05
Good4u Protein Salad Topper Garlic & Chilli 125G,£2.00,£1.60/100g,null,sauce,2024-11-05
Good4u Salad Topper Caesar Crumb 130G,£2.00,£1.54/100g,null,sauce,2024-11-05
Nando's Coat & Cook Hot 120G,£1.00,£0.83/100g,null,sauce,2024-11-05
Tesco Brown Sauce 435G,£1.10,£0.25/100g,null,sauce,2024-11-05
Tesco Reduced Sugar & Salt Brown Sauce 425G,£1.10,£0.26/100g,null,sauce,2024-11-05
Tesco Fruity Brown Sauce 445G,£1.10,£0.25/100g,null,sauce,2024-11-05
Tesco Silverskin Pearl Onions 340G,£0.90,£0.44/100g DR.WT,null,sauce,2024-11-05
Stockwell & Co Mayonnaise 450Ml,£0.85,£0.19/100ml,null,sauce,2024-11-05
Peppadew Roasted Red Peppers 465g,£3.75,£0.81/100g DR.WT,Save 1/3 £2.50 Clubcard Price,sauce,2024-11-05
Hellmann's Chilli Charger Mayonnaise Squeezy 250ml,£2.60,£1.04/100g,null,sauce,2024-11-05
Blue Dragon Dark Soy Sauce 375ml,£2.35,£0.63/100ml,null,sauce,2024-11-05
Sarsons Medium & Tangy Silverskin Onions 460G,£2.50,£1.02/100g DR.WT,£1.50 Clubcard Price,sauce,2024-11-05
Blue Dragon Light Soy Sauce 375ml,£2.35,£6.27/litre,null,sauce,2024-11-05
Peppadew Spicy Onion Crunch 130g,£2.50,£1.92/100g,£2.00 Clubcard Price,sauce,2024-11-05
Sarsons Sweet Onions 460G,£2.50,£1.02/100g DR.WT,£1.50 Clubcard Price,sauce,2024-11-05
Biona Organic Ruby Beetroot Sauerkraut 350g,£2.50,£0.71/100g,null,sauce,2024-11-05
Biona Organic Golden Tumeric Sauerkraut 350g,£2.50,£0.71/100g DR.WT,null,sauce,2024-11-05
Peppadew Spicy Chipotle Crunch 120g,£2.50,£2.08/100g,£2.00 Clubcard Price,sauce,2024-11-05
Dr. Will's Avocado Sriracha Hot Sauce 270g,£3.50,£1.30/100g,null,sauce,2024-11-05
Peppadew Sweet Piquante Peppers Mild Whole 260g,£2.50,£0.96/100g DR.WT,£1.75 Clubcard Price,sauce,2024-11-05
Sarsons Mixed Pickle 460G,£2.50,£1.04/100g DR.WT,£1.50 Clubcard Price,sauce,2024-11-05
Sarsons Sweet & Mild Red Cabbage 445g,£2.50,£0.56/100g DR.WT,£1.50 Clubcard Price,sauce,2024-11-05
Peppadew Sweet Piquante Peppers Hot Whole 260g,£2.50,£0.96/100g DR.WT,£1.75 Clubcard Price,sauce,2024-11-05
Dr. Will's Sriracha Hot Sauce 275g,£3.50,£1.27/100g,null,sauce,2024-11-05
Sauce Shop Honey Sriracha Drizzle 190ml,£2.75,£1.45/100ml,null,sauce,2024-11-05
Polli Garlic Cloves In Brine 190G,£2.45,£2.23/100g DR.WT,null,sauce,2024-11-05
Baxters Kraut Fermented Cabbage 480g,£2.40,£0.50/100g DR.WT,£1.90 Clubcard Price,sauce,2024-11-05
Rubies In The Rubble Ketchup 485G,£3.20,£0.66/100g,£2.20 Clubcard Price,sauce,2024-11-05
Dr. Will's Sriracha Mayo 245g,£3.50,£1.43/100g,null,sauce,2024-11-05
Heinz Mayoracha Mayonnaise Sriracha Sauce 400G,£2.50,£0.62/100g,null,sauce,2024-11-05
Polli Garlic Cloves In Oil With Herbs 190G,£2.45,£0.13/10g DR.WT,null,sauce,2024-11-05
Nando's Lemon and Black Pepper Perinaise 265g,£2.25,£0.85/100g,£1.75 Clubcard Price,sauce,2024-11-05
Nando's Peri Ketchup 280g,£2.50,£0.89/100g,£1.75 Clubcard Price,sauce,2024-11-05
Heinz Tomato Ketchup Pickle Flavour 460g,£3.00,£0.65/100g,£2.50 Clubcard Price,sauce,2024-11-05
Tesco Fire Pit Smoky Onion Relish 300G,£1.75,£0.58/100g,null,sauce,2024-11-05
Heinz Curry Tomato Ketchup 570g,£3.00,£0.53/100g,null,sauce,2024-11-05
Heinz Tomato Ketchup Squeezy 342G,£2.50,£0.73/100g,null,sauce,2024-11-05
Heinz Tomato Ketchup Smokey Bacon Flavour 460g,£3.00,£0.65/100g,£2.50 Clubcard Price,sauce,2024-11-05
Aleyna Hot Chilli Peppers 470g,£1.35,£0.29/100g DR.WT,null,sauce,2024-11-05
Tesco Firepit Buffanero Ketchup 280ml,£1.50,£0.54/100ml,null,sauce,2024-11-05
Daddies Tomato Ketchup 400G,£1.50,£0.38/100g,null,sauce,2024-11-05
Stockwell & Co Salad Cream 450Ml,£0.91,£0.20/100ml,null,sauce,2024-11-05
Tesco Light Mayonnaise 450Ml,£0.86,£0.19/100ml,null,sauce,2024-11-05
Blue Dragon Original Thai Sweet Chilli Dipping Sauce 535g,£3.50,£0.65/100g,null,sauce,2024-11-05
"Polli Italian Salad Topper Borlotti Beans, Mushrooms and Olive in Oil 190g",£2.45,£1.29/100g DR.WT,null,sauce,2024-11-05
Hellmann's Light Mayonnaise Squeezy 580ml,£2.75,£0.47/100ml,null,sauce,2024-11-05
The Foraging Fox Avocado & Lemon Mayonnaise 240G,£3.50,£1.46/100g,Save 25% £2.60 Clubcard Price,sauce,2024-11-05
Tesco Pitted Black Olives 900G,£2.90,£0.64/100g DR.WT,null,sauce,2024-11-05
Hellmann's Real Mayonnaise Jar 600g,£3.50,£0.58/100g,£2.90 Clubcard Price,sauce,2024-11-05
"Polli Italian Salad Topper Chickpeas, Olives and Cherry Tomatoes in Oil 190g",£2.45,£1.29/100g,null,sauce,2024-11-05
Hellmann's Light Mayonnaise Jar 600g,£3.50,£0.58/100g,£2.90 Clubcard Price,sauce,2024-11-05
Cypressa Mixed Olives With Garlic And Herbs 315g,£2.30,£0.73/100g DR.WT,null,sauce,2024-11-05
Tesco Pitted Green Olives 900G,£2.90,£0.64/100g DR.WT,null,sauce,2024-11-05
Blue Dragon Original Thai Sweet Chilli Dipping Sauce 315g,£2.70,£0.86/100g,Save 25% £2.00 Clubcard Price,sauce,2024-11-05
Blue Dragon Reduced Sugar Thai Sweet Chilli Dipping Sauce 295g,£2.70,£0.92/100g,Save 25% £2.00 Clubcard Price,sauce,2024-11-05
Blue Dragon Mild Thai Sweet Chilli Dipping Sauce 315g,£2.70,£0.86/100g,Save 25% £2.00 Clubcard Price,sauce,2024-11-05
Blue Dragon Hot Thai Sweet Chilli Dipping Sauce 315g,£2.70,£0.86/100g,Save 25% £2.00 Clubcard Price,sauce,2024-11-05
Hellmann's Garlic Squeezy Mayonnaise 250Ml,£2.60,£1.04/100ml,null,sauce,2024-11-05
Cardini Original Caesar Dressing 350Ml,£2.75,£0.79/100ml,null,sauce,2024-11-05
ENCONA INDIAN SWEET MANGO CHILLI SCE 142ML,£1.70,£1.20/100ml,null,sauce,2024-11-05
Heinz Thai Style Sweet Chilli Dipping Sauce 495g,£3.35,£0.68/100g,null,sauce,2024-11-05
Hellmann’s Vegan Garlic Mayonnaise Jar 270g,£2.60,£0.96/100g,null,sauce,2024-11-05
Pizza Express Honey & Mustard Dressing 235Ml,£2.50,£1.06/100ml,£2.00 Clubcard Price,sauce,2024-11-05
Sauce Shop Buffalo Hot Sauce 150Ml,£2.75,£1.83/100ml,null,sauce,2024-11-05
Heinz Seriously Good Mayonnaise Light 420G,£2.40,£0.57/100g,£2.00 Clubcard Price,sauce,2024-11-05
Sauce Shop Original Hot Sauce 160ml,£2.75,£1.72/100ml,null,sauce,2024-11-05
Cypressa Green Whole Nocellara Olives 290g,£2.30,£0.79/100g DR.WT,null,sauce,2024-11-05
Fragata Stoneless Black Olives 330g,£1.80,£0.54/100g,£1.40 Clubcard Price,sauce,2024-11-05
Tesco Finest Caesar Dressing 225Ml,£2.00,£0.89/100ml,null,sauce,2024-11-05
Heinz Seriously Good Mayonnaise 460G,£2.50,£0.54/100g,null,sauce,2024-11-05
Heinz Seriously Good Mayonnaise 395G,£2.40,£0.61/100g,£2.00 Clubcard Price,sauce,2024-11-05
Heinz Seriously Good Mayonnaise Light 490G,£2.50,£0.51/100g,null,sauce,2024-11-05
Fragata Marinated Stoneless Olives with Olive Oil & Sea Salt 120g,£2.00,£1.67/100g,£1.60 Clubcard Price,sauce,2024-11-05
Tesco Pitted Amfissa Olives 290G,£2.00,£1.38/100g DR.WT,null,sauce,2024-11-05
Fragata Stoneless Green Olives 335g,£1.80,£0.54/100g,£1.40 Clubcard Price,sauce,2024-11-05
Branston Piccalilli Small Chunk 360g,£2.20,£0.61/100g,£1.75 Clubcard Price,sauce,2024-11-05
Encona Canadian Maple Chilli Jam 285Ml,£2.00,£0.70/100ml,null,sauce,2024-11-05
Encona Mexican Jalapeno Chilli Jam 285mL,£2.00,£0.70/100ml,null,sauce,2024-11-05
Heinz Mayomust Mayonnaise Mustard Sauce 400G,£2.50,£0.62/100g,null,sauce,2024-11-05
"Fragata Marinated Stoneless Olives with Olive Oil, Garlic & Thyme 120g",£2.00,£1.67/100g,£1.60 Clubcard Price,sauce,2024-11-05
Fragata Halkidiki Olives With Garlic & Thyme 50G,£1.30,£2.60/100g,null,sauce,2024-11-05
Fragata Marinated Stoneless Olives with Olive Oil & Garlic & Herbs,£1.40,£2.00/100g,null,sauce,2024-11-05
Hellmann's Real Thousand Island Salad Dressing & Dip Sauce 250ml,£1.50,£0.60/100g,null,sauce,2024-11-05
Colman's Original English Squeezy Mustard 150G,£1.90,£1.27/100g,null,sauce,2024-11-05
Fragata Marinated Stoneless Olives with Olive Oil & Hot Chilli 70g,£1.20,£1.71/100g,null,sauce,2024-11-05
"Tesco Miso, Soy & Ginger Dressing 250ml",£1.00,£0.40/100ml,null,sauce,2024-11-05
Stockwell & Co Mint Sauce 175g,£0.53,£0.30/100g,null,sauce,2024-11-05
Stockwell & Co Horseradish Sauce 175g,£0.65,£0.37/100g,null,sauce,2024-11-05
Tesco Finest Italian Sundried Tomatoes with Basil 280g,£3.65,£1.30/100g DR.WT,null,sauce,2024-11-05
Cypressa Aubergine & Feta Meze 175g,£3.00,£1.71/100g,null,sauce,2024-11-05
Tesco Chargrilled Peppers 285g,£2.70,£0.95/100g,null,sauce,2024-11-05
Mary Berry's Honey & Apple Cider Vinaigrette Dressing 235ml,£3.45,£1.47/100ml,£2.50 Clubcard Price,sauce,2024-11-05
Tesco Slow Roasted Tomatoes 285G,£3.25,£2.24/100g DR.WT,null,sauce,2024-11-05
Belazu Flavour Hacks Green Chilli 130g,£3.30,£2.54/100g,null,sauce,2024-11-05
Tesco Chargrilled Mixed Antipasti 280G,£3.25,£2.03/100g DR.WT,null,sauce,2024-11-05
Hellmann's Plant Based Mayo 400g,£3.40,£0.85/100g,null,sauce,2024-11-05
Belazu Flavour Hacks Caramelised Onions 130g,£3.30,£2.54/100g,null,sauce,2024-11-05
Belazu Flavour Hacks Roasted Garlic 130g,£3.30,£2.54/100g,null,sauce,2024-11-05
Tesco Cream Cheese Stuffed Peppers 290G,£3.25,£1.48/100g DR.WT,null,sauce,2024-11-05
Maille Hollandaise Sauce 185G,£3.00,£1.62/100g,null,sauce,2024-11-05
Hunter & Gather Avocado Oil Mayonnaise Classic 175g,£4.00,£2.29/100g,£3.50 Clubcard Price,sauce,2024-11-05
Nando's Perinaise Hot 465G,£3.50,£0.75/100g,£3.00 Clubcard Price,sauce,2024-11-05
Hunter & Gather Avocado Oil Mayonnaise Chipotle & Lime 175g,£4.00,£2.29/100g,£3.50 Clubcard Price,sauce,2024-11-05
The Foraging Fox - Smoked Jalapeno Mayo 240g,£3.50,£1.46/100g,Save 25% £2.60 Clubcard Price,sauce,2024-11-05
Hunter & Gather Avocado Oil Mayonnaise Garlic 175g,£4.00,£2.29/100g,£3.50 Clubcard Price,sauce,2024-11-05
Tesco Finest Sundried Tomato Balsamic Tapenade 190G,£2.10,£11.05/kg,null,sauce,2024-11-05
Hellmann's Real Mayonnaise Squeezy 580ml,£2.75,£0.47/100ml,null,sauce,2024-11-05
Hellmann's Plant Based Mayo 430ml,£3.40,£0.79/100ml,null,sauce,2024-11-05
"Peppadew Sweet Jalapeno Peppers, Mild Halves 260g",£2.50,£0.96/100g DR.WT,£2.00 Clubcard Price,sauce,2024-11-05
Polli Capers in Vinegar Capotes 190g,£2.35,£1.96/100g DR.WT,null,sauce,2024-11-05
Nando's Peri Bbq Sauce Mild 275G,£2.50,£0.91/100g,null,sauce,2024-11-05
Polli Sundried Sliced Tomatoes In Oil 190G,£2.45,£2.45/100g DR.WT,null,sauce,2024-11-05
Cypressa Stuffed Olives With Garlic & Pepper 315g,£2.30,£0.73/100g DR.WT,null,sauce,2024-11-05
Sauce Shop Original BBQ Sauce 340g,£2.75,£0.81/100g,null,sauce,2024-11-05
Polli Sundried Tomato and Artichokes 190g,£2.45,£1.29/100g DR.WT,null,sauce,2024-11-05
Polli Sundried Cherry Tomatoes 190g,£2.45,£1.29/100g DR.WT,null,sauce,2024-11-05
Hellmann's Plant Based Mayo 750ml Squeezy,£4.50,£0.60/100ml,Save 1/3 £3.00 Clubcard Price,sauce,2024-11-05
Tesco Finest Balsamic Pomegranate Vinaigrette 235ml,£2.00,£0.85/100ml,null,sauce,2024-11-05
Tesco Fire Pit Kansas Style Bbq Sauce 300G,£1.65,£0.55/100g,null,sauce,2024-11-05
Tesco American Inspired Mustard 310G,£1.60,£0.52/100g,null,sauce,2024-11-05
Fragata Stoneless Green Olives Filled with Pimiento 340g,£1.80,£0.53/100g,£1.40 Clubcard Price,sauce,2024-11-05
Levi Roots Reggae Jerk Bbq Sauce 330G,£2.15,£0.65/100g,null,sauce,2024-11-05
Fragata Kalamata Olives With Olive Oil 50G,£1.30,£2.60/100g,null,sauce,2024-11-05
Polli Sundried Peppers 185g,£2.35,£1.27/100g DR.WT,null,sauce,2024-11-05
Sarson’s Original Malt Dip & Drizzle 250G,£2.00,£0.80/100g,null,sauce,2024-11-05
Sarson’s Zingy Garlic Dip & Drizzle 250G,£2.00,£0.80/100g,null,sauce,2024-11-05
Hellmann's Fat Free Vinaigrette Salad Dressing 250ml,£1.50,£0.60/100ml,null,sauce,2024-11-05
Ocean Spray Whole Cranberry Sauce 200g,£1.75,£0.88/100g,£1.20 Clubcard Price,sauce,2024-11-05
Tesco Lemon Mayonnaise with Hint of Zaatar 280ml,£1.10,£0.39/100ml,null,sauce,2024-11-05
Stockwell & Co Brown Sauce 425 g,£0.83,£0.20/100g,null,sauce,2024-11-05
Stockwell & Co Tartare Sauce 175g,£0.65,£0.37/100g,null,sauce,2024-11-05
Stockwell & Co Apple Sauce 270g,£0.69,£0.26/100g,null,sauce,2024-11-05
"Cypressa Sundried Tomato, Feta & Kalamata Olive Tapenade 175g",£3.00,£1.71/100g,null,sauce,2024-11-05
Hellmann's Garlic & Herb Sauce Squeezy 250ml,£2.60,£1.04/100ml,null,sauce,2024-11-05
Hellmann's Chunky Burger Sauce 250Ml,£2.60,£1.04/100ml,null,sauce,2024-11-05
Heinz x Morley’s Fried Chicken Sauce 420g,£3.00,£0.71/100g,null,sauce,2024-11-05
Heinz Salad Cream 70% Less Fat 415g,£3.00,£0.72/100g,null,sauce,2024-11-05
Wagamama Katsu Vegan Mayo 265g,£2.25,£0.85/100g,null,sauce,2024-11-05
Wagamama Vegan Firecracker Mayo 265g,£2.25,£0.85/100g,null,sauce,2024-11-05
Ocean Spray Smooth Cranberry Sauce 200g,£1.75,£0.88/100g,£1.20 Clubcard Price,sauce,2024-11-05
Nutella Hazelnut Chocolate Spread 350G,£3.45,£0.99/100g,null,spread_jam,2024-11-05
Rowse Supahoney With Manuka & Vitamin C 250G,£4.00,£1.60/100g,Save 25% £3.00 Clubcard Price,spread_jam,2024-11-05
Pip & Nut Smooth Almond Butter 170G,£3.40,£2.00/100g,£2.65 Clubcard Price,spread_jam,2024-11-05
Buckwud Organic Maple Syrup 250G,£6.00,£2.40/100g,null,spread_jam,2024-11-05
Bovril Beef Extract 250G,£4.55,£1.82/100g,null,spread_jam,2024-11-05
Cadbury Smooth Chocolate Spread 400G,£3.50,£0.88/100g,null,spread_jam,2024-11-05
Rowse Honey Squeezy 680G,£4.00,£0.59/100g,null,spread_jam,2024-11-05
Tesco Finest Strawberry Conserve 340G,£2.60,£0.76/100g,null,spread_jam,2024-11-05
Frank Coopers Fine Cut Oxford Marmalade 454G,£3.00,£0.66/100g,£2.50 Clubcard Price,spread_jam,2024-11-05
Bonne Maman Apricot Conserve 370G,£3.30,£0.89/100g,null,spread_jam,2024-11-05
Bonne Maman Strawberry Conserve 370G,£3.30,£0.89/100g,null,spread_jam,2024-11-05
Nutella Hazelnut & Chocolate Spread 630G,£4.69,£0.74/100g,null,spread_jam,2024-11-05
Lotus Biscuit Spread Smooth 400G,£3.20,£0.80/100g,£2.60 Clubcard Price,spread_jam,2024-11-05
Rowse Squeezy Clear Honey 340G,£3.00,£0.88/100g,Save 1/3 £2.00 Clubcard Price,spread_jam,2024-11-05
Bonne Maman Raspberry Conserve 370G,£3.30,£0.89/100g,null,spread_jam,2024-11-05
Marmite Yeast Extract Spread 125G,£2.50,£2.00/100g,null,spread_jam,2024-11-05
Hilltop Squeezy Blossom Honey 340G,£2.50,£0.74/100g,null,spread_jam,2024-11-05
Robertsons Golden Shredless Marmalade 454G,£1.90,£0.42/100g,null,spread_jam,2024-11-05
Tesco Finest Dark Seville Orange Marmalade 340G,£1.80,£0.53/100g,null,spread_jam,2024-11-05
Mackays Scottish Strawberry Preserve 340G,£2.30,£0.68/100g,£1.80 Clubcard Price,spread_jam,2024-11-05
Le Vieja Fabrica Fine Cut Seville Orange Marmalade 365G,£2.15,£0.59/100g,null,spread_jam,2024-11-05
Tesco Finest Raspberry Conserve 340G,£2.60,£0.76/100g,null,spread_jam,2024-11-05
Lyle's Golden Syrup 700G,£2.50,£0.36/100g,null,spread_jam,2024-11-05
Tesco Finest Zesty Lemon Curd 320G,£2.15,£0.67/100g,null,spread_jam,2024-11-05
Marmite Yeast Extract Spread 250G,£3.00,£1.20/100g,null,spread_jam,2024-11-05
Tesco Chocolate Spread 400G,£1.69,£0.42/100g,null,spread_jam,2024-11-05
Hartleys Best Strawberry Seedless Jam 340G,£1.70,£0.50/100g,£1.35 Clubcard Price,spread_jam,2024-11-05
Tesco Yeast Extract 225G,null,null,null,spread_jam,2024-11-05
Tesco Golden Syrup 680G,£1.60,£0.24/100g,null,spread_jam,2024-11-05
Tesco Hazelnut Chocolate Spread 400G,£1.69,£0.42/100g,null,spread_jam,2024-11-05
Hartleys Best Raspberry Jam Seedless 340G,£1.70,£0.50/100g,£1.35 Clubcard Price,spread_jam,2024-11-05
Tesco Set Honey 454G,£1.75,£0.38/100g,null,spread_jam,2024-11-05
Tesco Clear Honey 454G,£1.75,£0.38/100g,null,spread_jam,2024-11-05
Tesco Fine Cut Orange Marmalade 454G,£1.05,£0.23/100g,null,spread_jam,2024-11-05
Nutella & Go! Hazelnut Chocolate Spread and Breadsticks Snack Pot Multipack 2 x 48g,£1.70,£1.77/100g,null,spread_jam,2024-11-05
Tesco Smooth Peanut Butter 700G,£2.20,£0.31/100g,null,spread_jam,2024-11-05
Tesco Crunchy Peanut Butter 700G,£2.20,£0.31/100g,null,spread_jam,2024-11-05
Tesco Lemon Curd 411G,£1.15,£0.28/100g,null,spread_jam,2024-11-05
Tesco Squeezy Clear Honey 340G,£1.09,£0.32/100g,null,spread_jam,2024-11-05
Tesco Smooth Peanut Butter 340G,£1.09,£0.32/100g,null,spread_jam,2024-11-05
Tesco Crunchy Peanut Butter 340G,£1.09,£0.32/100g,null,spread_jam,2024-11-05
Stockwell & Co Strawberry Jam 454G,£0.39,£0.09/100g,null,spread_jam,2024-11-05
Tesco Strawberry Jam 454G,£0.89,£0.20/100g,null,spread_jam,2024-11-05
Stockwell & Co Crunchy Peanut Butter 340G,£0.99,£0.29/100g,null,spread_jam,2024-11-05
Tesco Strawberry Seedless Jam 454G,£0.89,£0.20/100g,null,spread_jam,2024-11-05
Stockwell & Co Honey 340G,£0.75,£0.22/100g,null,spread_jam,2024-11-05
Tesco Seedless Raspberry Jam 454G,£0.89,£0.20/100g,null,spread_jam,2024-11-05
Hilltop Manuka Honey Mgo 50 225G,£6.00,£2.67/100g,£5.40 Clubcard Price,spread_jam,2024-11-05
Meridian Crunchy Peanut Butter 1Kg,£7.00,£0.70/100g,null,spread_jam,2024-11-05
Meridian Smooth Peanut Butter 1Kg,£7.00,£0.70/100g,null,spread_jam,2024-11-05
Rowse Squeezy Organic Honey 340G,£3.80,£1.12/100g,null,spread_jam,2024-11-05
Whole Earth Smooth Peanut Butter 454G,£4.50,£0.99/100g,Save 1/3 £3.00 Clubcard Price,spread_jam,2024-11-05
Whole Earth Crunchy Peanut Butter 454G,£4.50,£0.99/100g,Save 1/3 £3.00 Clubcard Price,spread_jam,2024-11-05
Bonne Maman Orange Fine Shred Marmalade 370G,£3.40,£0.92/100g,null,spread_jam,2024-11-05
Rowse Set Honey 340G,£3.00,£0.88/100g,null,spread_jam,2024-11-05
Bonne Maman Black Cherry Conserve 370G,£3.60,£0.97/100g,null,spread_jam,2024-11-05
Whole Earth Organic Crunchy Peanut Butter 340G,£3.60,£1.06/100g,null,spread_jam,2024-11-05
Whole Earth Organic Smooth Peanut Butter 340G,£3.60,£1.06/100g,null,spread_jam,2024-11-05
Bonne Maman Blackcurrant Conserve 370G,£3.30,£0.89/100g,null,spread_jam,2024-11-05
Tesco Finest Blackcurrant Conserve 340G,£2.60,£0.76/100g,null,spread_jam,2024-11-05
Meridian Peanut Butter Crunchy 100% Nuts 280G,£2.80,£1.00/100g,£2.00 Clubcard Price,spread_jam,2024-11-05
Bonne Maman Strawberry & Wild Strawberry Conserve 370G,£3.60,£0.97/100g,null,spread_jam,2024-11-05
Meridian Peanut Butter Smooth 100% Nuts 280G,£2.80,£1.00/100g,£2.00 Clubcard Price,spread_jam,2024-11-05
Tesco Finest Apricot Conserve 340G,£2.60,£0.76/100g,null,spread_jam,2024-11-05
Rowse Squeezy Light & Mild Honey 340G,£3.00,£0.88/100g,Save 1/3 £2.00 Clubcard Price,spread_jam,2024-11-05
Lotus Biscuit Spread Crunchy 380G,£3.20,£0.84/100g,£2.60 Clubcard Price,spread_jam,2024-11-05
Groovy Food Agave Light And Mild 250Ml,£2.85,£11.40/litre,null,spread_jam,2024-11-05
Bonne Maman Intense Apricot Jam 335G,£3.80,£1.13/100g,null,spread_jam,2024-11-05
Pip & Nut Smooth Almond Butter 170G,£3.40,£2.00/100g,£2.65 Clubcard Price,spread_jam,2024-11-05
Nuts About Nature Peanut Butter Smooth 340G,£2.35,£0.69/100g,null,spread_jam,2024-11-05
Nuts About Nature Peanut Butter Crunchy 340G,£2.35,£0.69/100g,null,spread_jam,2024-11-05
Mackays Rhubarb & Ginger Preserve 340G,£2.30,£0.68/100g,£1.80 Clubcard Price,spread_jam,2024-11-05
Streamline Reduced Sugar Thick Cut Orange Marmalde 340G,£1.80,£0.53/100g,null,spread_jam,2024-11-05
Mackays Vintage Orange Marmalade 340G,£2.00,£0.59/100g,£1.70 Clubcard Price,spread_jam,2024-11-05
Mackays Natural Fruit Seville Orange Marmalade 340G,£2.00,£0.59/100g,£1.70 Clubcard Price,spread_jam,2024-11-05
Mackays Seedless Bramble Preserve 340G (L),£2.30,£0.68/100g,£1.80 Clubcard Price,spread_jam,2024-11-05
Roses Lemon & Lime Marmalade 454G,£2.00,£0.44/100g,null,spread_jam,2024-11-05
Nature's Store Gluten Free Chocolate Spread 350G,£2.25,£0.64/100g,null,spread_jam,2024-11-05
Robertsons Golden Shred Marmalade 454G,£1.90,£0.42/100g,null,spread_jam,2024-11-05
Vegemite Yeast Extract 220G,£2.20,£1.00/100g,null,spread_jam,2024-11-05
Marmite Reduced Salt Yeast Extract Spread 250G,£3.00,£1.20/100g,null,spread_jam,2024-11-05
Streamline Reduced Sugar Strawberry Jam 340G,£1.70,£0.50/100g,null,spread_jam,2024-11-05
Hartleys Best Strawberry Jam 340G,£1.70,£0.50/100g,£1.35 Clubcard Price,spread_jam,2024-11-05
Heinz Sandwich Spread 300G,£1.70,£0.57/100g,null,spread_jam,2024-11-05
Lyles Golden Syrup 454G,£1.75,£0.38/100g,£1.35 Clubcard Price,spread_jam,2024-11-05
Nutella & Go! Hazelnut Chocolate Spread and Breadsticks Snack Pot 1 x 48g,£1.35,£2.81/100g,"£5 Meal Deal Clubcard Price £5.50 Meal Deal Regular Price - Selected Drink + Snack + Tesco Finest* Or Branded Sandwich, Wrap, Roll, Salad Or Sushi",spread_jam,2024-11-05
Stockwell & Co Orange Marmalade 454G,£0.79,£0.17/100g,null,spread_jam,2024-11-05
Rowse Authentic Manuka New Zealand Honey 250+ Mgo 225G,£14.00,£6.22/100g,null,spread_jam,2024-11-05
Tesco Finest Grade A Dark Maple Syrup 330G,£6.45,£1.96/100g,null,spread_jam,2024-11-05
Tesco Finest Grade A Amber Maple Syrup 330G,£6.45,£1.96/100g,null,spread_jam,2024-11-05
Meridian 100% Almond Butter Smooth 470G,£7.50,£1.60/100g,£6.00 Clubcard Price,spread_jam,2024-11-05
Pip & Nut Crunchy Peanut Butter 1Kg,£7.00,£0.70/100g,null,spread_jam,2024-11-05
Pip & Nut Smooth Peanut Butter 1Kg,£7.00,£0.70/100g,null,spread_jam,2024-11-05
Tesco Finest Acacia Honey 340G,£4.35,£1.28/100g,null,spread_jam,2024-11-05
Whole Earth Crunchy Peanut Butter 1Kg,£6.80,£0.68/100g,null,spread_jam,2024-11-05
Whole Earth Smooth Peanut Butter 1Kg,£6.80,£0.68/100g,null,spread_jam,2024-11-05
TESCO ORGANIC SQUEEZY CLEAR HONEY 340G,£3.35,£0.98/100g,null,spread_jam,2024-11-05
Tesco Organic Set Honey 340G,£3.35,£0.98/100g,null,spread_jam,2024-11-05
Hilltop Everyday Blossom Honey 720G,£4.00,£0.56/100g,null,spread_jam,2024-11-05
Tesco Finest Orange Blossom Honey 340G,£4.35,£1.28/100g,null,spread_jam,2024-11-05
Tesco Finest Spanish Forest Honey 340g,£4.35,£1.28/100g,null,spread_jam,2024-11-05
Rowse Organic Clear Honey 340G,£3.50,£1.03/100g,null,spread_jam,2024-11-05
Rowse Supahoney With Manuka & Vitamin C 250G,£4.00,£1.60/100g,Save 25% £3.00 Clubcard Price,spread_jam,2024-11-05
Whole Earth Crunchy Dark Roasted Peanut Butter 340G,£3.60,£1.06/100g,null,spread_jam,2024-11-05
Bonne Maman Peach Conserve 370G,£3.30,£0.89/100g,null,spread_jam,2024-11-05
Bonne Maman Damson Plum Conserve 370G,£3.30,£0.89/100g,null,spread_jam,2024-11-05
The Groovy Food Company Organic Date Syrup 340G,£2.80,£8.24/kg,null,spread_jam,2024-11-05
Bonne Maman Wild Blueberry Conserve 370G,£3.60,£0.97/100g,null,spread_jam,2024-11-05
Hilltop Acacia Honey 340G,£3.00,£0.88/100g,null,spread_jam,2024-11-05
Bonne Maman Berries/Cherries Conserve 370G,£3.30,£0.89/100g,null,spread_jam,2024-11-05
The Groovy Food Co. Agave Nector Rich & Dark 250Ml,£2.85,£11.40/litre,null,spread_jam,2024-11-05
Bonne Maman Intense Strawberry Jam 335G,£3.80,£1.13/100g,null,spread_jam,2024-11-05
Tesco Finest English Set Honey 340G,£4.95,£1.46/100g,null,spread_jam,2024-11-05
Rowse Squeezy Honey Dark & Rich 340G,null,null,Save 1/3 £2.00 Clubcard Price,spread_jam,2024-11-05
Bonne Maman Hazelnut Chocolate Spread 250G,£3.00,£1.20/100g,null,spread_jam,2024-11-05
Bonne Maman Intense Raspberry Jam 335G,£3.80,£1.13/100g,null,spread_jam,2024-11-05
Meridian Cashew Butter 170G,£3.20,£1.88/100g,null,spread_jam,2024-11-05
Pip & Nut Smooth Peanut Butter 300G,£3.25,£1.08/100g,£2.25 Clubcard Price,spread_jam,2024-11-05
Pip & Nut Crunchy Peanut Butter 300G,null,null,£2.25 Clubcard Price,spread_jam,2024-11-05
Meridian Almond Butter 170G,£3.20,£1.88/100g,null,spread_jam,2024-11-05
Whole Earth Drizzler Super Smooth Peanut Butter 320G,£3.30,£1.03/100g,null,spread_jam,2024-11-05
Tesco Finest Bitter Orange Marmalade 340G,£1.80,£0.53/100g,null,spread_jam,2024-11-05
Mamade Prepared Seville Oranges Thin Cut 850G,£2.40,£0.28/100g,null,spread_jam,2024-11-05
Lowicz Plum Butter Jam 290G,£1.90,£0.66/100g,null,spread_jam,2024-11-05
Lyle's Golden Syrup Breakfast 340G,£1.75,£0.52/100g,null,spread_jam,2024-11-05
Hartleys Best Pineapple Jam 340G,£1.70,£0.50/100g,£1.35 Clubcard Price,spread_jam,2024-11-05
Tesco Ginger Preserve 340G,£1.00,£0.29/100g,null,spread_jam,2024-11-05
Pasieka Mulitflower Honey 1Kg,£8.40,£0.84/100g,null,spread_jam,2024-11-05
Rowse Squeezy Manuka Honey 100+ MGO 240g,£9.00,£3.75/100g,£7.00 Clubcard Price,spread_jam,2024-11-05
Rowse Organic Squeezy Honey 680G,£5.70,£0.84/100g,null,spread_jam,2024-11-05
Bonne Maman Apricot Conserve 750g,£5.90,£0.79/100g,null,spread_jam,2024-11-05
Bonne Maman Strawberry Conserve 750g,£5.90,£0.79/100g,null,spread_jam,2024-11-05
Hilltop Hot Honey 340g,£3.50,£3.50/each,£3.00 Clubcard Price,spread_jam,2024-11-05
Meridian Lightly Salted Smooth Peanut Butter 280g,£2.80,£1.00/100g,null,spread_jam,2024-11-05
Meridian Lightly Salted Crunchy Peanut Butter 280g,£2.80,£1.00/100g,null,spread_jam,2024-11-05
Maple Crest Pancake Syrup 330g,£3.00,£0.91/100g,null,spread_jam,2024-11-05
Nuts About Nature 100% Peanut Butter Crunchy No Added Sugar 1Kg,£4.70,£0.47/100g,null,spread_jam,2024-11-05
SKIPPY SuperChunk Peanut Butter 600g,£4.25,£0.71/100g,null,spread_jam,2024-11-05
Nuts About Nature 100% Peanut Butter Smooth No Added Sugar 1Kg,£4.70,£0.47/100g,null,spread_jam,2024-11-05
Sun-Pat Crunchy Peanut Butter 570G,£3.75,£0.66/100g,£3.25 Clubcard Price,spread_jam,2024-11-05
Sun-Pat Smooth Peanut Butter 570G,£3.75,£0.66/100g,£3.25 Clubcard Price,spread_jam,2024-11-05
Bonne Maman Hazelnut Chocolate Spread 360g,£3.60,£1.00/100g,null,spread_jam,2024-11-05
Frank Coopers Original Oxford Marmalade 454G,£3.00,£0.66/100g,£2.50 Clubcard Price,spread_jam,2024-11-05
Manilife Original Roast Smooth Peanut Butter 275g,£4.00,£1.46/100g,Save 25% £3.00 Clubcard Price,spread_jam,2024-11-05
Manilife Deep Roast Crunchy Peanut Butter 275g,£4.00,£1.46/100g,Save 25% £3.00 Clubcard Price,spread_jam,2024-11-05
Manilife Original Roast Crunchy Peanut Butter 275g,£4.00,£1.46/100g,Save 25% £3.00 Clubcard Price,spread_jam,2024-11-05
Marmite Yeast Extract 500G,£5.85,£1.17/100g,null,spread_jam,2024-11-05
Pip & Nut Sweet & Salty Crunchy Peanut Butter 300G,£3.25,£1.08/100g,null,spread_jam,2024-11-05
Pip & Nut Sweet & Salty Smooth Peanut Butter 300G,£3.25,£1.08/100g,null,spread_jam,2024-11-05
Bonne Maman Lemon Curd 360g,£2.90,£0.81/100g,null,spread_jam,2024-11-05
Sun-Pat Smooth Peanut Butter 300g,£2.80,£0.93/100g,null,spread_jam,2024-11-05
Sun-Pat Crunchy Peanut Butter 300g,£2.80,£0.93/100g,null,spread_jam,2024-11-05
Fearne & Rosie Raspberry Preserve 310g,null,null,£2.50 Clubcard Price,spread_jam,2024-11-05
Fearne & Rosie Strawberry Preserve 310g,null,null,£2.50 Clubcard Price,spread_jam,2024-11-05
Fearne & Rosie Superberry Preserve 310g,£3.20,£1.03/100g,£2.50 Clubcard Price,spread_jam,2024-11-05
Hilltop Maple Flavoured Syrup 230G,£2.00,£0.87/100g,null,spread_jam,2024-11-05
Nutella Hazelnut Chocolate Spread 1Kg,£6.95,£0.70/100g,null,spread_jam,2024-11-05
Jimjams Hazelnut Chocolate Spread 350G,£2.80,£0.80/100g,null,spread_jam,2024-11-05
Bonne Maman Caramelised Apple Spread 275g,£2.90,£1.06/100g,£2.00 Clubcard Price,spread_jam,2024-11-05
Bonne Maman Chocolate and Orange Spread 275g,£2.90,£1.06/100g,£2.00 Clubcard Price,spread_jam,2024-11-05
Bonne Maman Crunchy Hazelnut Chocolate Spread 250g,£3.00,£1.20/100g,null,spread_jam,2024-11-05
Hilltop Everyday Blossom Honey 250g,£1.85,£0.74/100g,£1.65 Clubcard Price,spread_jam,2024-11-05
Hartleys Best Apricot Jam 340G,£1.70,£0.50/100g,£1.35 Clubcard Price,spread_jam,2024-11-05
Tesco Apricot Jam 454G,£0.89,£0.20/100g,null,spread_jam,2024-11-05
Tesco Raspberry Jam 454G,£0.89,£0.20/100g,null,spread_jam,2024-11-05
Hilltop Premium Manuka Honey 500+ Mgo 225G,£20.00,£8.89/100g,£18.00 Clubcard Price,spread_jam,2024-11-05
Hilltop Premium Manuka Honey 250+ Mgo 225G,£12.00,£5.33/100g,£10.80 Clubcard Price,spread_jam,2024-11-05
Hilltop Premium Manuka 100+ Mgo Honey Of New Zealand 225G,£8.00,£3.56/100g,£7.20 Clubcard Price,spread_jam,2024-11-05
Nuts About Nature 100% Almond Butter Smooth 340G,£4.70,£1.38/100g,null,spread_jam,2024-11-05
SKIPPY Creamy Extra Smooth Peanut Butter 600g,£4.25,£0.71/100g,null,spread_jam,2024-11-05
Manilife Salted Caramel Peanut Butter 260g,£4.00,£1.54/100g,Save 25% £3.00 Clubcard Price,spread_jam,2024-11-05
Manilife Crunchy Almond Butter 160g,£4.00,£2.50/100g,null,spread_jam,2024-11-05
Manilife Smooth Almond Butter 160g,£4.00,£2.50/100g,null,spread_jam,2024-11-05
Barr Irn Bru 2 Litre Bottle,£1.85,£0.09/100ml,Any 2 for £3 Clubcard Price - Selected Irn Bru Drink 2 Litre,soft_drink,2024-11-05
Irn Bru Xtra 2Ltr,£1.85,£0.09/100ml,Any 2 for £3 Clubcard Price - Selected Irn Bru Drink 2 Litre,soft_drink,2024-11-05
Pepsi Max No Sugar Cola Cans 24x330ml,£10.50,£0.13/100ml,null,soft_drink,2024-11-05
Pepsi Max Cherry No Sugar Cola Cans 24x330ml,£10.50,£0.13/100ml,null,soft_drink,2024-11-05
Coca Cola Regular 24 X 330 Ml Pack,£13.99,£0.18/100ml,null,soft_drink,2024-11-05
Coca-Cola Zero Sugar 24x330ml,£11.00,£0.14/100ml,null,soft_drink,2024-11-05
Diet Coke 24x330ml,£11.00,£0.14/100ml,null,soft_drink,2024-11-05
Pepsi Max No Sugar Cola Cans 8x330ml,£3.99,£0.15/100ml,Any 2 for £6.50 Clubcard Price - Selected Pepsi Max Or Pepsi Diet 330ml,soft_drink,2024-11-05
Coca-Cola Original Taste 8x330ml,£5.49,£0.21/100ml,null,soft_drink,2024-11-05
Fanta Zero Orange 8x330ml,£3.75,£0.14/100ml,Any 2 for £6.50 Clubcard Price - Selected Drinks,soft_drink,2024-11-05
Pepsi Max Cherry No Sugar Cola Bottle 2L,£1.79,£0.09/100ml,Any 2 for £3 Clubcard Price - Selected Pepsi Max Or Pepsi Diet 2 Litre,soft_drink,2024-11-05
Pepsi Max No Sugar Cola Bottle 2L,£1.79,£0.09/100ml,Any 2 for £3 Clubcard Price - Selected Pepsi Max Or Pepsi Diet 2 Litre,soft_drink,2024-11-05
Schweppes Slimline Lemonade 2L,£1.45,£0.07/100ml,Any 3 for £3 Clubcard Price - Schweppes Lemonade,soft_drink,2024-11-05
Coca-Cola Zero Sugar 2L,£1.85,£0.09/100ml,Any 2 for £3 Clubcard Price - Selected Drinks 2 Litre,soft_drink,2024-11-05
Diet Coke 2L,£1.85,£0.09/100ml,Any 2 for £3 Clubcard Price - Selected Drinks 2 Litre,soft_drink,2024-11-05
Diet Coke No Caffeine 2L,£1.85,£0.09/100ml,Any 2 for £3 Clubcard Price - Selected Drinks 2 Litre,soft_drink,2024-11-05
Diet Coke 8X330ml,£4.25,£0.16/100ml,null,soft_drink,2024-11-05
Coca-Cola Zero Sugar 8 x 330ml,£4.25,£0.16/100ml,null,soft_drink,2024-11-05
Tesco Diet Lemonade 330Ml,£0.55,£0.17/100ml,Any 6 for £1.80 Clubcard Price - Selected Tesco Juice Drinks 330ml,soft_drink,2024-11-05
Fanta Orange Zero 2 Litre,£2.00,£0.10/100ml,Any 2 for £3 Clubcard Price - Selected Drinks 2 Litre,soft_drink,2024-11-05
Tesco No Added Sugar Ginger Beer 330Ml,£0.55,£0.17/100ml,Any 6 for £1.80 Clubcard Price - Selected Tesco Juice Drinks 330ml,soft_drink,2024-11-05
Tesco Orange Zero 330Ml,£0.55,£0.17/100ml,Any 6 for £1.80 Clubcard Price - Selected Tesco Juice Drinks 330ml,soft_drink,2024-11-05
Tesco Lemonade 330Ml,£0.55,£0.17/100ml,Any 6 for £1.80 Clubcard Price - Selected Tesco Juice Drinks 330ml,soft_drink,2024-11-05
Old Jamaica Ginger Beer 330Ml,£0.60,£0.18/100ml,null,soft_drink,2024-11-05
Pepsi Max No Sugar Cola Bottle 1.25L,£1.65,£0.13/100ml,£1.25 Clubcard Price,soft_drink,2024-11-05
Schweppes Lemonade 2L,£1.45,£0.07/100ml,Any 3 for £3 Clubcard Price - Schweppes Lemonade,soft_drink,2024-11-05
Coca-Cola Original Taste 1.75L,£2.49,£0.14/100ml,null,soft_drink,2024-11-05
Tesco No Added Sugar Cream Soda 330Ml,£0.55,£0.17/100ml,Any 6 for £1.80 Clubcard Price - Selected Tesco Juice Drinks 330ml,soft_drink,2024-11-05
Tesco Lemon & Lime Zero 330Ml,£0.55,£0.17/100ml,Any 6 for £1.80 Clubcard Price - Selected Tesco Juice Drinks 330ml,soft_drink,2024-11-05
Tesco Classic Cola 2 Litre Bottle,£0.70,£0.04/100ml,null,soft_drink,2024-11-05
Tesco No Added Sugar Cloudy Lemonade 330Ml,£0.55,£0.17/100ml,Any 6 for £1.80 Clubcard Price - Selected Tesco Juice Drinks 330ml,soft_drink,2024-11-05
Tesco No Added Sugar Cloudy Lemonade 2 Litre Bottle,£0.80,£0.04/100ml,null,soft_drink,2024-11-05
Tesco No Added Sugar Bitter Shandy 330Ml,£0.55,£0.17/100ml,Any 6 for £1.80 Clubcard Price - Selected Tesco Juice Drinks 330ml,soft_drink,2024-11-05
Tesco No Added Sugar Pink Lemonade 330Ml,£0.55,£0.17/100ml,Any 6 for £1.80 Clubcard Price - Selected Tesco Juice Drinks 330ml,soft_drink,2024-11-05
Tesco Orange Zero 2 Litre,£0.80,£0.04/100ml,null,soft_drink,2024-11-05
7Up Zero Lemon & Lime 2L,£2.00,£0.10/100ml,null,soft_drink,2024-11-05
Tesco Sparkling Diet Lemonade 2 Litre Bottle,£0.60,£0.03/100ml,null,soft_drink,2024-11-05
Tesco Diet Cola 2 Litre Bottle,£0.49,£0.02/100ml,null,soft_drink,2024-11-05
Tesco Xero Cola 2 Litre,£0.49,£0.02/100ml,null,soft_drink,2024-11-05
Tesco Sparkling Lemonade 2 Litre Bottle,£0.60,£0.03/100ml,null,soft_drink,2024-11-05
Tesco Xero Cola Cherry 2 Litre,£0.49,£0.02/100ml,null,soft_drink,2024-11-05
Stockwell & Co Sugar Free Lemonade 2L,£0.39,£0.02/100ml,null,soft_drink,2024-11-05
Schweppes Lemonade 12x150ml,£5.85,£0.32/100ml,£4.00 Clubcard Price,soft_drink,2024-11-05
Diet Coke No Caffeine 24x330ml,£11.00,£0.14/100ml,null,soft_drink,2024-11-05
Pepsi Max Cherry No Sugar Cola Cans 8x330ml,£3.99,£0.15/100ml,Any 2 for £6.50 Clubcard Price - Selected Pepsi Max Or Pepsi Diet 330ml,soft_drink,2024-11-05
Coca Cola Regular 12 X 150Ml,£6.55,£0.36/100ml,£4.50 Clubcard Price,soft_drink,2024-11-05
Pepsi Max Mango 8X330ml,£3.99,£0.15/100ml,null,soft_drink,2024-11-05
Sprite Zero Sugar 8x330ml,£3.75,£0.14/100ml,Any 2 for £6.50 Clubcard Price - Selected Drinks,soft_drink,2024-11-05
Dr Pepper 8x330ml,£3.75,£0.14/100ml,Any 2 for £6.50 Clubcard Price - Selected Drinks,soft_drink,2024-11-05
Dr Pepper Zero 2L,£2.00,£0.10/100ml,Any 2 for £3 Clubcard Price - Selected Drinks 2 Litre,soft_drink,2024-11-05
Diet Pepsi Cola Bottle 2L,£1.79,£0.09/100ml,Any 2 for £3 Clubcard Price - Selected Pepsi Max Or Pepsi Diet 2 Litre,soft_drink,2024-11-05
Pepsi Max No Caffeine No Sugar Cola Bottle 2L,£1.79,£0.09/100ml,Any 2 for £3 Clubcard Price - Selected Pepsi Max Or Pepsi Diet 2 Litre,soft_drink,2024-11-05
Fanta Orange 8X 330Ml,£3.75,£0.14/100ml,Any 2 for £6.50 Clubcard Price - Selected Drinks,soft_drink,2024-11-05
Coca-Cola Zero Sugar Zero Caffeine 2L,£1.85,£0.09/100ml,Any 2 for £3 Clubcard Price - Selected Drinks 2 Litre,soft_drink,2024-11-05
Sprite Zero Sugar 2L,£2.00,£0.10/100ml,Any 2 for £3 Clubcard Price - Selected Drinks 2 Litre,soft_drink,2024-11-05
Monster Energy Drink Ultra Rosa 500ml,£1.85,£0.37/100ml,"£5 Meal Deal Clubcard Price £5.50 Meal Deal Regular Price - Selected Drink + Snack + Tesco Finest* Or Branded Sandwich, Wrap, Roll, Salad Or Sushi",soft_drink,2024-11-05
Barr Irn Bru 2 Litre Bottle,£1.85,£0.09/100ml,Any 2 for £3 Clubcard Price - Selected Irn Bru Drink 2 Litre,soft_drink,2024-11-05
Coca-Cola Original Taste 1.25L,£1.60,£0.13/100ml,null,soft_drink,2024-11-05
Fanta Orange 2L,£2.00,£0.10/100ml,Any 2 for £3 Clubcard Price - Selected Drinks 2 Litre,soft_drink,2024-11-05
Fanta Fruit Twist 2L,£2.00,£0.10/100ml,Any 2 for £3 Clubcard Price - Selected Drinks 2 Litre,soft_drink,2024-11-05
Dr Pepper 2L,£2.00,£0.10/100ml,Any 2 for £3 Clubcard Price - Selected Drinks 2 Litre,soft_drink,2024-11-05
Fanta Lemon 2L,£2.00,£0.10/100ml,Any 2 for £3 Clubcard Price - Selected Drinks 2 Litre,soft_drink,2024-11-05
Pepsi Max Mango 1.25L,£1.65,£0.13/100ml,£1.25 Clubcard Price,soft_drink,2024-11-05
Tesco Diet Caffiene Free Cola 2 Litre,£0.70,£0.04/100ml,null,soft_drink,2024-11-05
Fanta Orange 150ml,£0.65,£0.43/100ml,Any 5 for £2.50 Clubcard Price - Selected Drinks Mini Cans 150ml,soft_drink,2024-11-05
Lipton Ice Tea Peach Bottle 1.25L,£2.20,£0.18/100ml,£1.50 Clubcard Price,soft_drink,2024-11-05
Tesco Lemon And Lime Zero 2 Litre,£0.80,£0.04/100ml,null,soft_drink,2024-11-05
Tesco No Added Sugar Smooth Cream Soda 2 Litre,£0.80,£0.04/100ml,null,soft_drink,2024-11-05
Tesco No Added Sugar Fiery Ginger Beer 2 Litre Bottle,£0.80,£0.04/100ml,null,soft_drink,2024-11-05
Tesco No Added Sugar Dandelion And Burdock 2L,£0.80,£0.04/100ml,null,soft_drink,2024-11-05
Tesco Fizzio Zero 2 Litre,£0.80,£0.04/100ml,null,soft_drink,2024-11-05
Tesco No Added Sugar Pink Lemonade 2L,£0.80,£0.04/100ml,null,soft_drink,2024-11-05
Tesco Mango Zero 2 Litre,£0.80,£0.04/100ml,null,soft_drink,2024-11-05
Stockwell & Co Sugar Free Cola 2L,£0.39,£0.02/100ml,null,soft_drink,2024-11-05
7UP Zero Sugar Lemon & Lime Cans 24 x 330ml,£10.00,£0.13/100ml,null,soft_drink,2024-11-05
Bundaberg Ginger Beer 4 X 375Ml,£6.20,£0.41/100ml,null,soft_drink,2024-11-05
Diet Pepsi Cola Cans 24x330ml,£10.50,£0.13/100ml,null,soft_drink,2024-11-05
7UP Zero Sugar Lemon & Lime Cans 18 x 330ml,£7.75,£0.13/100ml,£5.50 Clubcard Price,soft_drink,2024-11-05
San Pellegrino Orange Soft Drink Multipack 6x330ml,£4.80,£0.24/100ml,£3.50 Clubcard Price,soft_drink,2024-11-05
San Pellegrino Lemon Soft Drink Multipack 6x330ml,£4.80,£0.24/100ml,£3.50 Clubcard Price,soft_drink,2024-11-05
Diet Coke 12 X 150Ml,£5.85,£0.32/100ml,£4.00 Clubcard Price,soft_drink,2024-11-05
Pepsi Max No Caffeine No Sugar Cola Cans 8x330ml,£3.99,£0.15/100ml,Any 2 for £6.50 Clubcard Price - Selected Pepsi Max Or Pepsi Diet 330ml,soft_drink,2024-11-05
Diet Pepsi Cola Cans 8x330ml,£3.99,£0.15/100ml,Any 2 for £6.50 Clubcard Price - Selected Pepsi Max Or Pepsi Diet 330ml,soft_drink,2024-11-05
Fanta Zero Fruit Twist 8x330ml,£3.75,£0.14/100ml,Any 2 for £6.50 Clubcard Price - Selected Drinks,soft_drink,2024-11-05
Barr Irn-Bru Soft Drink 8 X 330Ml,£4.20,£0.16/100ml,£3.00 Clubcard Price,soft_drink,2024-11-05
Pepsi Max Lime No Sugar Cola Bottle 2L,£1.79,£0.09/100ml,Any 2 for £3 Clubcard Price - Selected Pepsi Max Or Pepsi Diet 2 Litre,soft_drink,2024-11-05
Irn Bru Xtra 8X330ml,£4.20,£0.16/100ml,£3.00 Clubcard Price,soft_drink,2024-11-05
Irn Bru Xtra 2Ltr,£1.85,£0.09/100ml,Any 2 for £3 Clubcard Price - Selected Irn Bru Drink 2 Litre,soft_drink,2024-11-05
Oasis Summer Fruits 1.5L,£1.75,£0.12/100ml,null,soft_drink,2024-11-05
Sprite 2L,£2.00,£0.10/100ml,Any 2 for £3 Clubcard Price - Selected Drinks 2 Litre,soft_drink,2024-11-05
Diet Coke 1.25L,£1.60,£0.13/100ml,PRINGLES & Meal Deal for £2.50 Clubcard Price - Buy 1 Pringles And 1 Coke,soft_drink,2024-11-05
Vimto Regular 2 Litre Bottle,£1.65,£0.08/100ml,£1.00 Clubcard Price,soft_drink,2024-11-05
Coca-Cola Original Taste 150ml,£0.70,£0.47/100ml,null,soft_drink,2024-11-05
Coca-Cola Zero Sugar 1.25L,£1.60,£0.13/100ml,PRINGLES & Meal Deal for £2.50 Clubcard Price - Buy 1 Pringles And 1 Coke,soft_drink,2024-11-05
Diet Coke 500Ml,£1.69,£0.34/100ml,"£5 Meal Deal Clubcard Price £5.50 Meal Deal Regular Price - Selected Drink + Snack + Tesco Finest* Or Branded Sandwich, Wrap, Roll, Salad Or Sushi",soft_drink,2024-11-05
Coca-Cola Original Taste 500ml,£1.95,£0.39/100ml,"£5 Meal Deal Clubcard Price £5.50 Meal Deal Regular Price - Selected Drink + Snack + Tesco Finest* Or Branded Sandwich, Wrap, Roll, Salad Or Sushi",soft_drink,2024-11-05
Pepsi Max Cherry No Sugar Cola Bottle 1.25L,£1.65,£0.13/100ml,£1.25 Clubcard Price,soft_drink,2024-11-05
Dr Pepper 150ml,£0.65,£0.43/100ml,Any 5 for £2.50 Clubcard Price - Selected Drinks Mini Cans 150ml,soft_drink,2024-11-05
Diet Coke 150Ml,£0.65,£0.43/100ml,Any 5 for £2.50 Clubcard Price - Selected Drinks Mini Cans 150ml,soft_drink,2024-11-05
Coca Cola Zero Sugar 150Ml,£0.65,£0.43/100ml,Any 5 for £2.50 Clubcard Price - Selected Drinks Mini Cans 150ml,soft_drink,2024-11-05
Coca-Cola Cherry 1.75L,£2.49,£0.14/100ml,null,soft_drink,2024-11-05
Rubicon Sparkling Mango Juice Drink 330Ml Can,£0.70,£0.21/100ml,null,soft_drink,2024-11-05
Lipton Ice Tea Lemon Bottle 1.25L,£2.20,£0.18/100ml,£1.50 Clubcard Price,soft_drink,2024-11-05
Tango Orange Original Bottle 2L,£2.00,£0.10/100ml,null,soft_drink,2024-11-05
Tango Apple Sugar Free Bottle 2L,£2.00,£0.10/100ml,null,soft_drink,2024-11-05
R.White's Lemonade Cans 24x330ml,£9.50,£0.12/100ml,null,soft_drink,2024-11-05
Tango Orange Original Cans 24x330ml,£10.00,£0.13/100ml,null,soft_drink,2024-11-05
Tango Apple Sugar Free Cans 24 x 330ml,£10.00,£0.13/100ml,null,soft_drink,2024-11-05
Sprite 18x330ml,£8.00,£0.14/100ml,null,soft_drink,2024-11-05
Dr Pepper 18x330ml,£7.80,£0.13/100ml,null,soft_drink,2024-11-05
Fanta Orange 18 X 330Ml,£8.10,£0.14/100ml,null,soft_drink,2024-11-05
Cawston Press Elderflower Lemonade 4X330ml,£4.50,£0.34/100ml,null,soft_drink,2024-11-05
Coca-Cola Original Taste 4x250ml,£4.70,£0.47/100ml,"TESCO FINEST* Meal Deal for £12 Clubcard Price - Buy 1 Main, 1 Side 1 Dessert, & 1 Drink",soft_drink,2024-11-05
Pepsi Max Lime No Sugar Cola Cans 8x330ml,£3.99,£0.15/100ml,null,soft_drink,2024-11-05
Belvoir Raspberry Lemonade 75Cl (L,£3.25,£0.43/100ml,null,soft_drink,2024-11-05
Coca-Cola Cherry 8x330ml,£5.49,£0.21/100ml,null,soft_drink,2024-11-05
Coca Cola Zero 4X330ml Can,£3.35,£0.25/100ml,null,soft_drink,2024-11-05
Diet Coke 6 X 250Ml,£3.50,£0.23/100ml,null,soft_drink,2024-11-05
Coca-Cola Zero Sugar 6x250ml,£3.50,£0.23/100ml,null,soft_drink,2024-11-05
Fever Tree Sparkling Refreshingly Raspberry Lemonade soft drink 500Ml,£2.10,£0.42/100ml,£1.60 Clubcard Price,soft_drink,2024-11-05
Fever Tree Light Sicilian Lemonade 500Ml,£2.10,£0.42/100ml,£1.60 Clubcard Price,soft_drink,2024-11-05
Fanta Orange 500 M,£1.80,£0.36/100ml,"£5 Meal Deal Clubcard Price £5.50 Meal Deal Regular Price - Selected Drink + Snack + Tesco Finest* Or Branded Sandwich, Wrap, Roll, Salad Or Sushi",soft_drink,2024-11-05
Oasis Citrus Punch 500ml,£1.90,£0.38/100ml,"£5 Meal Deal Clubcard Price £5.50 Meal Deal Regular Price - Selected Drink + Snack + Tesco Finest* Or Branded Sandwich, Wrap, Roll, Salad Or Sushi",soft_drink,2024-11-05
Tango Apple Sugar Free Bottle 500ml,£1.60,£0.32/100ml,"£5 Meal Deal Clubcard Price £5.50 Meal Deal Regular Price - Selected Drink + Snack + Tesco Finest* Or Branded Sandwich, Wrap, Roll, Salad Or Sushi",soft_drink,2024-11-05
Pepsi Max No Sugar Cola Bottle 500ml,£1.55,£0.31/100ml,"£5 Meal Deal Clubcard Price £5.50 Meal Deal Regular Price - Selected Drink + Snack + Tesco Finest* Or Branded Sandwich, Wrap, Roll, Salad Or Sushi",soft_drink,2024-11-05
Dr Pepper Regular 500 M,£1.69,£0.34/100ml,"£5 Meal Deal Clubcard Price £5.50 Meal Deal Regular Price - Selected Drink + Snack + Tesco Finest* Or Branded Sandwich, Wrap, Roll, Salad Or Sushi",soft_drink,2024-11-05
Oasis Summer Fruits 500 M,£1.90,£0.38/100ml,"£5 Meal Deal Clubcard Price £5.50 Meal Deal Regular Price - Selected Drink + Snack + Tesco Finest* Or Branded Sandwich, Wrap, Roll, Salad Or Sushi",soft_drink,2024-11-05
Coca-Cola Zero Sugar 500ml,£1.69,£0.34/100ml,"£5 Meal Deal Clubcard Price £5.50 Meal Deal Regular Price - Selected Drink + Snack + Tesco Finest* Or Branded Sandwich, Wrap, Roll, Salad Or Sushi",soft_drink,2024-11-05
Fanta Orange Zero 500Ml,£1.90,£0.38/100ml,"£5 Meal Deal Clubcard Price £5.50 Meal Deal Regular Price - Selected Drink + Snack + Tesco Finest* Or Branded Sandwich, Wrap, Roll, Salad Or Sushi",soft_drink,2024-11-05
Pepsi Max Cherry No Sugar Cola Bottle 500ml,£1.55,£0.31/100ml,"£5 Meal Deal Clubcard Price £5.50 Meal Deal Regular Price - Selected Drink + Snack + Tesco Finest* Or Branded Sandwich, Wrap, Roll, Salad Or Sushi",soft_drink,2024-11-05
Pepsi Max Lime No Sugar Cola Bottle 1.25L,£1.65,£0.13/100ml,£1.25 Clubcard Price,soft_drink,2024-11-05
Coca Cola Zero Sugar Vanilla 2L,£1.85,£0.09/100ml,Any 2 for £3 Clubcard Price - Selected Drinks 2 Litre,soft_drink,2024-11-05
Coca-Cola Zero Sugar Cherry 2L,£1.85,£0.09/100ml,Any 2 for £3 Clubcard Price - Selected Drinks 2 Litre,soft_drink,2024-11-05
Rubicon Sparkling Lychee Juice Drink 330Ml Can,£0.70,£0.21/100ml,null,soft_drink,2024-11-05
Barr American Cream Soda 24X330ml,£8.40,£0.11/100ml,null,soft_drink,2024-11-05
Barr Cherryade 24 X 330Ml,£8.40,£0.11/100ml,null,soft_drink,2024-11-05
Rubicon Sparkling Mango 24 X 330Ml,£9.50,£0.12/100ml,null,soft_drink,2024-11-05
Rubicon Sparkling Passion 24X330ml,£9.50,£0.12/100ml,null,soft_drink,2024-11-05
Coca-Cola Diet Coke 4X1.5L,£5.00,£0.08/100ml,null,soft_drink,2024-11-05
Coca Cola Zero 4 X 1.5 Litre,£5.00,£0.08/100ml,null,soft_drink,2024-11-05
Coca-Cola Zero Sugar 4x250ml,£4.40,£0.44/100ml,"TESCO FINEST* Meal Deal for £12 Clubcard Price - Buy 1 Main, 1 Side 1 Dessert, & 1 Drink",soft_drink,2024-11-05
Diet Coke 4x250ml,£4.40,£0.44/100ml,"TESCO FINEST* Meal Deal for £12 Clubcard Price - Buy 1 Main, 1 Side 1 Dessert, & 1 Drink",soft_drink,2024-11-05
Rubicon Sparkling Mango Drink 18 X 330Ml,null,null,null,soft_drink,2024-11-05
Sprite 500ml,£1.90,£0.38/100ml,"£5 Meal Deal Clubcard Price £5.50 Meal Deal Regular Price - Selected Drink + Snack + Tesco Finest* Or Branded Sandwich, Wrap, Roll, Salad Or Sushi",soft_drink,2024-11-05
Fanta Lemon 500 M,£1.80,£0.36/100ml,"£5 Meal Deal Clubcard Price £5.50 Meal Deal Regular Price - Selected Drink + Snack + Tesco Finest* Or Branded Sandwich, Wrap, Roll, Salad Or Sushi",soft_drink,2024-11-05
Tango Orange Original Bottle 500ml,£1.60,£0.32/100ml,"£5 Meal Deal Clubcard Price £5.50 Meal Deal Regular Price - Selected Drink + Snack + Tesco Finest* Or Branded Sandwich, Wrap, Roll, Salad Or Sushi",soft_drink,2024-11-05
Fanta Fruit Twist 500ml,£1.80,£0.36/100ml,"£5 Meal Deal Clubcard Price £5.50 Meal Deal Regular Price - Selected Drink + Snack + Tesco Finest* Or Branded Sandwich, Wrap, Roll, Salad Or Sushi",soft_drink,2024-11-05
Diet Coke Caffeine Free 500 M,£1.69,£0.34/100ml,"£5 Meal Deal Clubcard Price £5.50 Meal Deal Regular Price - Selected Drink + Snack + Tesco Finest* Or Branded Sandwich, Wrap, Roll, Salad Or Sushi",soft_drink,2024-11-05
Orangina 420Ml,£1.70,£0.40/100ml,"£5 Meal Deal Clubcard Price £5.50 Meal Deal Regular Price - Selected Drink + Snack + Tesco Finest* Or Branded Sandwich, Wrap, Roll, Salad Or Sushi",soft_drink,2024-11-05
Pepsi Max Lime No Sugar Cola Bottle 500ml,£1.55,£0.31/100ml,"£5 Meal Deal Clubcard Price £5.50 Meal Deal Regular Price - Selected Drink + Snack + Tesco Finest* Or Branded Sandwich, Wrap, Roll, Salad Or Sushi",soft_drink,2024-11-05
Lipton Ice Tea Lemon Bottle 500ml,£1.65,£0.33/100ml,"£5 Meal Deal Clubcard Price £5.50 Meal Deal Regular Price - Selected Drink + Snack + Tesco Finest* Or Branded Sandwich, Wrap, Roll, Salad Or Sushi",soft_drink,2024-11-05
Dr Pepper Zero 500Ml,£1.70,£0.34/100ml,"£5 Meal Deal Clubcard Price £5.50 Meal Deal Regular Price - Selected Drink + Snack + Tesco Finest* Or Branded Sandwich, Wrap, Roll, Salad Or Sushi",soft_drink,2024-11-05
Coca-Cola Zero Sugar Cherry 500ml,£1.69,£0.34/100ml,"£5 Meal Deal Clubcard Price £5.50 Meal Deal Regular Price - Selected Drink + Snack + Tesco Finest* Or Branded Sandwich, Wrap, Roll, Salad Or Sushi",soft_drink,2024-11-05
Harry Bromptons Black Ice Tea With Lemon & Lime 500Ml,£1.65,£0.33/100ml,"£5 Meal Deal Clubcard Price £5.50 Meal Deal Regular Price - Selected Drink + Snack + Tesco Finest* Or Branded Sandwich, Wrap, Roll, Salad Or Sushi",soft_drink,2024-11-05
Ribena Blackcurrant Light Bottle 500 M,£1.55,£0.31/100ml,"£5 Meal Deal Clubcard Price £5.50 Meal Deal Regular Price - Selected Drink + Snack + Tesco Finest* Or Branded Sandwich, Wrap, Roll, Salad Or Sushi",soft_drink,2024-11-05
Ribena Blackcurrant Bottle 500 M,£1.55,£0.31/100ml,"£5 Meal Deal Clubcard Price £5.50 Meal Deal Regular Price - Selected Drink + Snack + Tesco Finest* Or Branded Sandwich, Wrap, Roll, Salad Or Sushi",soft_drink,2024-11-05
Barr Irn Bru 500 M,£1.25,£0.25/100ml,"£5 Meal Deal Clubcard Price £5.50 Meal Deal Regular Price - Selected Drink + Snack + Tesco Finest* Or Branded Sandwich, Wrap, Roll, Salad Or Sushi",soft_drink,2024-11-05
Vimto Regular Still 500Ml,£1.15,£0.23/100ml,"£5 Meal Deal Clubcard Price £5.50 Meal Deal Regular Price - Selected Drink + Snack + Tesco Finest* Or Branded Sandwich, Wrap, Roll, Salad Or Sushi",soft_drink,2024-11-05
Robinsons Ready To Drink Blackberry & Blueberry Juice Drink 500ml,£1.15,£0.23/100ml,"£5 Meal Deal Clubcard Price £5.50 Meal Deal Regular Price - Selected Drink + Snack + Tesco Finest* Or Branded Sandwich, Wrap, Roll, Salad Or Sushi",soft_drink,2024-11-05
Rubicon Sparkling Mango Juice Drink 2 Litre Bottle,£2.00,£0.10/100ml,null,soft_drink,2024-11-05
Rubicon Sparkling Passion Fruit Juice Drink 2 Litre,£2.00,£0.10/100ml,null,soft_drink,2024-11-05
Rubicon Sparkling Lychee Juice Drink 2 Litre Bottle,£2.00,£0.10/100ml,null,soft_drink,2024-11-05
Rubicon Sparkling Zero Added Sugar Mango 2 Litre,£1.80,£0.09/100ml,null,soft_drink,2024-11-05
Rubicon Mango 6X330ml,£2.90,£0.15/100ml,null,soft_drink,2024-11-05
Barr Pineapple No Sugar 24X330ml,£8.40,£0.11/100ml,null,soft_drink,2024-11-05
Tango Orange Original Cans 18x330ml,£7.75,£0.13/100ml,£5.50 Clubcard Price,soft_drink,2024-11-05
San Pellegrino Blood Orange Soft Drink Multipack 6x330ml,£4.80,£0.24/100ml,£3.50 Clubcard Price,soft_drink,2024-11-05
Diet Coke 15x330ml,£7.90,£0.16/100ml,Any 2 for £9 Clubcard Price - Selected Pepsi Or Coke,soft_drink,2024-11-05
Pepsi Max 12 X 330Ml,£6.00,£0.15/100ml,Any 2 for £9 Clubcard Price - Selected Pepsi Or Coke,soft_drink,2024-11-05
Coca-Cola Zero Sugar 15x330ml,£7.90,£0.16/100ml,Any 2 for £9 Clubcard Price - Selected Pepsi Or Coke,soft_drink,2024-11-05
Coca Cola Zero Sugar 12 X 150Ml,£5.85,£0.32/100ml,£4.00 Clubcard Price,soft_drink,2024-11-05
Fanta Fruit Twist Soft Drink 150ml,£0.65,£0.43/100ml,Any 5 for £2.50 Clubcard Price - Selected Drinks Mini Cans 150ml,soft_drink,2024-11-05
Fanta Lemon 8 X 330Ml,null,null,Any 2 for £6.50 Clubcard Price - Selected Drinks,soft_drink,2024-11-05
Diet Coke Caffeine Free 8X330ml,£4.25,£0.16/100ml,null,soft_drink,2024-11-05
Tesco Diet Cola 8x330ml,null,null,null,soft_drink,2024-11-05
Diet Coke 4X330ml 4X330ml,£3.35,£0.25/100ml,null,soft_drink,2024-11-05
Tesco Xero Cola 8x330ml,£2.50,£0.10/100ml,null,soft_drink,2024-11-05
Pepsi Max No Sugar Cola Soft Drink 4 x 330ml,£3.35,£0.25/100ml,null,soft_drink,2024-11-05
Tango Mango Sugar Free Bottle 500ml,£1.60,£0.32/100ml,"£5 Meal Deal Clubcard Price £5.50 Meal Deal Regular Price - Selected Drink + Snack + Tesco Finest* Or Branded Sandwich, Wrap, Roll, Salad Or Sushi",soft_drink,2024-11-05
Pepsi Max No Sugar Cherry Cola Soft Drink 4 x 330ml,£3.35,£0.25/100ml,null,soft_drink,2024-11-05
Coca-Cola Lemon Zero Sugar 500ml,£1.69,£0.34/100ml,"£5 Meal Deal Clubcard Price £5.50 Meal Deal Regular Price - Selected Drink + Snack + Tesco Finest* Or Branded Sandwich, Wrap, Roll, Salad Or Sushi",soft_drink,2024-11-05
Lucozade Energy Zero Pink Lemonade 500Ml,£1.75,£0.35/100ml,"£5 Meal Deal Clubcard Price £5.50 Meal Deal Regular Price - Selected Drink + Snack + Tesco Finest* Or Branded Sandwich, Wrap, Roll, Salad Or Sushi",soft_drink,2024-11-05
Fanta Zero Pineapple & Grapefruit 2L,£2.00,£0.10/100ml,Any 2 for £3 Clubcard Price - Selected Drinks 2 Litre,soft_drink,2024-11-05
Harry Brompton's Black Ice Tea With Peach 500Ml,£1.65,£0.33/100ml,"£5 Meal Deal Clubcard Price £5.50 Meal Deal Regular Price - Selected Drink + Snack + Tesco Finest* Or Branded Sandwich, Wrap, Roll, Salad Or Sushi",soft_drink,2024-11-05
Coca-Cola Zero Sugar Oreo 250ml,£1.00,£0.40/100ml,"£5 Meal Deal Clubcard Price £5.50 Meal Deal Regular Price - Selected Drink + Snack + Tesco Finest* Or Branded Sandwich, Wrap, Roll, Salad Or Sushi",soft_drink,2024-11-05
Tango Orange Original Can 150ml,£0.60,£0.40/100ml,Any 5 for £2.50 Clubcard Price - Selected Drinks Mini Cans 150ml,soft_drink,2024-11-05
Barr Lemonade 24 x 330ml,£8.40,£0.11/100ml,null,soft_drink,2024-11-05
Tango Apple Sugar Free Cans 18x330ml,£7.75,£0.13/100ml,£5.50 Clubcard Price,soft_drink,2024-11-05
Tango Mango Sugar Free Soft Drink 24 x 330ml,£10.00,£0.13/100ml,null,soft_drink,2024-11-05
7UP Zero Sugar Lemon & Lime Cans 8 x 330ml,£3.70,£0.14/100ml,null,soft_drink,2024-11-05
Tango Apple Sugar Free Cans 8 x 330ml,£3.75,£0.14/100ml,null,soft_drink,2024-11-05
Tango Orange Original Cans 8 x 330ml,£3.75,£0.14/100ml,null,soft_drink,2024-11-05
Tango Mango Sugar Free Cans 8 x 330ml,£3.75,£0.14/100ml,null,soft_drink,2024-11-05
Sprite 4X330ml,£3.35,£0.25/100ml,OEP FAJITA KIT Meal Deal for £5 Clubcard Price - Buy 1 Oep Fajita Kit And 1 Sprite 4 Pack,soft_drink,2024-11-05
7UP Zero Sugar Lemon & Lime Bottle 500ml,£1.60,£0.32/100ml,"£5 Meal Deal Clubcard Price £5.50 Meal Deal Regular Price - Selected Drink + Snack + Tesco Finest* Or Branded Sandwich, Wrap, Roll, Salad Or Sushi",soft_drink,2024-11-05
Dr Pepper 4X330ml,£3.35,£0.25/100ml,null,soft_drink,2024-11-05
Fanta Orange 4X330ml,£3.35,£0.25/100ml,null,soft_drink,2024-11-05
Tango Apple Sugar Free Can 150ml,£0.60,£0.40/100ml,Any 5 for £2.50 Clubcard Price - Selected Drinks Mini Cans 150ml,soft_drink,2024-11-05
7 Up Zero Sugar Lemon & Lime Soft Drink 150ml,£0.60,£0.40/100ml,Any 5 for £2.50 Clubcard Price - Selected Drinks Mini Cans 150ml,soft_drink,2024-11-05
Fanta Lemon 150ml,£0.65,£0.43/100ml,Any 5 for £2.50 Clubcard Price - Selected Drinks Mini Cans 150ml,soft_drink,2024-11-05
Tango Mango Sugar Free Bottle 2L,£2.00,£0.10/100ml,null,soft_drink,2024-11-05
Pepsi Max No Sugar Mango 24 X 330Ml,£10.50,£0.13/100ml,null,soft_drink,2024-11-05
Pepsi Max No Caffeine No Sugar Cola Cans 24x330ml,null,null,null,soft_drink,2024-11-05
Coca-Cola Zero Sugar Zero Caffeine Soft Drink 24 x 330ml,£11.00,£0.14/100ml,null,soft_drink,2024-11-05
Coca Cola Zero Sugar Zero Caffeine 8X330ml,null,null,null,soft_drink,2024-11-05
Pepsi Max Cherry 330Ml X 12 Cans,£6.00,£0.15/100ml,Any 2 for £9 Clubcard Price - Selected Pepsi Or Coke,soft_drink,2024-11-05
Pepsi Max Mango 2L,£1.79,£0.09/100ml,Any 2 for £3 Clubcard Price - Selected Pepsi Max Or Pepsi Diet 2 Litre,soft_drink,2024-11-05
PEPSI REGULAR 8X330ML,£4.75,£0.18/100ml,null,soft_drink,2024-11-05
Tesco Classic Cola 8 x 330ml,£2.80,£0.11/100ml,null,soft_drink,2024-11-05
Pepsi Max No Sugar Cola Soft Drink 150ml,£0.60,£0.40/100ml,Any 5 for £2.50 Clubcard Price - Selected Drinks Mini Cans 150ml,soft_drink,2024-11-05
Coca-Cola Zero Sugar Cherry 8 x 330ml,£4.25,£0.16/100ml,null,soft_drink,2024-11-05
Coca-Cola Lemon Zero Sugar 8 x 330ml,£4.25,£0.16/100ml,null,soft_drink,2024-11-05
Pepsi Cola Bottle 2L,£2.20,£0.11/100ml,null,soft_drink,2024-11-05
Coca-Cola Lemon 500ml,£1.95,£0.39/100ml,"£5 Meal Deal Clubcard Price £5.50 Meal Deal Regular Price - Selected Drink + Snack + Tesco Finest* Or Branded Sandwich, Wrap, Roll, Salad Or Sushi",soft_drink,2024-11-05
Coca-Cola Lemon Zero Sugar 2L,£1.85,£0.09/100ml,Any 2 for £3 Clubcard Price - Selected Drinks 2 Litre,soft_drink,2024-11-05
Pepsi Max No Sugar Cherry Cola Soft Drink 150ml,£0.60,£0.40/100ml,Any 5 for £2.50 Clubcard Price - Selected Drinks Mini Cans 150ml,soft_drink,2024-11-05
Coca-Cola Lemon 1.75L,£2.49,£0.14/100ml,null,soft_drink,2024-11-05
Coca-Cola Lemon Zero Sugar Soft Drink 150ml,£0.65,£0.43/100ml,Any 5 for £2.50 Clubcard Price - Selected Drinks Mini Cans 150ml,soft_drink,2024-11-05
NESTLE PURE LIFE STILL WATER 24x500ML BULK PACK,£4.50,£0.04/100ml,null,water,2024-11-05
Buxton Sparkling Natural Mineral Water Multipack 6x1L,£3.95,£0.07/100ml,null,water,2024-11-05
Buxton Still Natural Mineral Water Multipack 8x500ml,£2.50,£0.06/100ml,null,water,2024-11-05
Highland Spring Sparkling Water 6 X 1L,£4.10,£0.07/100ml,null,water,2024-11-05
Ice Valley Spring Water Still 24X500ml,£4.00,£0.03/100ml,null,water,2024-11-05
Evian Natural Bottled Mineral Still Water Multipack 6x1.5L,£5.50,£0.06/100ml,£4.50 Clubcard Price,water,2024-11-05
Buxton Sparkling Natural Mineral Water Multipack 8x500ml,£3.00,£0.08/100ml,null,water,2024-11-05
Highland Spring Still Water 6 X 1.5 Ltrs,£4.10,£0.05/100ml,null,water,2024-11-05
Highland Spring Still Bottled Water 12 X 500Ml,£3.50,£0.06/100ml,£3.00 Clubcard Price,water,2024-11-05
Tesco Elmhurst English Still Water 6 X 2 Litre,£2.70,£0.02/100ml,null,water,2024-11-05
Tesco Ashbeck Still Water 5Ltr,£1.50,£0.03/100ml,null,water,2024-11-05
Buxton Still Natural Mineral Water Multipack 6x1.5L,£4.25,£0.05/100ml,null,water,2024-11-05
Tesco Ashbeck Still Water 2Ltr,£0.80,£0.04/100ml,null,water,2024-11-05
Nestle Pure Life Still Spring Water Multipack 12x500ml,£2.35,£0.04/100ml,null,water,2024-11-05
Tesco Elmhurst English Natural Mineral Sparkling Water 2L,£0.85,£0.04/100ml,null,water,2024-11-05
Tesco Lemon & Lime Still Flavoured Water 1Ltr,£0.75,£0.08/100ml,null,water,2024-11-05
Tesco Summer Fruits Still Flavoured Water 1L,£0.75,£0.08/100ml,null,water,2024-11-05
Tesco Strawberry Still Flavoured Water 1Ltr,£0.75,£0.08/100ml,null,water,2024-11-05
Tesco Still Pear & Plum Flavoured Water 1L,£0.75,£0.08/100ml,null,water,2024-11-05
Tesco Sparkling Water Lemon & Lime 1 Litre,£0.75,£0.08/100ml,null,water,2024-11-05
Tesco Elmhurst Natural Mineral Still Water 12X500ml,null,null,null,water,2024-11-05
Highland Spring Sparkling Water 1.5Ltr,£1.10,£0.07/100ml,null,water,2024-11-05
Volvic Touch of Fruit Strawberry Sugar Free Still Flavoured Water 1.5L,£1.40,£0.09/100ml,£1.00 Clubcard Price,water,2024-11-05
Volvic Touch of Fruit Summer Fruits Sugar Free Still Flavoured Water 1.5L,£1.40,£0.09/100ml,£1.00 Clubcard Price,water,2024-11-05
Tesco Sparkling Water 6X500ml,£1.40,£0.05/100ml,null,water,2024-11-05
Tesco Sparkling Water Apple & Raspberry 1 Litre,£0.75,£0.08/100ml,null,water,2024-11-05
Tesco Orange & Peach Still Flavoured Water 1Ltr,£0.75,£0.08/100ml,null,water,2024-11-05
Tesco Apple & Elderflower Sparkling Water 1 Litre,£0.75,£0.08/100ml,null,water,2024-11-05
Tesco Sparkling Water White Grape & Blackberry 1 Litre,£0.75,£0.08/100ml,null,water,2024-11-05
Tesco Peach & Passion Fruit Sparkling Water 1L,£0.75,£0.08/100ml,null,water,2024-11-05
Tesco Strawberry Sparkling Flavoured Water 1 Litre,£0.75,£0.08/100ml,null,water,2024-11-05
Tesco Summer Fruits Sparkling Flavoured Water 1 Litre,£0.75,£0.08/100ml,null,water,2024-11-05
Tesco Elmhurst Natural Mineral Sparkling Water 4X2ltr,£1.90,£0.02/100ml,null,water,2024-11-05
San Pellegrino Sparkling Natural Mineral Water Multipack 6x1L,£6.50,£0.11/100ml,null,water,2024-11-05
Highland Spring Still Water 10L,null,null,null,water,2024-11-05
San Pellegrino Sparkling Natural Mineral Water Glass Bottle 750ml,£1.75,£0.23/100ml,null,water,2024-11-05
Highland Still Spring Water 12 X 330Ml,£3.50,£0.09/100ml,null,water,2024-11-05
Aqua Pura Still Natural Mineral Water 12 x 500ml,£3.25,£0.05/100ml,null,water,2024-11-05
Highland Spring Sparkling Water 8X500ml,£3.00,£0.08/100ml,£2.50 Clubcard Price,water,2024-11-05
Hydr8 Still Scottish Mountain Water,£1.75,£0.04/100ml,null,water,2024-11-05
San Pellegrino Sparkling Natural Mineral Water 6x500ml,£4.25,£0.14/100ml,null,water,2024-11-05
Highland Spring Still Water 1.5 Litre,£1.00,£0.07/100ml,null,water,2024-11-05
Evian Natural Bottled Mineral Still Water 1L,£1.15,£0.12/100ml,null,water,2024-11-05
Buxton Sparkling Natural Mineral Water Multipack 6x1L,£3.95,£0.07/100ml,null,water,2024-11-05
Tesco Water Splash Blackcurrant 12X300ml,£3.40,£0.09/100ml,null,water,2024-11-05
Evian Natural Bottled Mineral Still Water Multipack 6x500ml,£3.20,£0.11/100ml,null,water,2024-11-05
Buxton Still Natural Mineral Water Multipack 8x500ml,£2.50,£0.06/100ml,null,water,2024-11-05
Volvic Natural Bottled Mineral Still Water 1.5L,£1.00,£0.07/100ml,null,water,2024-11-05
Volvic Touch of Fruit Lemon & Lime Sugar Free Still Flavoured Water 1.5L,£1.40,£0.09/100ml,£1.00 Clubcard Price,water,2024-11-05
Evian Natural Bottled Mineral Still Water Multipack 4x750ml,£3.60,£0.12/100ml,null,water,2024-11-05
San Pellegrino Sparkling Natural Mineral Water 1L,£1.60,£0.16/100ml,null,water,2024-11-05
Volvic Touch of Fruit Lemon & Lime Still Flavoured Water 1.5L,£1.40,£0.09/100ml,£1.00 Clubcard Price,water,2024-11-05
Aqua Pura Sparkling Natural Mineral Water 8 x 500ml,£2.20,£0.06/100ml,null,water,2024-11-05
Buxton Still Natural Mineral Water 1.5L,£1.10,£0.07/100ml,90p Clubcard Price,water,2024-11-05
Evian Natural Bottled Mineral Still Water 1.5L,£1.25,£0.08/100ml,null,water,2024-11-05
Volvic Touch of Fruit Strawberry Still Flavoured Water 1.5L,£1.40,£0.09/100ml,£1.00 Clubcard Price,water,2024-11-05
Tesco Lemon & Lime Flavoured Still Water 4X500ml,£1.75,£0.09/100ml,null,water,2024-11-05
Tesco Strawberry Flavoured Still Water 4X500ml,£1.75,£0.09/100ml,null,water,2024-11-05
Tesco Ashbeck Natural Mineral Water Sport 6X500ml,£1.50,£0.05/100ml,null,water,2024-11-05
Tesco Apple & Raspberry No Added Sugar Sparkling Water 4X500ml,£1.75,£0.09/100ml,null,water,2024-11-05
Rubicon Spring Water Black Cherry Raspberry 1.5L,£1.60,£0.11/100ml,null,water,2024-11-05
Volvic Touch of Fruit Watermelon Sugar Free Still Flavoured Water 1.5L,£1.40,£0.09/100ml,£1.00 Clubcard Price,water,2024-11-05
Volvic Touch of Fruit Mango & Passion Fruit Sugar Free Still Flavoured Water 1.5L,£1.40,£0.09/100ml,£1.00 Clubcard Price,water,2024-11-05
Volvic Touch of Fruit Apple & Blackcurrant Sugar Free Still Flavoured Water 1.5L,£1.40,£0.09/100ml,£1.00 Clubcard Price,water,2024-11-05
Ocean Spray Sparkling Cranberry Raspberry Water 1L,£1.00,£0.10/100ml,null,water,2024-11-05
Tesco Orange & Mango Sparkling Water 1L,£0.75,£0.08/100ml,null,water,2024-11-05
Actiph Alkaline Ionised Water 6X600ml,£6.00,£0.17/100ml,null,water,2024-11-05
Northumbria Spring Sparkling Spring Water 12X330ml,£5.25,£0.13/100ml,null,water,2024-11-05
Northumbria Spring Still Spring Water 12X330ml,£5.25,£0.13/100ml,null,water,2024-11-05
Volvic Natural Bottled Mineral Still Water Multipack 6x500ml,£3.00,£0.10/100ml,null,water,2024-11-05
Actiph Alkaline Ionised Water 1 Litre,£2.15,£0.22/100ml,null,water,2024-11-05
Dash Peach Infused Sparkling Water 4X330ml,£4.50,£0.34/100ml,null,water,2024-11-05
Dash Mango Infused Sparkling Water 4X330ml,£4.50,£0.34/100ml,null,water,2024-11-05
Dash Raspberry Infused Sparkling Water 4X330ml,£4.50,£0.34/100ml,null,water,2024-11-05
Buxton Still Natural Mineral Water Sports Cap 1L,£1.55,£0.16/100ml,"£5 Meal Deal Clubcard Price £5.50 Meal Deal Regular Price - Selected Drink + Snack + Tesco Finest* Or Branded Sandwich, Wrap, Roll, Salad Or Sushi",water,2024-11-05
Evian Sparkling Natural Bottled Mineral Water 1L,null,null,null,water,2024-11-05
San Pellegrino Sparkling Natural Mineral Water 500ml,£1.35,£0.27/100ml,"£5 Meal Deal Clubcard Price £5.50 Meal Deal Regular Price - Selected Drink + Snack + Tesco Finest* Or Branded Sandwich, Wrap, Roll, Salad Or Sushi",water,2024-11-05
Aqua Carpatica Mineral Water 1L,£1.30,£0.11/100ml,null,water,2024-11-05
Evian Natural Bottled Mineral Still Water 500ml,£1.10,£0.22/100ml,"£5 Meal Deal Clubcard Price £5.50 Meal Deal Regular Price - Selected Drink + Snack + Tesco Finest* Or Branded Sandwich, Wrap, Roll, Salad Or Sushi",water,2024-11-05
Evian Natural Bottled Mineral Still Water 750ml,£1.50,£0.20/100ml,"£5 Meal Deal Clubcard Price £5.50 Meal Deal Regular Price - Selected Drink + Snack + Tesco Finest* Or Branded Sandwich, Wrap, Roll, Salad Or Sushi",water,2024-11-05
Volvic Touch of Fruit Lemon & Lime Still Flavoured Water 750ml,£1.50,£0.20/100ml,"£5 Meal Deal Clubcard Price £5.50 Meal Deal Regular Price - Selected Drink + Snack + Tesco Finest* Or Branded Sandwich, Wrap, Roll, Salad Or Sushi",water,2024-11-05
Get More Vitamin D Still Water Mango & Passionfruit Drink 500ml,£1.25,£0.25/100ml,"£5 Meal Deal Clubcard Price £5.50 Meal Deal Regular Price - Selected Drink + Snack + Tesco Finest* Or Branded Sandwich, Wrap, Roll, Salad Or Sushi",water,2024-11-05
Volvic Touch of Fruit Strawberry Still Flavoured Water 750ml,£1.50,£0.20/100ml,"£5 Meal Deal Clubcard Price £5.50 Meal Deal Regular Price - Selected Drink + Snack + Tesco Finest* Or Branded Sandwich, Wrap, Roll, Salad Or Sushi",water,2024-11-05
Rubicon Spring Orange Mango 1.5L,£1.60,£0.11/100ml,null,water,2024-11-05
Rubicon Spring Strawberry Kiwi Water 1.5L,£1.60,£0.11/100ml,null,water,2024-11-05
Buxton Sparkling Natural Mineral Water Bottle 1.5L,£1.00,£0.07/100ml,null,water,2024-11-05
Volvic Touch of Fruit Summer Fruits Still Flavoured Water 1.5L,£1.40,£0.09/100ml,£1.00 Clubcard Price,water,2024-11-05
Volvic Natural Bottled Mineral Still Water 1L,£1.00,£0.10/100ml,"£5 Meal Deal Clubcard Price £5.50 Meal Deal Regular Price - Selected Drink + Snack + Tesco Finest* Or Branded Sandwich, Wrap, Roll, Salad Or Sushi",water,2024-11-05
Volvic Touch of Fruit Peach & Raspberry Sugar Free Still Flavoured Water 1.5L,£1.35,£0.09/100ml,Save 25% £1.00 Clubcard Price,water,2024-11-05
Ocean Spray Sparkling Water Cranberry 1 Litre,£1.00,£0.10/100ml,null,water,2024-11-05
Liquid Death Lime Sparkling Water 4 X 500Ml,£6.00,£0.30/100ml,null,water,2024-11-05
Liquid Death Mango Sparkling Water 4 X 500Ml,£6.00,£0.30/100ml,null,water,2024-11-05
Liquid Death Mountain Still Water 4x500ml,£5.50,£0.28/100ml,null,water,2024-11-05
Volvic Touch of Fruit Sugar Free Strawberry Flavoured Water Multipack 6x500ml,£4.00,£0.13/100ml,null,water,2024-11-05
Volvic Touch of Fruit Sugar Free Lemon & Lime Flavoured Water Multipack 6x500ml,£4.00,£0.13/100ml,null,water,2024-11-05
NESTLE PURE LIFE STILL WATER 24x500ML BULK PACK,£4.50,£0.04/100ml,null,water,2024-11-05
S PELLEGRINO ESSENZA CHERRY / POMEGRANATE4x330ML,£3.50,£0.26/100ml,£2.50 Clubcard Price,water,2024-11-05
S PELLEGRINO ESSENZA TANGERINE & WILD STRAWBERRY 4x330ML,£3.50,£0.26/100ml,£2.50 Clubcard Price,water,2024-11-05
Touch of Mango Passion Sparkling Sugar Free Flavoured Water Multipack 4x330ml,£3.50,£0.26/100ml,null,water,2024-11-05
Touch of Lemon & Lime Sparkling Sugar Free Flavoured Water Multipack 4x330ml,£3.50,£0.26/100ml,null,water,2024-11-05
Touch of Strawberry Sparkling Sugar Free Flavoured Water Multipack 4x330ml,£3.50,£0.26/100ml,null,water,2024-11-05
Ursu Alkaline Natural Mineral Water 1500ml,£1.25,£0.08/100ml,null,water,2024-11-05
Dash Lime Infused Sparkling Water 4X330Ml,£4.50,£0.34/100ml,null,water,2024-11-05
Dash B/Crn Infused Sparkling Water 4X330ml,£4.50,£0.34/100ml,null,water,2024-11-05
Highland Spring Still Water 24 X 330Ml,£4.40,£0.06/100ml,null,water,2024-11-05
Nestle Pure Life Sparkling Spring Water 8 x 500ml,£2.50,£0.06/100ml,£2.25 Clubcard Price,water,2024-11-05
Highland Spring Sugar Free Strawberry Still Spring Flavoured Water 1.25 Litre,£1.15,£0.09/100ml,null,water,2024-11-05
Highland Spring Sugar Free Strawberry Still Spring Water 750ml,£1.50,£0.20/100ml,"£5 Meal Deal Clubcard Price £5.50 Meal Deal Regular Price - Selected Drink + Snack + Tesco Finest* Or Branded Sandwich, Wrap, Roll, Salad Or Sushi",water,2024-11-05
Highland Spring Sugar Free Apple & Blackcurrant Still Spring Water 750ml,£1.50,£0.20/100ml,"£5 Meal Deal Clubcard Price £5.50 Meal Deal Regular Price - Selected Drink + Snack + Tesco Finest* Or Branded Sandwich, Wrap, Roll, Salad Or Sushi",water,2024-11-05
Volvic Touch of Fruit Kiwi & Lime Sugar Free Still Flavoured Water 1.5L,£1.40,£0.09/100ml,£1.00 Clubcard Price,water,2024-11-05
Highland Spring Sugar Free Apple & Blackcurrant Still Spring Flavoured Water 1.25 Litre,£1.15,£0.09/100ml,null,water,2024-11-05
Highland Spring Sugar Free Lemon & Lime Still Spring Flavoured Water 1.25 Litre,£1.15,£0.09/100ml,null,water,2024-11-05
Ribena Blackcurrant 850Ml,£2.00,£0.24/100ml,Any 2 for £3 Clubcard Price - Selected Ribena Juice 850ml,squash,2024-11-05
Ribena No Added Sugar Blackcurrant 850Ml,£2.00,£0.24/100ml,Any 2 for £3 Clubcard Price - Selected Ribena Juice 850ml,squash,2024-11-05
Ribena Concentrated Blackcurrant 1.5L,£2.70,£0.18/100ml,null,squash,2024-11-05
Bottlegreen Elderflower Cordial 50Cl,£4.25,£0.85/100ml,null,squash,2024-11-05
Rocks Summer Fruit Whole Fruit Squash 740Ml,£3.40,£0.46/100ml,null,squash,2024-11-05
Robinsons Double Strength Apple & Blackcurrant Squash 1.75L,£3.50,£0.20/100ml,£2.00 Clubcard Price,squash,2024-11-05
Robinsons Double Strength Orange No Added Sugar Squash 1.75L,£3.50,£0.20/100ml,£2.00 Clubcard Price,squash,2024-11-05
Robinsons Double Strength Summer Fruits Squash 1.75L,£3.50,£0.20/100ml,£2.00 Clubcard Price,squash,2024-11-05
Roses Lime Juice Cordial 1L,£3.00,£0.30/100ml,Save 1/3 £2.00 Clubcard Price,squash,2024-11-05
Robinsons Super Strength Apple & Blackcurrant Squash 500Ml,£3.25,£0.65/100ml,null,squash,2024-11-05
Robinsons Super Strength Orange Squash 500Ml,£3.25,£0.65/100ml,null,squash,2024-11-05
Robinsons Super Strength Summerfruits Squash 500Ml,£3.25,£0.65/100ml,null,squash,2024-11-05
Vimto No Added Sugar Squash 2L,£3.00,£0.15/100ml,null,squash,2024-11-05
Tesco High Juice Apple Squash 1L,£1.80,£0.18/100ml,null,squash,2024-11-05
Ribena No Added Sugar Concentrated Blackcurrant 1.5L,£2.70,£0.18/100ml,null,squash,2024-11-05
Vimto Real Fruit Squash 1 Litre,£2.00,£0.20/100ml,£1.25 Clubcard Price,squash,2024-11-05
Tesco Quadruple Strength Lemon Squash No Added Sugar 1.5L,£2.20,£0.15/100ml,null,squash,2024-11-05
Vimto Mango & Passion Fruit No Added Sugar 1L,£2.00,£0.20/100ml,£1.25 Clubcard Price,squash,2024-11-05
Vimto No Added Sugar Squash 1 Litre,£2.00,£0.20/100ml,£1.25 Clubcard Price,squash,2024-11-05
Tesco Quadruple Strength Apple & Blackcurrant Squash No Added Sugar 1.5L,£2.20,£0.15/100ml,null,squash,2024-11-05
Robinsons Fruit Creations Orange & Mango Squash 1L,£2.50,£0.25/100ml,null,squash,2024-11-05
Tesco Quadruple Strength Cherries & Berries Squash No Added Sugar 1.5L,£2.20,£0.15/100ml,null,squash,2024-11-05
Tesco Quadruple Strength Squash Orange Lemon & Pineapple 1.5L,£2.20,£0.15/100ml,null,squash,2024-11-05
Robinsons Orange No Added Sugar Squash 1L,£2.00,£0.20/100ml,Any 2 for £2.50 Clubcard Price - Selected Robinsons Concentrate,squash,2024-11-05
Robinsons Apple & Blackcurrant No Added Sugar Squash 1L,£2.00,£0.20/100ml,Any 2 for £2.50 Clubcard Price - Selected Robinsons Concentrate,squash,2024-11-05
Tesco Quadruple Strength Summer Fruits Squash 1.5L,£2.20,£0.15/100ml,null,squash,2024-11-05
Tesco Quad Strength Blackcurrant Squash No Added Sugar 1.5L,£2.20,£0.15/100ml,null,squash,2024-11-05
Swizzels Refreshers Lemon No Added Sugar Squash 1L,£1.25,£0.12/100ml,£1.00 Clubcard Price,squash,2024-11-05
Swizzels No Added Sugar Squashies Bubblegum Flavour Squash 1L,£1.25,£0.12/100ml,£1.00 Clubcard Price,squash,2024-11-05
Ribena Blackcurrant 850Ml,£2.00,£0.24/100ml,Any 2 for £3 Clubcard Price - Selected Ribena Juice 850ml,squash,2024-11-05
Tesco Quadruple Strength Orange & Mango Squash 1.5L,£2.20,£0.15/100ml,null,squash,2024-11-05
Tesco Quad Strength Orange Squash No Added Sugar 1.5L,£2.20,£0.15/100ml,null,squash,2024-11-05
Robinsons Fruit & Barley with Vitamins Apple & Pear Squash 1L,£2.00,£0.20/100ml,£1.25 Clubcard Price,squash,2024-11-05
Robinsons Fruit & Barley with Vitamins Peach Squash 1L,£2.00,£0.20/100ml,£1.25 Clubcard Price,squash,2024-11-05
Stockwell & Co Apple & Blackcurrant No Added Sugar Squash 750Ml,£0.47,£0.06/100ml,null,squash,2024-11-05
Stockwell & Co No Added Sugar Double Strength Orange Squash 750Ml,£0.47,£0.06/100ml,null,squash,2024-11-05
Bottlegreen Pomegranate Elderflower Cordial 50Cl,£4.25,£0.85/100ml,null,squash,2024-11-05
Robinsons Double Strength Orange & Pineapple Squash 1.75L,£3.50,£0.20/100ml,£2.00 Clubcard Price,squash,2024-11-05
Belvoir Elderflower Cordial 500Ml,£4.00,£0.80/100ml,null,squash,2024-11-05
Belvoir Ginger Cordial 500Ml,£4.00,£0.80/100ml,null,squash,2024-11-05
Robinsons Crushed Lime & Mint Fruit Cordial 500ml,£3.00,£0.60/100ml,null,squash,2024-11-05
Get More Vitamins Multivitamin Squash Apple & Blackcurrant 1L,£2.50,£0.25/100ml,Half Price £1.25 Clubcard Price,squash,2024-11-05
Tesco Quadruple Strength Apple & Blackcurrant No Added Sugar 750Ml,£1.60,£0.21/100ml,null,squash,2024-11-05
Get More Vitamins Multivitamin Squash Summer Fruits 1L,£2.50,£0.25/100ml,Half Price £1.25 Clubcard Price,squash,2024-11-05
Vimto Original Squash 2 Litre,£3.00,£0.15/100ml,null,squash,2024-11-05
Get More Vitamins Multivitamin Squash Orange & Mango 1L,£2.50,£0.25/100ml,Half Price £1.25 Clubcard Price,squash,2024-11-05
Robinsons Mini Apple & Blackcurrant On-The-Go Squash 66ml,£2.50,£3.79/100ml,null,squash,2024-11-05
Capri-Sun Double Strength Orange Multivitamin Squash 1L,£2.00,£0.20/100ml,Save 25% £1.50 Clubcard Price,squash,2024-11-05
Vimto Remix Orange Raspberry Pasn/ Fruit Squash 1L,£2.00,£0.20/100ml,£1.25 Clubcard Price,squash,2024-11-05
Robinsons Barley Water Lemon 850ml,£2.25,£0.26/100ml,null,squash,2024-11-05
Tesco High Juice Apple & Elderflower 1L,£1.80,£0.18/100ml,null,squash,2024-11-05
Tesco Quadruple Strength Cherries & Berries Squash 750Ml,£1.60,£0.21/100ml,null,squash,2024-11-05
Tesco Quadruple Strength Summer Fruits No Added Sugar 750Ml,£1.60,£0.21/100ml,null,squash,2024-11-05
Tesco High Juice Blackcurrant Squash No Added Sugar 1L,£1.80,£0.18/100ml,null,squash,2024-11-05
Tesco Quadruple Strength Apple & Strawberry Squash No Added Sugar 1.5L,£2.20,£0.15/100ml,null,squash,2024-11-05
Tesco Quadruple Strength Orange Squash No Added Sugar 750Ml,£1.60,£0.21/100ml,null,squash,2024-11-05
Tesco Quadruple Strength Lime No Added Sugar 750Ml,£1.60,£0.21/100ml,null,squash,2024-11-05
Tesco High Juice Orange Squash No Added Sugar 1L,£1.80,£0.18/100ml,null,squash,2024-11-05
Tesco Apple & Mango High Juice 1Ltr,£1.80,£0.18/100ml,null,squash,2024-11-05
Robinsons Fruit Creations Peach & Raspberry Squash 1L,£2.50,£0.25/100ml,null,squash,2024-11-05
Robinsons Fruit Creations Strawberry & Watermelon Squash 1L,£2.50,£0.25/100ml,null,squash,2024-11-05
Robinsons No Added Sugar Immunity Squash 750Ml,£2.50,£0.33/100ml,null,squash,2024-11-05
Robinsons Summer Fruits No Added Sugar Squash 1L,£2.00,£0.20/100ml,Any 2 for £2.50 Clubcard Price - Selected Robinsons Concentrate,squash,2024-11-05
Robinsons No Added Sugar Boost Squash 750Ml,£2.50,£0.33/100ml,null,squash,2024-11-05
Tesco Quadruple Strength Orange Lemon & Pineapple 750Ml,£1.60,£0.21/100ml,null,squash,2024-11-05
Robinsons No Added Sugar Vitality Squash 750Ml,£2.50,£0.33/100ml,null,squash,2024-11-05
Robinsons Fruit Creations Blackberry & Blueberry Squash 1L,£2.50,£0.25/100ml,null,squash,2024-11-05
Tesco No Added Sugar Hi Juice Orange/Mango & Passion Fruit 1Lt,£1.80,£0.18/100ml,null,squash,2024-11-05
Tesco Quad Strength Lime Squash No Added Sugar 1.5L,£2.20,£0.15/100ml,null,squash,2024-11-05
Robinsons Lemon No Added Sugar Squash 1L,null,null,Any 2 for £2.50 Clubcard Price - Selected Robinsons Concentrate,squash,2024-11-05
Tesco Quadruple Strength Tropical Squash No Added Sugar 1.5L,£2.20,£0.15/100ml,null,squash,2024-11-05
Tesco Quadruple Strength Orange & Mango Squash No Added Sugar 750Ml,£1.60,£0.21/100ml,null,squash,2024-11-05
Tesco Quad Strength Apple Squash No Added Sugar 1.5L,£2.20,£0.15/100ml,null,squash,2024-11-05
Ribena No Added Sugar Blackcurrant 850Ml,£2.00,£0.24/100ml,Any 2 for £3 Clubcard Price - Selected Ribena Juice 850ml,squash,2024-11-05
Tesco High Juice Orange Squash 1L,£1.80,£0.18/100ml,null,squash,2024-11-05
Robinsons Fruit & Barley with Vitamins Summer Fruits Squash 1L,null,null,£1.25 Clubcard Price,squash,2024-11-05
Robinsons Fruit & Barley with Vitamins Pink Grapefruit Squash 1L,£2.00,£0.20/100ml,£1.25 Clubcard Price,squash,2024-11-05
Robinsons Fruit & Barley with Vitamins Orange Squash 1L,£2.00,£0.20/100ml,£1.25 Clubcard Price,squash,2024-11-05
Bottlegreen Ginger & Lemongrass Cordial 50Cl,£4.25,£0.85/100ml,null,squash,2024-11-05
Bottlegreen Luscious Summer Raspberry Cordial 500ml,£4.25,£0.85/100ml,null,squash,2024-11-05
Rocks Orange Squash 740Ml,£3.40,£0.46/100ml,null,squash,2024-11-05
Rocks Blackcurrant Squash 740Ml,£3.40,£0.46/100ml,null,squash,2024-11-05
Robinsons Double Strength Lemon Squash 1.75L,£3.50,£0.20/100ml,£2.00 Clubcard Price,squash,2024-11-05
Robinsons Ginger & Orange Cordial 500ml,£3.00,£0.60/100ml,null,squash,2024-11-05
"Robinsons Raspberry, Rhubarb & Orange Blossom Fruit Cordial 500ml",£3.00,£0.60/100ml,null,squash,2024-11-05
Tesco Double Strength Fruit & Barley No Added Sugar Peach 1L,£1.75,£0.18/100ml,null,squash,2024-11-05
Robinsons Mini Summer Fruits On-The-Go Squash 66ml,£2.50,£3.79/100ml,null,squash,2024-11-05
Capri-Sun Double Strength Summer Fruits Multivitamin Squash 1L,£2.00,£0.20/100ml,Save 25% £1.50 Clubcard Price,squash,2024-11-05
Robinsons Mini Orange On-The-Go Squash 66ml,£2.50,£3.79/100ml,null,squash,2024-11-05
Robinsons Mini Passion Fruit & Mango On-The-Go Squash 66ml,£2.50,£3.79/100ml,null,squash,2024-11-05
SCHWEPPES PEPPERMINT CORDIAL 1 LTR,£2.40,£0.24/100ml,£2.00 Clubcard Price,squash,2024-11-05
Vimto No Added Sugar Blood Orange with a Citrus Twist Squash 1 Litre,£2.00,£0.20/100ml,£1.25 Clubcard Price,squash,2024-11-05
Robinsons Barley Water Orange 850ml,£2.25,£0.26/100ml,null,squash,2024-11-05
Tesco Double Strength Fruit & Barley No Added Sugar Summer Fruits 1L,£1.75,£0.18/100ml,null,squash,2024-11-05
Tesco Double Strength Fruit & Barley No Added Sugar Orange 1L,£1.75,£0.18/100ml,null,squash,2024-11-05
"Robinsons Creations Pineapple, Mango & Passion Fruit Squash 1L",£2.50,£0.25/100ml,null,squash,2024-11-05
Robinsons Fruit Creations Lemon & Raspberry Squash 1L,£2.50,£0.25/100ml,null,squash,2024-11-05
Schweppes Blackcurrant Cordial 1 Litre,£1.77,£0.18/100ml,null,squash,2024-11-05
Swizzels Drumstick No Added Sugar Raspberry 1 Litre,£1.25,£0.12/100ml,£1.00 Clubcard Price,squash,2024-11-05
Robinsons Double Strength No Added Sugar Apple & Blackcurrant Squash 750ml,£2.40,£0.32/100ml,null,squash,2024-11-05
Robinsons Double Strength No Added Sugar Orange Squash 750ml,£2.40,£0.32/100ml,null,squash,2024-11-05
Robinsons Double Strength Blackcurrant No Added Sugar Squash 750ml,£2.40,£0.32/100ml,null,squash,2024-11-05
Robinsons Double Strength Orange & Pineapple No Added Sugar Squash 750ml,£2.40,£0.32/100ml,null,squash,2024-11-05
Robinsons Double Strength Summer Fruits No Added Sugar Squash 750ml,£2.40,£0.32/100ml,null,squash,2024-11-05
Yazoo Chocolate No Added Sugar Milk Drink 6 X 200 Ml,£2.40,£0.20/100ml,null,milk,2024-11-05
Yazoo Strawberry No Added Sugar Milk Drink 6 X 200 Ml,£2.40,£0.20/100ml,null,milk,2024-11-05
Starbucks Protein Drink Caramel Hazelnut 330ml,£2.75,£0.83/100ml,null,milk,2024-11-05
Tesco British Skimmed Longlife Uht Milk 1 Litre,£1.30,£1.30/litre,null,milk,2024-11-05
Tesco British Semi Skimmed Longlife Uht Milk 1 Litre,£1.30,£1.30/litre,null,milk,2024-11-05
Oatly Barista Edition Oat Long Life Drink 1L,£2.10,£2.10/litre,null,milk,2024-11-05
Tesco British Whole Milk Longlife Uht 1 Litre,£1.30,£1.30/litre,null,milk,2024-11-05
Tesco Longlife Soya Drink Unsweetened 1Ltr,£1.25,£1.25/litre,null,milk,2024-11-05
Tesco Longlife Soya Drink Sweetened 1Ltr,£1.25,£1.25/litre,null,milk,2024-11-05
Alpro Almond No Sugar Long Life Dairy Free Drink 1L,£2.00,£2.00/litre,null,milk,2024-11-05
Oatly Whole Oat Chilled Drink 1L,£2.10,£2.10/litre,null,milk,2024-11-05
Oatly Semi Oat Chilled Drink 1L,£2.10,£2.10/litre,null,milk,2024-11-05
Alpro Oat No Sugar Long Life Dairy Free Drink 1L,£2.00,£2.00/litre,null,milk,2024-11-05
Cravendale Filtered Fresh Semi Skimmed Milk 1L Fresher for Longer,£1.75,£1.75/litre,null,milk,2024-11-05
Arla LactoFREE Semi Skimmed Milk Drink 1L,£1.85,£1.85/litre,null,milk,2024-11-05
Biocol Skimmed Milk 1 Litre,£1.80,£1.80/litre,null,milk,2024-11-05
Alpro Almond No Sugar Chilled Dairy Free Drink 1L,null,null,null,milk,2024-11-05
"Tesco British Skimmed Milk 1.136L, 2 Pints",£1.20,£1.06/litre,null,milk,2024-11-05
Creamfields Uht Skimmed Milk 1 Litre,£0.69,£0.69/litre,null,milk,2024-11-05
Tesco Organic British Semi Skimmed Milk 2.272L/4 Pints,£2.15,£0.95/litre,null,milk,2024-11-05
Arla Bob Skimmed Milk 2 Litre,£2.65,£1.32/litre,Any 2 for £4 Clubcard Price - Selected Dairy Products 2 Litre,milk,2024-11-05
Tesco Filtered Semi Skimmed Milk 2 Litre,£1.90,£0.95/litre,null,milk,2024-11-05
"Tesco British Semi Skimmed Milk 1.13L, 2 Pints",£1.20,£1.06/litre,null,milk,2024-11-05
Tesco Longlife Almond Drink Unsweetened 1Ltr,£1.25,£1.25/litre,null,milk,2024-11-05
Cravendale Filtered Fresh Whole Milk 2L Fresher for Longer,£2.70,£1.35/litre,Any 2 for £4 Clubcard Price - Selected Dairy Products 2 Litre,milk,2024-11-05
Creamfields Uht Semi Skimmed Milk 1 Litre,£0.69,£0.69/litre,null,milk,2024-11-05
"Tesco British Semi Skimmed Milk 568 Ml, 1 Pint",£0.85,£1.50/litre,null,milk,2024-11-05
Cravendale Filtered Fresh Semi Skimmed Milk 2L Fresher for Longer,£2.70,£1.35/litre,Any 2 for £4 Clubcard Price - Selected Dairy Products 2 Litre,milk,2024-11-05
"Tesco British Whole Milk 1.13L, 2 Pints",£1.20,£1.06/litre,null,milk,2024-11-05
Tesco Organic British Whole Milk 2.272L/4 Pints,£2.15,£0.95/litre,null,milk,2024-11-05
Cravendale Filtered Fresh Skimmed Milk 2L Fresher for Longer,£2.70,£1.35/litre,Any 2 for £4 Clubcard Price - Selected Dairy Products 2 Litre,milk,2024-11-05
"Tesco British Whole Milk 568Ml, 1 Pint",£0.85,£1.50/litre,null,milk,2024-11-05
Tesco Lactose Free Semi Skimmed Dairy Drink 1Ltr,£0.99,£0.99/litre,null,milk,2024-11-05
"Tesco British Skimmed Milk 2.272L, 4 Pints",£1.45,£0.64/litre,null,milk,2024-11-05
"Tesco British Semi Skimmed Milk 2.272L, 4 Pints",£1.45,£0.64/litre,null,milk,2024-11-05
"Tesco British Whole Milk 2.272L, 4 Pints",£1.45,£0.64/litre,null,milk,2024-11-05
Growers Harvest Unsweetened Soya Drink 1L,£0.50,£0.50/litre,null,milk,2024-11-05
Tesco British Skimmed Uht Milk 6 X 1 Litre,£6.20,£1.03/litre,null,milk,2024-11-05
Tesco British Semi Skimmed Uht Milk 6 X 1 Litre,£6.20,£1.03/litre,null,milk,2024-11-05
Arla LactoFREE Long Life Semi Skimmed Milk Drink 1L,£2.00,£2.00/litre,null,milk,2024-11-05
Alpro Soya Original Long Life Dairy Free Drink 1L,£2.00,£2.00/litre,null,milk,2024-11-05
Alpro Soya No Sugar Long Life Dairy Free Drink 1L,£2.00,£2.00/litre,null,milk,2024-11-05
Alpro Soya Growing Up Long Life Dairy Free Drink 1-3+ Years 1L,£2.00,£2.00/litre,null,milk,2024-11-05
Koko Dairy Free Unsweetened Alternative Longlife Drink 1L,£1.80,£1.80/litre,null,milk,2024-11-05
Arla LactoFREE Whole Milk Drink 1L,£1.85,£1.85/litre,null,milk,2024-11-05
Alpro Oat Growing Up Long Life Dairy Free Drink 1-3+ Years 1L,£2.00,£2.00/litre,null,milk,2024-11-05
Arla LactoFREE Skimmed Milk Drink 1L,£1.85,£1.85/litre,null,milk,2024-11-05
Almond Breeze Unsweetened Longlife Drink Alternative 1 Litre,£1.90,£1.90/litre,null,milk,2024-11-05
Yeo Valley Organic Semi-Skimmed Fresh Milk 2L,£2.75,£1.38/litre,null,milk,2024-11-05
Yeo Valley Organic Fresh Whole Milk 2L,£2.75,£1.38/litre,null,milk,2024-11-05
Tesco Oat Drink 1L,£1.45,£1.45/litre,null,milk,2024-11-05
Alpro Oat Original Long Life Dairy Free Drink 1L,£2.00,£2.00/litre,null,milk,2024-11-05
Alpro Soya Chilled Drink 1 Litre,£2.00,£2.00/litre,null,milk,2024-11-05
Alpro Soya No Sugar Chilled Dairy Free Drink 1L,£2.00,£2.00/litre,null,milk,2024-11-05
St Helen's Fresh Whole Goats Milk 1 Litre,£2.15,£2.15/litre,null,milk,2024-11-05
Cravendale Filtered Fresh Whole Milk 1L Fresher for Longer,£1.75,£1.75/litre,null,milk,2024-11-05
St Helen's Fresh Semi Skimmed Goats Milk 1 Litre,£2.15,£2.15/litre,null,milk,2024-11-05
Alpro Oat No Sugar Chilled Dairy Free Drink 1L,£2.00,£2.00/litre,null,milk,2024-11-05
Alpro Barista Oat Long Life Dairy Free Drink 1L,£2.10,£2.10/litre,null,milk,2024-11-05
Yazoo Chilled Chocolate Flavour Milkshake 400Ml,£1.30,£0.32/100ml,75p Clubcard Price,milk,2024-11-05
Yop Strawberry Yoghurt Drink 500g,£1.40,£0.28/100g,null,milk,2024-11-05
Almond Breeze Unsweetened Fresh Drink 1 Litre,£1.90,£1.90/litre,null,milk,2024-11-05
Tesco Soya Drink Unsweetened 1Ltr,£1.35,£1.35/litre,null,milk,2024-11-05
Tesco Coconut Drink 1 Litre,£1.25,£1.25/litre,null,milk,2024-11-05
"Tesco British Skimmed Milk 568Ml, 1 Pint",£0.85,£1.50/litre,null,milk,2024-11-05
Arla Big Milk Fresh Whole Milk 2L Vitamin Enriched for kids 1+,£2.65,£1.32/litre,Any 2 for £4 Clubcard Price - Selected Dairy Products 2 Litre,milk,2024-11-05
Tesco Filtered Whole Milk 2 Litre,£1.90,£0.95/litre,null,milk,2024-11-05
Yazoo Chilled Strawberry Flavour Milkshake 400Ml,£1.30,£0.32/100ml,75p Clubcard Price,milk,2024-11-05
Tesco Chocolate Flavoured Milk 1L,£1.00,£0.10/100ml,null,milk,2024-11-05
Tesco British Whole Uht Milk 6 X 1 Litre,£6.20,£1.03/litre,null,milk,2024-11-05
Oatly Skinny Oat Chilled Drink 1L,£2.10,£2.10/litre,null,milk,2024-11-05
Ufit High Protein Milkshake Drink Strawberry 330Ml,£2.00,£0.61/100ml,null,milk,2024-11-05
Koko Dairy Free Original Plus Calcium Longlife Drink 1L,£1.80,£1.80/litre,null,milk,2024-11-05
Califia Farms Oat Barista Long Life Dairy Free Drink 1L,£2.10,£2.10/litre,null,milk,2024-11-05
Arla LactoFREE Long Life Whole Milk Drink 1L,null,null,null,milk,2024-11-05
Oatly Organic Oat Long Life Drink 1L,£1.90,£1.90/litre,null,milk,2024-11-05
Nesquik Chocolate Flavoured Milkshake Powder Tub 500g,£4.95,£0.99/100g,null,milk,2024-11-05
Tesco Soya Drink Sweetened 1Ltr,£1.35,£1.35/litre,null,milk,2024-11-05
Arctic Coffee Cafe Latte 330Ml,£1.15,£0.35/100ml,null,milk,2024-11-05
Yazoo Strawberry Milkshake 1 Litre Bottle,£2.00,£0.20/100ml,null,milk,2024-11-05
Yazoo Chocolate Milkshake 1 Litre Bottle,£2.00,£0.20/100ml,null,milk,2024-11-05
Plenish Organic Almond Longlife Dairy Free Drink 1L,£2.25,£2.25/litre,null,milk,2024-11-05
Alpro Soya Chocolate Long Life Dairy Free Drink Multipack 3x250ml,£2.10,£2.80/litre,null,milk,2024-11-05
Califia Farms Oat Barista Chilled Dairy Free Drink 1L,£2.10,£2.10/litre,null,milk,2024-11-05
Nesquik Strawberry Flavoured Milkshake Powder Tub 500g,£4.95,£0.99/100g,null,milk,2024-11-05
Plenish Organic Almond Chilled Dairy Free Drink 1L,£2.25,£2.25/litre,£2.00 Clubcard Price,milk,2024-11-05
Minor Figures Barista Oat Drink 1L,£2.00,£2.00/litre,Half Price £1.00 Clubcard Price,milk,2024-11-05
Arctic Coffee Cafe Latte 1 Litre,null,null,null,milk,2024-11-05
Plenish Organic Oat Longlife Dairy Free Drink 1L,£2.25,£2.25/litre,null,milk,2024-11-05
Alpro Almond Original Long Life Dairy Free Drink 1L,£2.00,£2.00/litre,null,milk,2024-11-05
Arctic Coffee Caramel Latte 1L,£2.20,£0.22/100ml,null,milk,2024-11-05
Alpro Coconut Longlife Drink Alternative 1 Litre,£2.00,£2.00/litre,null,milk,2024-11-05
Alpro High Protein Soya Original Long Life Dairy Free Drink 1L,£2.30,£2.30/litre,null,milk,2024-11-05
Rude Health Organic Almond Longlife Dairy Free Drink 1L,null,null,£1.80 Clubcard Price,milk,2024-11-05
Minor Figures Organic Barista Oat Drink 1L,£2.00,£2.00/litre,Half Price £1.00 Clubcard Price,milk,2024-11-05
Alpro Soya Vanilla Original Long Life Dairy Free Drink 1L,£2.00,£2.00/litre,null,milk,2024-11-05
Alpro Soya Chocolate Longlife Drink Alternative 1 Litre,£2.00,£2.00/litre,null,milk,2024-11-05
Alpro Barista Coconut Long Life Dairy Free Drink 1L,£2.10,£2.10/litre,null,milk,2024-11-05
Alpro Almond Original Chilled Dairy Free Drink 1L,£2.00,£2.00/litre,null,milk,2024-11-05
Alpro Oat Original Chilled Dairy Free Drink 1L,£2.00,£2.00/litre,null,milk,2024-11-05
Koko Dairy Free Unsweetened Alternative Drink 1 Litre,£1.85,£1.85/litre,null,milk,2024-11-05
Crusha Strawberry No Added Sugar 500Ml,£2.00,£0.40/100ml,null,milk,2024-11-05
Emmi Caffe Latte Skinny 230Ml,£1.85,£0.80/100ml,£1.00 Clubcard Price,milk,2024-11-05
Oatly Chocolate Oat Long Life Drink 1L,£1.90,£1.90/litre,null,milk,2024-11-05
Yazoo Vanilla Milk 400Ml,£1.30,£0.32/100ml,75p Clubcard Price,milk,2024-11-05
Graham's Gold Jersey Milk 1 Litre,£1.65,£1.65/litre,null,milk,2024-11-05
Tesco Finest Jersey Whole Milk 1L,£1.35,£1.35/litre,null,milk,2024-11-05
Arla LactoFREE Long Life Semi Skimmed Milk Drink 5 x 20ml,£0.80,£8.00/litre,null,milk,2024-11-05
Delamere Dairy Sterilised Longlife Whole Milk 1 Litre,£1.20,£1.20/litre,null,milk,2024-11-05
Yazoo Chilled Banana Flavour Milkshake 400Ml,£1.30,£0.32/100ml,75p Clubcard Price,milk,2024-11-05
Starbucks Caramel Macchiato Iced Coffee 220ml,£2.20,£1.00/100ml,null,milk,2024-11-05
Ufit Pro50 Protein Drink Strawberry 500Ml,£3.00,£0.60/100ml,Save 25% £2.25 Clubcard Price,milk,2024-11-05
Rude Health Oat Drink Organic 1 Litre,£2.30,£2.30/litre,£1.80 Clubcard Price,milk,2024-11-05
"Starbucks Oat Based Vanilla Macchiato Iced Coffee, Plant-Based 220ml",£2.20,£1.00/100ml,null,milk,2024-11-05
St Helen's Fresh Skimmed Goats Milk 1 Litre,£2.15,£2.15/litre,null,milk,2024-11-05
Huel Ready-to-drink Complete Meal Vanilla 500ml,£3.50,£0.70/100ml,null,milk,2024-11-05
Huel Ready-to-drink Complete Meal Chocolate 500ml,£3.50,£0.70/100ml,null,milk,2024-11-05
For Goodness Shakes Protein Strawberry 435ml,£2.30,£0.53/100ml,Save 1/3 £1.50 Clubcard Price,milk,2024-11-05
Oatly Organic Oat Chilled Drink 1L,£2.10,£2.10/litre,£1.70 Clubcard Price,milk,2024-11-05
For Goodness Shakes Protein Chocolate Flavour 435ml,£2.30,£0.53/100ml,Save 1/3 £1.50 Clubcard Price,milk,2024-11-05
Mighty Pea M.Lk Unsweetened Milk Alternative 1 Litre,£1.90,£1.90/litre,null,milk,2024-11-05
Costa Coffee Caramel Latte Iced Coffee 250ml,£1.60,£0.64/100ml,£1.25 Clubcard Price,milk,2024-11-05
Costa Coffee Latte Iced Coffee 250ml,£1.60,£0.64/100ml,£1.25 Clubcard Price,milk,2024-11-05
Arctic Coffee Caramel Latte 330Ml,£1.15,£0.35/100ml,null,milk,2024-11-05
Califia Farms Mocha Cold Brew Dairy Free Coffee Drink with Almond 750ml,£2.95,£3.93/litre,null,milk,2024-11-05
Rude Health Coconut With Calcium Chilled Dairy Free Drink 1L,£2.30,£2.30/litre,null,milk,2024-11-05
Nesquik Banana Flavoured Milkshake Powder Tub 500g,£4.95,£0.99/100g,null,milk,2024-11-05
Shaken Udder Vanillalicious Milkshake 750Ml,£2.45,£0.33/100ml,null,milk,2024-11-05
Rude Health Almond With Calcium Chilled Dairy Free Drink 1L,£2.30,£2.30/litre,null,milk,2024-11-05
Alpro Soya Strawberry Longlife Drink 3 X250 Ml,£2.10,£2.80/litre,null,milk,2024-11-05
Chocomel Chocolate Flavoured Milk Drink 250Ml,£1.70,£6.80/litre,£1.00 Clubcard Price,milk,2024-11-05
Yazoo Banana Milkshake 1 Litre Bottle,£2.00,£0.20/100ml,null,milk,2024-11-05
Shaken Udder Chocolush Milk Shake 750Ml,£2.45,£0.33/100ml,null,milk,2024-11-05
Alpro Coconut No Sugar Long Life Dairy Free Drink 1L,£2.00,£2.00/litre,null,milk,2024-11-05
Tesco No Added Sugar Strawberry Flavoured Milkshake Mix 300G,£2.50,£0.83/100g,null,milk,2024-11-05
Alpro 50g High Protein Soya Chocolate Flavour Long Life Dairy Free Drink 1L,£2.30,£2.30/litre,null,milk,2024-11-05
Ufit High Protein Milkshake White Chocolate Flavoured 330Ml,£2.00,£0.61/100ml,null,milk,2024-11-05
Delamere Skimmed Sterilised Milk 1 Litre,£1.20,£1.20/litre,null,milk,2024-11-05
Alpro Hazelnut Longlife Drink Alternative 1 Litre,£2.00,£2.00/litre,null,milk,2024-11-05
Plenish Organic Oat Chilled Dairy Free Drink 1L,£2.25,£2.25/litre,£1.75 Clubcard Price,milk,2024-11-05
Alpro Barista Almond Long Life Dairy Free Drink 1L,£2.10,£2.10/litre,null,milk,2024-11-05
Crusha Chocolate No Added Sugar 500Ml,£2.00,£0.40/100ml,null,milk,2024-11-05
Alpro Coconut Original Chilled Dairy Free Drink 1L,£2.00,£2.00/litre,null,milk,2024-11-05
Oatly Chocolate Deluxe Oat Chilled Drink 1L,£2.10,£2.10/litre,£1.70 Clubcard Price,milk,2024-11-05
Emmi Caffe Latte Cappuccino Ready To Drink 230Ml,£1.85,£0.80/100ml,£1.00 Clubcard Price,milk,2024-11-05
Oatly Oat Drink Vanilla 1L,£1.90,£1.90/litre,null,milk,2024-11-05
Alpro My Cuppa Soya Chilled Dairy Free Drink for Tea 750ml,£1.95,£2.60/litre,£1.50 Clubcard Price,milk,2024-11-05
Yazoo Chocolate No Added Sugar Milk Drink 6 X 200 Ml,£2.40,£0.20/100ml,null,milk,2024-11-05
Yazoo Strawberry No Added Sugar Milk Drink 6 X 200 Ml,£2.40,£0.20/100ml,null,milk,2024-11-05
Alpro Barista Oat Chilled Dairy Free Drink 750ml,£1.75,£2.33/litre,£1.25 Clubcard Price,milk,2024-11-05
Alpro Soya Chocolate Chilled Dairy Free Drink 1L,£2.00,£2.00/litre,null,milk,2024-11-05
Tesco Coconut Drink Sweetened 1Ltr,£1.25,£1.25/litre,null,milk,2024-11-05
Shaken Udder Chocolush Milkshake 330Ml,£1.60,£0.48/100ml,£1.25 Clubcard Price,milk,2024-11-05
Shaken Udder Vanilla-Licious Milkshake 330Ml,£1.60,£0.48/100ml,£1.25 Clubcard Price,milk,2024-11-05
Delamere Dairy Sterilised Longlife Semi Skimmed Milk 1L,£1.20,£1.20/litre,null,milk,2024-11-05
Plenish Organic Barista Gluten Free Oat Drink 1L,£2.25,£2.25/litre,£1.75 Clubcard Price,milk,2024-11-05
Oatly Organic Oat Drink Barista Edition 1 Litre,£2.20,£2.20/litre,£1.70 Clubcard Price,milk,2024-11-05
Muller Frijj Chocolate Milkshake 330ml,£1.50,£4.54/litre,null,milk,2024-11-05
Chocomel 750ml,£2.70,£0.36/100ml,null,milk,2024-11-05
Baileys Squirty UHT Cream 250G,£2.50,£1.00/100g,null,milk,2024-11-05
Tesco No Added Sugar Chocolate Flavoured Milkshake Mix 300G,£2.50,£0.83/100g,null,milk,2024-11-05
SuperNutrio High Protein Fresh Whole Milk 1l,£2.50,£2.50/litre,£2.00 Clubcard Price,milk,2024-11-05
SuperNutrio High Protein Fresh Semi Skimmed Milk 1l,£2.50,£2.50/litre,£2.00 Clubcard Price,milk,2024-11-05
Muller Frijj  Fudge Brownie Milkshake 330ml,£1.50,£4.54/litre,null,milk,2024-11-05
Arla Jord Chilled Oat Drink 1L,£1.90,£1.90/litre,Save 25% £1.40 Clubcard Price,milk,2024-11-05
Arla Jord Chilled Oat & Vanilla Drink 1L,£1.90,£1.90/litre,Save 25% £1.40 Clubcard Price,milk,2024-11-05
Yop Strawberry Multiserve Yoghurt Drink 825g,£2.00,£0.24/100g,Save 25% £1.50 Clubcard Price,milk,2024-11-05
Muller Frijj Strawberry Milkshake 330ml,£1.50,£4.54/litre,null,milk,2024-11-05
Tesco Filtered Skimmed Milk 2 Litre,£1.90,£0.95/litre,null,milk,2024-11-05
The Real Milkshake Company Salted Caramel Flavoured Milk Drink 1L,£1.85,£0.18/100ml,£1.50 Clubcard Price,milk,2024-11-05
The Real Milkshake Co. Raspberry Ripple Flavour Milk Drink 1 Litre,£1.85,£0.18/100ml,£1.50 Clubcard Price,milk,2024-11-05
Yazoo Thick and Creamy Strawberry Milkshake 300ml,£1.50,£0.50/100ml,null,milk,2024-11-05
Yop Raspberry Yoghurt Drink 500g,£1.40,£0.28/100g,null,milk,2024-11-05
Yazoo Thick and Creamy Chocolate Milkshake 300ml,£1.50,£0.50/100ml,null,milk,2024-11-05
Califia Farms Organic Oat Drink 750ml,£2.45,£3.27/litre,£1.50 Clubcard Price,milk,2024-11-05
Alpro Oat Original Long Life Dairy Free Drink 500ml,£1.30,£2.60/litre,£1.00 Clubcard Price,milk,2024-11-05
Oatly Oat Drink Chilled Whole 500ml,£1.20,£2.40/litre,null,milk,2024-11-05
Oatly Semi Oat Chilled Drink 500ml,£1.20,£2.40/litre,null,milk,2024-11-05
yfood Fresh Berry Ready to Drink Complete Meal 500ml,£3.50,£0.70/100ml,null,milk,2024-11-05
yfood Classic Choco Ready to Drink Complete Meal 500ml,£3.50,£0.70/100ml,null,milk,2024-11-05
Huel Black Edition Ready-to-drink Complete Meal Vanilla 500ml,£3.80,£0.76/100ml,£3.25 Clubcard Price,milk,2024-11-05
Huel Black Edition Ready-to-drink Complete Meal Chocolate 500ml,£3.80,£0.76/100ml,£3.25 Clubcard Price,milk,2024-11-05
BOL Chocolate Power Shake 410g,£3.25,£0.79/100g,null,milk,2024-11-05
Starbucks Protein Drink Caffe Latte 330ml,£2.75,£0.83/100ml,null,milk,2024-11-05
Ufit Pro50 Protein Drink Salted Caramel 500ml,£3.00,£0.60/100ml,Save 25% £2.25 Clubcard Price,milk,2024-11-05
Arla Protein Chocolate Milk Shake 500g,£2.00,£0.40/100g,null,milk,2024-11-05
Huel Ready-to-drink Complete Meal Banana 500ml,£3.50,£0.70/100ml,null,milk,2024-11-05
Huel Ready-to-drink Complete Meal Berry 500ml,£3.50,£0.70/100ml,null,milk,2024-11-05
Jimmy's Iced Coffee My Protein Original 250ml,£1.75,£0.70/100ml,null,milk,2024-11-05
yfood Smooth Vanilla Ready to Drink Complete Meal 500ml,£3.50,£0.70/100ml,null,milk,2024-11-05
Oatly Barista Lighter Taste Long Life Drink 1L,£2.10,£2.10/litre,£1.70 Clubcard Price,milk,2024-11-05
For Goodness Shakes Vanilla Protein (LF) 435ml,£2.30,£0.53/100ml,Save 1/3 £1.50 Clubcard Price,milk,2024-11-05
BOL Salted Caramel Power Shake 410g,£3.25,£0.79/100g,null,milk,2024-11-05
Starbucks Protein Drink Caramel Hazelnut 330ml,£2.75,£0.83/100ml,null,milk,2024-11-05
Plenish Organic Barista Soya 1L,£2.25,£2.25/litre,null,milk,2024-11-05
Plenish Organic Coconut Longlife Dairy Free Drink 1L,£2.25,£2.25/litre,£1.75 Clubcard Price,milk,2024-11-05
Plenish Organic Barista Almond 1 Litre,£2.25,£2.25/litre,£2.00 Clubcard Price,milk,2024-11-05
Pro Mlk Strawberry Protein Shake 330Ml,£1.15,£0.35/100ml,null,milk,2024-11-05
Pro Mlk Chocolate Protein Shake 330Ml,£1.15,£0.35/100ml,null,milk,2024-11-05
Alpro 38g High Protein Soya Chilled Dairy Free Chocolate Drink 750ml,£2.00,£2.67/litre,null,milk,2024-11-05
Cadbury Creamy Chocolate Caramel Milkshake 250Ml,£2.00,£8.00/litre,null,milk,2024-11-05
Cadbury Creamy Chocolate Milkshake 250Ml,£2.00,£8.00/litre,null,milk,2024-11-05
Shaken Udder White Chocolate Protein Milkshake 330ml,£2.30,£6.97/litre,Save 1/3 £1.50 Clubcard Price,milk,2024-11-05
Alpro Plant Protein 38g Soya Chilled drink 750ml,£2.00,£2.67/litre,null,milk,2024-11-05
Muller Frijj Cookie Dough Milkshake 330ml,£1.50,£4.54/litre,null,milk,2024-11-05
Yop Raspberry Flavour Yogurt Drink 825g,£2.00,£0.24/100g,Save 25% £1.50 Clubcard Price,milk,2024-11-05
GetPro 25g Strawberry High Protein Yoghurt Drink 300g,null,null,Any 3 for 2 Clubcard Price - Cheapest Product Free - Selected Danone Getpro,milk,2024-11-05
The Real Milkshake Co. White Chocolate Flavoured Milk Drink 1 Litre,£1.85,£0.18/100ml,£1.50 Clubcard Price,milk,2024-11-05
Muller Frijj Fudge Brownie Milkshake  950ML,£2.50,£2.63/litre,£1.75 Clubcard Price,milk,2024-11-05
Muller Frijj Strawberry  Milkshake  950ML,£2.50,£2.63/litre,£1.75 Clubcard Price,milk,2024-11-05
GetPro 25g Vanilla High Protein Yoghurt Drink 300g,£2.25,£0.75/100g,Any 3 for 2 Clubcard Price - Cheapest Product Free - Selected Danone Getpro,milk,2024-11-05
Califia Farms Unsweetened Organic Almond Drink 750ml,£2.45,£3.27/litre,£1.50 Clubcard Price,milk,2024-11-05
Alpro Almond No Sugar Long Life Dairy Free Drink 500ml,£1.30,£2.60/litre,£1.00 Clubcard Price,milk,2024-11-05
PG Tips Special Blends Chai 70 Tea Bags 175g,£3.40,£1.94/100g,Save 25% £2.50 Clubcard Price,tea,2024-11-05
PG Tips Special Blends English Breakfast 70 Tea Bags 175g,£3.40,£1.94/100g,Save 25% £2.50 Clubcard Price,tea,2024-11-05
Pg Tips Decaffeinated 70 Tea Bags 203G,£3.00,£1.48/100g,null,tea,2024-11-05
Pukka Organic Lemon & Ginger Honey 20 Tea Bags 40G,£4.75,£11.88/100g,null,tea,2024-11-05
Pukka Organic Peppermint & Licorice 20 Tea Bags 30G,£4.75,£15.83/100g,null,tea,2024-11-05
Pukka Organic Night Time 20 Tea Bags 20G,£4.75,£23.75/100g,null,tea,2024-11-05
Twinings Peppermint 80 Tea Bags 160G,£5.00,£3.12/100g,null,tea,2024-11-05
Yorkshire Decaffeinated 160 Tea Bags 500G,£6.30,£1.26/100g,null,tea,2024-11-05
Tick Tock Rooibos Tea 80 Tea Bags 180G,£3.90,£2.17/100g,£2.75 Clubcard Price,tea,2024-11-05
Yorkshire Gold 80 Teabags 250G,£4.00,£1.60/100g,null,tea,2024-11-05
Tetley Decaffeinated 160 Teabags 500G,£4.99,£1.00/100g,null,tea,2024-11-05
Yorkshire Tea 210 Tea Bags 656G,£5.49,£0.84/100g,null,tea,2024-11-05
Pg Tips 210 Tea Bags 609G,£5.49,£0.90/100g,null,tea,2024-11-05
Yorkshire Decaffeinated 80 Teabags 250G,£3.85,£1.54/100g,null,tea,2024-11-05
Tetley 240 Tea Bags 750G,£4.99,£0.66/100g,null,tea,2024-11-05
PG Tips 80 Original Black Tea Bags 232g,£3.00,£1.29/100g,null,tea,2024-11-05
Twinings 40 English Breakfast T Bags 100G,£2.90,£2.90/100g,null,tea,2024-11-05
Tetley Green Tea Pure 50 Tea Bags 100G,£2.85,£2.85/100g,£2.00 Clubcard Price,tea,2024-11-05
Tesco Peppermint 40 Tea Bags 60G,£1.75,£2.92/100g,null,tea,2024-11-05
Twinings Earl Grey Decaffeinated Tea Bags X40 100G,£3.60,£3.60/100g,null,tea,2024-11-05
Yorkshire 80 Teabags 250G,£3.30,£1.32/100g,£2.95 Clubcard Price,tea,2024-11-05
Tetley Original 120 Teabags 375G,£3.30,£0.88/100g,£2.75 Clubcard Price,tea,2024-11-05
Tesco 240 Teabags 750G,£3.20,£0.43/100g,null,tea,2024-11-05
Twinings Peppermint 20 Tea Bags 40G,£2.50,£6.25/100g,null,tea,2024-11-05
Clipper Organic Everyday Tea Bags 80Pack 232G,£3.75,£1.62/100g,null,tea,2024-11-05
Tetley 80 Tea Bags 250G,£3.00,£1.20/100g,null,tea,2024-11-05
PG Tips 40 Original Black Tea Bags 116g,£1.65,£1.42/100g,null,tea,2024-11-05
Yorkshire 40 Tea Bags 125G,null,null,null,tea,2024-11-05
Tetley 40 Teabags 125G,£1.60,£1.28/100g,null,tea,2024-11-05
Tesco 80 Teabags 250G,£1.25,£0.50/100g,null,tea,2024-11-05
Tesco Decaffeinated 80 Teabags 250G,£1.65,£0.66/100g,null,tea,2024-11-05
Stockwell & Co 80 Tea Bags 200G,£0.92,£0.46/100g,null,tea,2024-11-05
Tetley Original Tea Bags 600 Pack 1.875Kg,£11.50,£0.61/100g,null,tea,2024-11-05
Pukka Organic Three Mint 20 Tea Bags 32G,£4.75,£14.84/100g,null,tea,2024-11-05
Pukka Organic Turmeric Active 20 Tea Bags 36G,£4.75,£13.19/100g,null,tea,2024-11-05
Pukka Organic Three Ginger 20 Tea Bags 36G,£4.75,£13.19/100g,null,tea,2024-11-05
Pukka Organic 20 Night Time Berry Herbal Tea Sachets 36G,£4.75,£13.19/100g,null,tea,2024-11-05
Twinings Lemon & Ginger 80 Tea Bags 120G,£5.00,£4.17/100g,null,tea,2024-11-05
Pukka Organic Matcha Green 20 Tea Bags 30G,£4.75,£15.83/100g,null,tea,2024-11-05
Teapigs Lemon & Ginger 15 Tea Bags 37.5G,£4.75,£12.67/100g,null,tea,2024-11-05
Twinings Strong English Breakfast 80 Tea Bags 250G,£4.80,£1.92/100g,£4.00 Clubcard Price,tea,2024-11-05
Clipper Classic Everyday Tea Bags 80Pk 232G,£3.75,£1.62/100g,£3.00 Clubcard Price,tea,2024-11-05
Twinings Menopause Cool Moments Tea Bags X20 40G,£3.50,£8.75/100g,£2.50 Clubcard Price,tea,2024-11-05
Clipper Organic Fairtrade Decaffeinated 40 Tea Bags 116G,£3.50,£3.02/100g,null,tea,2024-11-05
Drink Me Spiced Chai 250G,null,null,null,tea,2024-11-05
Tetley Redbush 40 Teabags 100G,£2.35,£2.35/100g,null,tea,2024-11-05
Tesco Camomile Infusion 40 Bags 60G,£1.75,£2.92/100g,null,tea,2024-11-05
Tetley Green Tea Lemon 50 Tea Bags 100G,£2.85,£2.85/100g,£2.00 Clubcard Price,tea,2024-11-05
Tesco Extra Strong Tea 80 Bags 250G,£2.00,£0.80/100g,null,tea,2024-11-05
Tetley Green Tea Decaffeinated 50 Tea Bags 100G,£2.85,£2.85/100g,£2.00 Clubcard Price,tea,2024-11-05
Tetley Earl Grey 50 Tea Bags 125G,£2.85,£2.28/100g,null,tea,2024-11-05
Taylors Yorkshire Leaf Tea 250G,£2.95,£1.18/100g,null,tea,2024-11-05
Clipper Organic 40 Bags Of Earl Grey Tea 96G,£2.95,£3.07/100g,null,tea,2024-11-05
Tetley Decaffeinated 80 Teabags 250G,£3.45,£1.38/100g,null,tea,2024-11-05
Twinings Lemon & Ginger 20 Teabags 30G,£2.50,£8.33/100g,null,tea,2024-11-05
Twinings Camomile 20 Tea Bags 30G,£2.50,£8.33/100g,null,tea,2024-11-05
Twinings Spiced Ginger 20 Tea Bags 35G,£2.50,£7.14/100g,null,tea,2024-11-05
Twinings Cranberry Raspberry 20 Tea Bags 40G,£2.50,£6.25/100g,null,tea,2024-11-05
Twinings Camomile & Honey 20 Tea Bags 30G,£2.50,£8.33/100g,null,tea,2024-11-05
Twinings Strawberry & Raspberry 20 Tea Bags 40G,£2.50,£6.25/100g,null,tea,2024-11-05
Yorkshire Tea Malty Biscuit Brew 40 Tea Bags 112G,£2.00,£1.79/100g,null,tea,2024-11-05
Tetley Herbal Pure Camomile 20 Tea Bags 30G,£1.95,£6.50/100g,null,tea,2024-11-05
Tetley Herbal Fresh Mint 20 Tea Bags 32G,£1.95,£6.09/100g,null,tea,2024-11-05
Tesco Loose Leaf Original Tea 250G,£1.50,£0.60/100g,null,tea,2024-11-05
Tea India Masala Chai 40 Tea Bags 100G,null,null,£1.80 Clubcard Price,tea,2024-11-05
Tea India Ginger Chai 40 Tea Bags 100G,£2.80,£2.80/100g,£1.80 Clubcard Price,tea,2024-11-05
Tesco Green Tea With Lemon 20 Tea Bags 50G,£0.75,£1.50/100g,null,tea,2024-11-05
Perfect Ted Organic Matcha Green Tea 30G,£9.95,£33.17/100g,£8.00 Clubcard Price,tea,2024-11-05
Pukka Organic 3 Chamomile 20 Tea Bags 30G,£4.75,£15.83/100g,null,tea,2024-11-05
Pukka Organic 20 Lemongrass & Ginger Tea Bags 36G,£4.75,£13.19/100g,null,tea,2024-11-05
Pukka Organic Vanilla Chai 20 Tea Bags 40G,£4.75,£11.88/100g,null,tea,2024-11-05
Pukka Peace Organic Tea 20 Sachets 30G,£4.75,£15.83/100g,null,tea,2024-11-05
Pukka Organic Vanilla & Manuka 20 Tea Bags 32G,£4.75,£14.84/100g,null,tea,2024-11-05
Pukka Feel New Herbal Tea 20S 40G,£4.75,£11.88/100g,null,tea,2024-11-05
Pukka Elderberry & Echinacea Organic 20 Tea Bags 40G,£4.75,£11.88/100g,null,tea,2024-11-05
Twinings Assam Tea Bags 80S 200G,£5.30,£2.65/100g,£4.00 Clubcard Price,tea,2024-11-05
Pukka Herbal Collection 20 Tea Bags 34.4G,£4.75,£13.81/100g,null,tea,2024-11-05
Twinings Green Tea 80 Tea Bags 200G,£5.00,£2.50/100g,null,tea,2024-11-05
Twinings Everyday Decaff 80 Teabags 250G,£5.30,£2.12/100g,£4.00 Clubcard Price,tea,2024-11-05
Teapigs Peppermint Leaves 15 Tea Bags 30G,£4.75,£15.83/100g,null,tea,2024-11-05
Clipper Organic Fairtrade Green Tea 80S,£4.00,£2.50/100g,null,tea,2024-11-05
Tetley Extra Strong 75 Teabags 237G,£3.75,£1.58/100g,Save 25% £2.75 Clubcard Price,tea,2024-11-05
Tesco Finest English Breakfast 100 Tea Bags 250G,£2.75,£1.10/100g,null,tea,2024-11-05
Twinings Peach & Orange 20 Teabags 40G,£2.80,£7.00/100g,null,tea,2024-11-05
Twinings 40 Spicy Chai T Bags 100G,£2.90,£2.90/100g,null,tea,2024-11-05
Tetley Green Tea Mango & Passion Fruit 50 Tea Bags 100G,£2.85,£2.85/100g,£2.00 Clubcard Price,tea,2024-11-05
Twinings 40 Earl Grey T Bags 100G,£2.90,£2.90/100g,null,tea,2024-11-05
Tesco Lemon & Ginger 40 Tea Bags 80G,£1.75,£2.19/100g,null,tea,2024-11-05
Clipper Organic White Tea 40 Bags 70G,£2.95,£4.21/100g,null,tea,2024-11-05
Tesco Finest Decaffeinated Earl Grey 50 Tea Bags 125G,£1.90,£1.52/100g,null,tea,2024-11-05
Clipper Restore Organic Ginger & Turmeric Tea 36G,£2.75,£7.64/100g,null,tea,2024-11-05
Clipper Sleep Time Chamomile Lemon & Lavender Organic Tea Bags 30G,£2.75,£9.17/100g,null,tea,2024-11-05
Twinings Fennel 20 Tea Bags 40G,£2.50,£6.25/100g,null,tea,2024-11-05
Twinings Assam Loose Tea 125G,£2.45,£1.96/100g,null,tea,2024-11-05
Lift Instant Lemon Flavour Tea Reduced Sweetness 165G,£1.70,£1.03/100g,null,tea,2024-11-05
Tesco Finest Ceylon 50 Tea Bags 125G,£1.90,£1.52/100g,null,tea,2024-11-05
Twinings Green Tea 20 Tea Bags 50G,£2.50,£5.00/100g,null,tea,2024-11-05
Twinings Green Tea Mint 20 Tea Bags 40G,£2.50,£6.25/100g,null,tea,2024-11-05
Tesco Finest Assam Leaf Tea 125G,£1.90,£1.52/100g,null,tea,2024-11-05
Twinings Green Tea Jasmine 20 Tea Bags 50G,£2.50,£5.00/100g,null,tea,2024-11-05
Twinings Green Tea Lemon 20 Tea Bags 40G,£2.50,£6.25/100g,null,tea,2024-11-05
Twinings Green Tea Pear Apple 20 Tea Bags 40G,£2.50,£6.25/100g,null,tea,2024-11-05
Twinings Green Tea Ginger 20 Tea Bags 40G,£2.50,£6.25/100g,null,tea,2024-11-05
Tick Tock Earl Grey Rooibos Tea Bags 40S 90G,£2.25,£2.50/100g,null,tea,2024-11-05
Yorkshire Bedtime Brew 40 Tea Bags 100G,£2.00,£2.00/100g,null,tea,2024-11-05
Pg Tips 80 Cups Loose Tea 250G,£3.00,£1.20/100g,null,tea,2024-11-05
Lift Instant Lemon Flavour Tea 165G,£1.70,£1.03/100g,null,tea,2024-11-05
Tesco Red Berries 40 Tea Bags 120G,£1.75,£1.46/100g,null,tea,2024-11-05
Tesco Green Tea 20 Tea Bags 50G,£0.75,£1.50/100g,null,tea,2024-11-05
Tetley Original Teabags X400 1.25G,£8.25,£0.66/100g,null,tea,2024-11-05
Pukka Organic Winter Warmer 20 Tea Bags 38G,£4.75,£12.50/100g,null,tea,2024-11-05
Pukka Radiance Organic Herbal Tea 20 Sachts 36G,£4.75,£13.19/100g,null,tea,2024-11-05
Pukka Organic Mint Matcha 20 Tea Bags 30G,£4.75,£15.83/100g,null,tea,2024-11-05
Pukka Joy Organic Herbal Tea 20 Bags 34G,£4.75,£13.97/100g,null,tea,2024-11-05
Teapigs Camomile Flowers 15 Tea Bags 22.5G,£4.75,£21.11/100g,null,tea,2024-11-05
Teapigs Mao Feng Green Tea 15 Tea Bags 37.5G,£4.75,£12.67/100g,null,tea,2024-11-05
Teapigs Organic Snooze Sleepy Tea 15S 45G,£4.75,£10.56/100g,null,tea,2024-11-05
Teapigs Everyday Brew 15 Tea Bags 50G,£4.75,£9.50/100g,null,tea,2024-11-05
Twinings 80 English Breakfast T Bags 200G,£4.80,£2.40/100g,£3.25 Clubcard Price,tea,2024-11-05
Twinings Sleep Valerian 20 Teabags 30G,£3.50,£11.67/100g,£2.50 Clubcard Price,tea,2024-11-05
Twinings Wellbeing Collection 20 Teabags 37G,£3.50,£9.46/100g,£2.50 Clubcard Price,tea,2024-11-05
Twinings Sprbnds Immune Support 20 Teabags 40G,£3.50,£8.75/100g,£2.50 Clubcard Price,tea,2024-11-05
Tesco Rooibos 80 Bags 200G,£2.75,£1.38/100g,null,tea,2024-11-05
Twinings Digest Superblends Tea Bags 35G,£3.50,£10.00/100g,£2.50 Clubcard Price,tea,2024-11-05
Twinings Superblends Sleep 30G,£3.50,£11.67/100g,£2.50 Clubcard Price,tea,2024-11-05
Twinings Superblends Detox 40G,£3.50,£8.75/100g,£2.50 Clubcard Price,tea,2024-11-05
Twinings Superblends Calm Tea Bags 30G,£3.50,£11.67/100g,£2.50 Clubcard Price,tea,2024-11-05
Twinings Superblends Glow 40G,£3.50,£8.75/100g,£2.50 Clubcard Price,tea,2024-11-05
Tesco Finest Earl Grey 100 Teabags 250G,£2.75,£1.10/100g,null,tea,2024-11-05
Twinings Rooibos & Honey 20 Teabags 36G,null,null,null,tea,2024-11-05
Twinings Raspberry & Lemon 20 Teabags 40G,£2.80,£7.00/100g,null,tea,2024-11-05
Tesco Finest Earl Grey Leaf 125G,£1.90,£1.52/100g,null,tea,2024-11-05
Tetley Redbush Vanilla 40 Tea Bags 100G,£2.35,£2.35/100g,null,tea,2024-11-05
Thompson's Special Everyday 160 Tea Bags 500G,£4.00,£0.80/100g,null,tea,2024-11-05
Tesco Finest Assams 100 Teabags 250G,£2.75,£1.10/100g,null,tea,2024-11-05
Thompsons' Signature 80 Tea Bags 250G,£3.15,£1.26/100g,null,tea,2024-11-05
Tick Tock Organic Rooibos Green 40S 72G,£2.25,£3.12/100g,null,tea,2024-11-05
Thompsons Irish Breakfast Tea 80 Tea Bags 250G,£2.95,£1.18/100g,null,tea,2024-11-05
Twinings Earl Grey Leaf Tea 125G,£2.45,£1.96/100g,null,tea,2024-11-05
Twinings English Breakfast Leaf Tea 125G,£2.45,£1.96/100g,null,tea,2024-11-05
Twinings Green Tea Decaffeinated 20 Tea Bags 40G,£2.50,£6.25/100g,null,tea,2024-11-05
Tick Tock Rooibos Tea Vanilla 40'S 80G,£2.25,£2.81/100g,null,tea,2024-11-05
Tesco Finest Chai 50 Tea Bags 125G,£1.90,£1.52/100g,null,tea,2024-11-05
Tesco Finest Vanilla Chai 50 Tea Bags 125G,£1.90,£1.52/100g,null,tea,2024-11-05
Tesco Finest Gold 80 Tea Bags 250G,£1.95,£0.78/100g,null,tea,2024-11-05
Tesco Finest Darjeeling 50 Tea Bags 125G,£1.90,£1.52/100g,null,tea,2024-11-05
PerfectTed Matcha Powder Vanilla 75g,£9.95,£13.27/100g,null,tea,2024-11-05
PerfectTed Matcha Powder Summer Berry 75g,£9.95,£13.27/100g,null,tea,2024-11-05
Bubbleology Fruit Tea Mixology Kit,£8.50,£8.50/each,£7.00 Clubcard Price,tea,2024-11-05
Twinings Sprbds Sleep Spiced Apple 40 Teabags 60G,£5.50,£91.67/kg,null,tea,2024-11-05
Pukka Organic Spiced Apple Cinnamon Plus Ginger 20 Tea Bags 40G,£4.75,£11.88/100g,null,tea,2024-11-05
PG Tips Original 400 Tea Bags 1160g,£10.00,£0.86/100g,null,tea,2024-11-05
PG Tips 160 Decaf Tea Bags 464g,£5.99,£1.29/100g,£5.35 Clubcard Price,tea,2024-11-05
Drink Me Chai Signature Blends Matcha Latte 238G,£5.20,£2.18/100g,null,tea,2024-11-05
Twinings Lady Grey Tea Bags X80 200G,£4.80,£2.40/100g,£4.00 Clubcard Price,tea,2024-11-05
Twinings Earl Grey 80 Teabags 200G,£4.80,£2.40/100g,£4.00 Clubcard Price,tea,2024-11-05
Twinings English Breakfast Decaffeinated 80 Tea Bags 218g,£5.00,£2.29/100g,null,tea,2024-11-05
Twinings 20 Selection Fruit Tea Bags 40G,£3.50,£8.75/100g,null,tea,2024-11-05
Twinings Superblends Defence 40G,£3.50,£8.75/100g,null,tea,2024-11-05
Teapigs All Day Brew 40 Tea Bags 108g,£4.60,£4.26/100g,null,tea,2024-11-05
Twinings Superblends Turmeric With Orange & Star Anise x20 Tea Bags 40g,£3.50,£8.75/100g,£2.50 Clubcard Price,tea,2024-11-05
Twinings Sprbds 20 Wind Down Collection 33.2G,£3.50,£10.54/100g,£2.50 Clubcard Price,tea,2024-11-05
Twinings Sprbds Sweet Dreams 20 Tea Bags 40G,£3.50,£87.50/kg,£2.50 Clubcard Price,tea,2024-11-05
Pg Tips Gold Tea 70 Tea Bags 203G,£3.80,£1.87/100g,null,tea,2024-11-05
Drink Me Chai Vanilla Chai Latte 250g,£3.65,£1.46/100g,null,tea,2024-11-05
"Good Earth Herbal Tea Lemon, Ginger & Turmeric 15 Tea Bags 42g",£3.00,£7.14/100g,Save 1/3 £2.00 Clubcard Price,tea,2024-11-05
Good Earth Green Tea Moroccan Mint 15 Tea Bags 27g,£3.00,£11.11/100g,Save 1/3 £2.00 Clubcard Price,tea,2024-11-05
"Good Earth Botanical Tea Hibiscus, Rose & Sweet Berries 15 teabags",£3.00,£7.14/100g,Save 1/3 £2.00 Clubcard Price,tea,2024-11-05
Good Earth White Tea Elderflower & Pear 15 Tea Bags 18g,£3.00,£16.67/100g,Save 1/3 £2.00 Clubcard Price,tea,2024-11-05
Twinings Everyday 80 Teabags 232G,£4.80,£2.07/100g,null,tea,2024-11-05
PG Tips Special Blends English Breakfast 70 Tea Bags 175g,£3.40,£1.94/100g,Save 25% £2.50 Clubcard Price,tea,2024-11-05
Twinings English Breakfast 120 Tea Bags 300g,£6.00,£2.00/100g,null,tea,2024-11-05
Clipper Blackcurrant & Blueberry Organic Infusion 20 Tea Bags 50g,£2.75,£5.50/100g,null,tea,2024-11-05
Typhoo 240 Premium Everyday Tea Bags 750G,£5.00,£0.67/100g,null,tea,2024-11-05
Clipper Peppermint & Spearmint Organic Infusion 20 Tea Bags 34g,£2.75,£8.09/100g,null,tea,2024-11-05
Twinings Tropical Cooler 20 tea bags 30g,£2.49,£8.30/100g,null,tea,2024-11-05
Tesco Digest 20 Tea Bags 40g,£1.75,£4.38/100g,null,tea,2024-11-05
Twinings Peach Cooler 20 Tea Bags 30g,£2.49,£8.30/100g,null,tea,2024-11-05
Twinings English Breakfast Decaffeinated 40 Tea Bags 109g,£3.59,£3.29/100g,null,tea,2024-11-05
PG Tips Special Blends Chai 70 Tea Bags 175g,£3.40,£1.94/100g,Save 25% £2.50 Clubcard Price,tea,2024-11-05
Tesco Immune 20 Tea Bags 40g,£1.75,£4.38/100g,null,tea,2024-11-05
Drink Me Chai Spiced Latte Sachets 6 pack 90g,£2.75,£3.06/100g,null,tea,2024-11-05
Tesco Sleep 20 Tea Bags 40g,£1.75,£4.38/100g,null,tea,2024-11-05
Yorkshire Tea Caramelised Biscuit Brew 40 Tea Bags 112g,£2.00,£1.79/100g,null,tea,2024-11-05
Bubbleology Passion Fruit Bubble Tea 102.5G,£2.30,£2.24/100g,null,tea,2024-11-05
Tesco Finest Gold Loose Leaf Tea 250G,£1.85,£0.74/100g,null,tea,2024-11-05
Typhoo Qt One Cup Tea With Whitener 125G,£1.00,£0.80/100g,null,tea,2024-11-05
Pukka Organic Morning Berry 20 Tea Bags 34G,£4.75,£13.97/100g,null,tea,2024-11-05
Twinings Sprbds Metabolism 20 Teabags 40G,£3.50,£8.75/100g,£2.50 Clubcard Price,tea,2024-11-05
Twinings Sprbds Balance Rose Verbena And Lemon Balm 32G,£3.50,£10.94/100g,£2.50 Clubcard Price,tea,2024-11-05
Bubbleology Mango Bubble Tea with Lychee Popping Boba 102.5g + 35ml,£2.30,£2.30/each,null,tea,2024-11-05
Bubbleology Brown Sugar Milk Bubble Tea 20ml + 50g,£2.30,£2.30/each,null,tea,2024-11-05
PG Tips Special Blends Earl Grey 70 Tea Bags 175g,£3.40,£1.94/100g,Save 25% £2.50 Clubcard Price,tea,2024-11-05
Nescafe Cappuccino Instant Coffee 8 x 15.5g Sachets,£1.95,£1.57/100g,£1.60 Clubcard Price,coffee,2024-11-05
Kenco Rich Instant Coffee 200G,£6.70,£3.35/100g,null,coffee,2024-11-05
Nescafe Quality Street Mocha Sachets 7x19g,£2.10,£1.58/100g,£1.60 Clubcard Price,coffee,2024-11-05
Lavazza Qualita Rossa Ground Coffee 2 X 250G,£8.60,£1.72/100g,null,coffee,2024-11-05
Tesco Italian Inspired Blend Ground Coffee 454G,£5.50,£1.21/100g,null,coffee,2024-11-05
L'or. Classique Instant Coffee 150G,£7.00,£4.67/100g,null,coffee,2024-11-05
L'or. Intense Instant Coffee 150G,£7.00,£4.67/100g,null,coffee,2024-11-05
Nescafe Original Instant Coffee 300g,£7.75,£2.58/100g,£4.90 Clubcard Price,coffee,2024-11-05
Douwe Egberts Pure Gold Instant Coffee 190G,£6.49,£3.42/100g,null,coffee,2024-11-05
Kenco Decaffeinated Instant Coffee 200G,£6.70,£3.35/100g,null,coffee,2024-11-05
Tesco Italian Inspired Blend Ground Coffee 227G,£3.00,£1.32/100g,null,coffee,2024-11-05
Costa Signature Blend Coffee Beans 200G,£4.00,£2.00/100g,Save 25% £3.00 Clubcard Price,coffee,2024-11-05
Tassimo Cadbury Hot Chocolate 8 Pods 240G,£4.75,£1.98/100g,null,coffee,2024-11-05
Costa Signature Blend Ground For Cafetiere & Filter 200G,£4.00,£2.00/100g,Save 25% £3.00 Clubcard Price,coffee,2024-11-05
Nescafe Gold Blend Espresso Instant Coffee 95g,£5.25,£5.53/100g,null,coffee,2024-11-05
Nescafe Dolce Gusto Café Au Lait Coffee Pods x16 160g,£4.25,£2.66/100g,Any 2 for £7.50 Clubcard Price - Selected Nescafe Dolce Gusto Coffee Pods,coffee,2024-11-05
Nescafe Dolce Gusto Cappuccino Coffee Pods x16 186.4g,£4.25,£2.28/100g,Any 2 for £7.50 Clubcard Price - Selected Nescafe Dolce Gusto Coffee Pods,coffee,2024-11-05
Nescafe Dolce Gusto Latte Macchiato Coffee Pods x16 183.2g,£4.25,£2.32/100g,Any 2 for £7.50 Clubcard Price - Selected Nescafe Dolce Gusto Coffee Pods,coffee,2024-11-05
Nescafe Azera Americano Instant Coffee 90g,£6.50,£7.22/100g,null,coffee,2024-11-05
Nescafe Azera Americano Intense Instant Coffee 90g,£6.50,£7.22/100g,null,coffee,2024-11-05
Nescafe Dolce Gusto Flat White Coffee Pods x16 187.2g,£4.25,£2.27/100g,Any 2 for £7.50 Clubcard Price - Selected Nescafe Dolce Gusto Coffee Pods,coffee,2024-11-05
Nescafe Azera Americano Decaff Instant Coffee 90g,£6.50,£7.22/100g,null,coffee,2024-11-05
Tassimo Costa Americano Coffee Pods X12 108G,£5.00,£4.63/100g,Any 3 for £12 Clubcard Price - Selected Tassimo Coffee Pods,coffee,2024-11-05
Nescafe Original Instant Coffee 200g,£5.75,£2.88/100g,null,coffee,2024-11-05
Tassimo Costa Latte 6 Pack 167.4G,£5.00,£2.99/100g,Any 3 for £12 Clubcard Price - Selected Tassimo Coffee Pods,coffee,2024-11-05
Tesco Colombian Ground Coffee 227G,null,null,null,coffee,2024-11-05
Silver Spoon Half Spoon Sugar 1Kg,£2.90,£2.90/kg,null,coffee,2024-11-05
Kenco Smooth Instant Coffee 200G,£6.70,£3.35/100g,null,coffee,2024-11-05
Tassimo Kenco Colombian Coffee Pods X16 136G,£4.75,£3.49/100g,Any 3 for £12 Clubcard Price - Selected Tassimo Coffee Pods,coffee,2024-11-05
Kenco Rich Instant Coffee 200G,£6.70,£3.35/100g,null,coffee,2024-11-05
Tassimo Kenco Americano Grande Pods X16 144G,£4.75,£3.30/100g,Any 3 for £12 Clubcard Price - Selected Tassimo Coffee Pods,coffee,2024-11-05
Kenco Gold Indulgence Instant Coffee 195G,£6.70,£3.44/100g,null,coffee,2024-11-05
Kenco Millicano Americano Instant Coffee 100G,£6.00,£6.00/100g,Half Price £3.00 Clubcard Price,coffee,2024-11-05
Canderel Granular Sweetener 75G,£2.15,£28.67/kg,null,coffee,2024-11-05
Nescafe Gold Blend Instant Coffee 200g,£5.99,£3.00/100g,£5.00 Clubcard Price,coffee,2024-11-05
Arctic Coffee Cafe Latte 1 Litre,null,null,null,coffee,2024-11-05
Nescafe Original Instant Coffee 100g,£3.25,£3.25/100g,null,coffee,2024-11-05
Kenco Original Cappuccino Instant Coffee 8 X 14.8G,£1.90,£1.60/100g,null,coffee,2024-11-05
Kenco Original Latte Instant Coffee 8 X 16.3G,£1.90,£1.46/100g,null,coffee,2024-11-05
Nescafe Double Choc Mocha Instant Coffee 8 x 20.9g Sachets,£1.95,£1.17/100g,£1.60 Clubcard Price,coffee,2024-11-05
Nescafe Cappuccino Instant Coffee 8 x 15.5g Sachets,£1.95,£1.57/100g,£1.60 Clubcard Price,coffee,2024-11-05
Canderel Sweetener 100 Pack,£1.40,£164.71/kg,null,coffee,2024-11-05
Nescafe Cappuccino Decaf Unsweet Instant Coffee 8 x 15g Sachets,£1.95,£1.62/100g,£1.60 Clubcard Price,coffee,2024-11-05
Stockwell & Co. Sweeteners 850S,£0.98,£0.00/each,null,coffee,2024-11-05
Tesco Low Calorie Sucralose-Based Sweetener 75G,£0.90,£12.00/kg,null,coffee,2024-11-05
Stockwell & Co Instant Coffee 100G,£1.00,£1.00/100g,null,coffee,2024-11-05
Tesco Gold Instant Coffee 200G,£2.25,£1.12/100g,null,coffee,2024-11-05
Tesco Classic Instant Coffee 200G,£1.99,£1.00/100g,null,coffee,2024-11-05
Tesco Gold Decaffeinated Instant Coffee 200G,£2.25,£1.12/100g,null,coffee,2024-11-05
Lavazza Qualita Rossa Ground Coffee 250G,£5.10,£2.04/100g,null,coffee,2024-11-05
L'or. Decafeine Instant Coffee 150G,£7.00,£4.67/100g,null,coffee,2024-11-05
Nescafe Original Decaf Instant Coffee 300g,£7.75,£2.58/100g,£4.90 Clubcard Price,coffee,2024-11-05
Tesco Finest Fair Trade Colombian Supremo Ground Coffee 227G,£3.90,£1.72/100g,null,coffee,2024-11-05
Sweetex Calorie Free Sweetener Tablets 1200s,£3.35,£0.00/each,null,coffee,2024-11-05
Tassimo L'or Latte Macchiato Caramel Coffee X7 237.3G,£5.00,£2.11/100g,null,coffee,2024-11-05
Douwe Egberts Pure Indulgence Instant Coffee 190G,£6.49,£3.42/100g,null,coffee,2024-11-05
Tassimo Costa Caramel Latte Coffee Pods X6 203.4G,£5.00,£2.46/100g,null,coffee,2024-11-05
Douwe Egberts Pure Decaffeinated Instant Coffee 190G,£6.49,£3.42/100g,null,coffee,2024-11-05
Nescafe Azera Americano Instant Coffee 140g,£5.75,£4.11/100g,null,coffee,2024-11-05
Tesco House Blend Coffee Beans 227G,£3.00,£1.32/100g,null,coffee,2024-11-05
Tesco House Roast & Ground Coffee 227G,£3.00,£1.32/100g,null,coffee,2024-11-05
Monin Caramel Syrup 250Ml,£3.45,£1.38/100ml,null,coffee,2024-11-05
Rombouts Original One Cup Filter Coffee X10 70G,£3.80,£5.43/100g,£3.30 Clubcard Price,coffee,2024-11-05
Nescafe Dolce Gusto Café Au Lait Decaff Coffee Pods x16 160g,£4.25,£2.66/100g,Any 2 for £7.50 Clubcard Price - Selected Nescafe Dolce Gusto Coffee Pods,coffee,2024-11-05
L’or. Espresso Lungo Profondo Coffee Capsules x10 Intensity 8 52g,null,null,Save 1/3 £2.50 Clubcard Price,coffee,2024-11-05
Starbucks Toffee Nut Latte 12 Coffee Cpsl 127.8G,£4.50,£3.52/100g,£3.25 Clubcard Price,coffee,2024-11-05
Tassimo Costa Cappuccino Pods 6 Pack 210G,£5.00,£2.38/100g,Any 3 for £12 Clubcard Price - Selected Tassimo Coffee Pods,coffee,2024-11-05
L'or. Espresso Ristretto Coffee Pods X10 52G,£3.75,£7.21/100g,Save 1/3 £2.50 Clubcard Price,coffee,2024-11-05
Tassimo Kenco Flat White Pods 8 Pack 220G,£4.75,£2.16/100g,Any 3 for £12 Clubcard Price - Selected Tassimo Coffee Pods,coffee,2024-11-05
Canderel Tablets 300Pk 25.5G,£3.30,£129.41/kg,Save 1/3 £2.20 Clubcard Price,coffee,2024-11-05
Tassimo Kenco Cappuccino Coffee Pods X8 260G,£4.75,£1.83/100g,Any 3 for £12 Clubcard Price - Selected Tassimo Coffee Pods,coffee,2024-11-05
Costa Coffee Caramel Latte Iced Coffee 250ml,£1.60,£0.64/100ml,£1.25 Clubcard Price,coffee,2024-11-05
Arctic Coffee Cafe Latte 330Ml,£1.15,£0.35/100ml,null,coffee,2024-11-05
Costa Instant Coffee Smooth Medium Roast 100G,£5.50,£5.50/100g,£3.00 Clubcard Price,coffee,2024-11-05
Tassimo Kenco Americano Decaff Pods X16 104G,£4.75,£4.57/100g,Any 3 for £12 Clubcard Price - Selected Tassimo Coffee Pods,coffee,2024-11-05
Tesco Decaf Italian Inspired Coffee No.3 227G,£3.00,£1.32/100g,null,coffee,2024-11-05
Arctic Coffee Caramel Latte 1L,£2.20,£0.22/100ml,null,coffee,2024-11-05
Tesco Sucralose Tablet Sweetener 300Pk,£1.50,£0.00/each,null,coffee,2024-11-05
Tesco Finest Costa Rican Instant Coffee 100G,£2.95,£2.95/100g,null,coffee,2024-11-05
Taylors Italian Coffee Bags 10'S 75G,£3.00,£4.00/100g,£2.50 Clubcard Price,coffee,2024-11-05
Tesco Tablet Sweeteners 300 Tablets Pack,£1.50,£0.00/each,null,coffee,2024-11-05
Silverspoon Tablet Sweetener 400Pk,£1.90,£0.00/kg,null,coffee,2024-11-05
Kenco 3 In 1 Instant Smooth White Coffee 5 Sachet 100G,null,null,null,coffee,2024-11-05
Emmi Caffe Latte Skinny 230Ml,£1.85,£0.80/100ml,£1.00 Clubcard Price,coffee,2024-11-05
Kenco Iced Or Hot Vanilla Latte 8 X 20.3G,£1.90,£1.17/100g,null,coffee,2024-11-05
Kenco Iced Or Hot Salted Caramel Latte 8 X 20.3G,£1.90,£1.17/100g,null,coffee,2024-11-05
Melitta Coffee Filter Papers 1X4 40 Pack,£1.25,£0.03/each,null,coffee,2024-11-05
Nescafe Cappuccino Unsweetened Instant Coffee 8 x 14.2g Sachets,£1.95,£1.72/100g,£1.60 Clubcard Price,coffee,2024-11-05
Nescafe Gold Blend Decaf Instant Coffee 200g,£5.99,£3.00/100g,£5.00 Clubcard Price,coffee,2024-11-05
Tesco Low Calorie Aspartame-Based Sweetener 75G,£1.40,£18.67/kg,null,coffee,2024-11-05
Tesco Cappuccino Sachets 124G (8*15.5G),£1.10,£0.89/100g,null,coffee,2024-11-05
Tesco Classic Decaffeinated Coffee 200G,£1.99,£1.00/100g,null,coffee,2024-11-05
Tesco Gold Instant Coffee 500G,£5.50,£1.10/100g,null,coffee,2024-11-05
Lavazza Caffe Espresso Ground Coffee 250G,£5.35,£2.14/100g,null,coffee,2024-11-05
Starbucks Doubleshot Espresso Iced Coffee 200ml,£2.20,£1.10/100ml,null,coffee,2024-11-05
Lavazza Decaffeinated Ground Coffee 250G,£5.35,£2.14/100g,null,coffee,2024-11-05
Douwe Egberts Pure Gold 400G,£13.00,£3.25/100g,null,coffee,2024-11-05
Starbucks Caramel Macchiato Iced Coffee 220ml,£2.20,£1.00/100ml,null,coffee,2024-11-05
Lavazza A Modo Mio Passionale Coffee 16 Capsules,£5.50,£4.58/100g,null,coffee,2024-11-05
Splenda Sweetener 500Pk,£5.90,£786.67/kg,null,coffee,2024-11-05
Hermesetas Mini Sweeteners 800 Pack,£2.90,£0.00/each,null,coffee,2024-11-05
Tesco Italian Inspired Espresso Coffee Beans Medium - Strong 454G,null,null,null,coffee,2024-11-05
Tesco Finest Roast & Ground Coffee Sumatra Mandheling 227G,£3.90,£1.72/100g,null,coffee,2024-11-05
Starbucks by Nescafe Dolce Gusto House Blend Medium Roast Coffee Pods x12 102g,null,null,£3.25 Clubcard Price,coffee,2024-11-05
Starbucks by Nescafe Dolce Gusto Caramel Macchiato Coffee Pods x12 127.8g,£4.50,£3.52/100g,£3.25 Clubcard Price,coffee,2024-11-05
Starbucks Caffè Latte by Nescafe Dolce Gusto Coffee Pods x12 121.2g,£4.50,£3.71/100g,£3.25 Clubcard Price,coffee,2024-11-05
Tesco Finest 10 Ristretto Espresso Capsules 54G,£2.90,£5.37/100g,£2.60 Clubcard Price,coffee,2024-11-05
Tesco Finest 10 Leggero Coffee Capsules Strength 6 54G,£2.90,£5.37/100g,£2.60 Clubcard Price,coffee,2024-11-05
Tesco Espresso Ground Coffee 227G,£3.00,£1.32/100g,null,coffee,2024-11-05
Tesco Finest 10 Colombia Supremo Coffee Capsules 54G,£2.90,£5.37/100g,£2.60 Clubcard Price,coffee,2024-11-05
Costa Coffee Mocha Italia Signature Decaf Blend 200G,£4.00,£2.00/100g,Save 25% £3.00 Clubcard Price,coffee,2024-11-05
Monin Vanilla Syrup 25Cl,£3.45,£1.38/100ml,null,coffee,2024-11-05
Costa Amazonian Blend Whole Coffee Beans 200G,£4.00,£2.00/100g,Save 25% £3.00 Clubcard Price,coffee,2024-11-05
Galaxy Hot Chocolate Pods 8X17g,£3.80,£2.79/100g,null,coffee,2024-11-05
L'or. 10 Espresso Ristretto Decaff Coffee Pods 52G,£3.75,£7.21/100g,Save 1/3 £2.50 Clubcard Price,coffee,2024-11-05
Tesco Finest Kenyan Fair Trade Ground Coffee 227G,£3.90,£1.72/100g,null,coffee,2024-11-05
Kenco Millicano Americano Intense Instant Coffee 95G,£6.00,£6.32/100g,Half Price £3.00 Clubcard Price,coffee,2024-11-05
L’Or Espresso Supremo 10 Capsules 52G,£3.75,£7.21/100g,Save 1/3 £2.50 Clubcard Price,coffee,2024-11-05
Tassimo Milk Pods 16 Servings,£4.75,£29.69/100g,Any 3 for £12 Clubcard Price - Selected Tassimo Coffee Pods,coffee,2024-11-05
Costa Instant Coffee Intense Dark Roast 100G,null,null,£3.00 Clubcard Price,coffee,2024-11-05
Truvia Sweetener From Stevia Leaf 100 Tablets 5G,£2.60,£520.00/kg,null,coffee,2024-11-05
Coffee Mate The Original Tin 325g,£3.45,£1.06/100g,null,coffee,2024-11-05
Arctic Coffee Caramel Latte 330Ml,£1.15,£0.35/100ml,null,coffee,2024-11-05
Kenco Millicano Americano Decaff Instant Coffee 100G,£6.00,£6.00/100g,Half Price £3.00 Clubcard Price,coffee,2024-11-05
Nescafe Gold Blend Alta Rica Instant Coffee 95g,£3.85,£4.05/100g,null,coffee,2024-11-05
Nescafe Original Decaf Instant Coffee 100g,£3.25,£3.25/100g,null,coffee,2024-11-05
Splenda Low Calorie Sweetener Granulated 125G,£3.00,£24.00/kg,null,coffee,2024-11-05
Emmi Caffe Latte Mr Big Skinny 370Ml,£2.65,£0.72/100ml,"£5 Meal Deal Clubcard Price £5.50 Meal Deal Regular Price - Selected Drink + Snack + Tesco Finest* Or Branded Sandwich, Wrap, Roll, Salad Or Sushi",coffee,2024-11-05
Nescafe Gold Blend Roastery Collection Dark Roast Instant Coffee 95g,£6.20,£6.53/100g,Better than Half Price £3.00 Clubcard Price,coffee,2024-11-05
Nescafe Gold Blend Intense Instant Coffee 200g,£5.99,£3.00/100g,£5.00 Clubcard Price,coffee,2024-11-05
Nescafe Gold Blend Smooth Instant Coffee 200g,£5.99,£3.00/100g,£5.00 Clubcard Price,coffee,2024-11-05
Taylors 10 Hot Lava Java Coffee Bags 75G,£3.00,£4.00/100g,£2.50 Clubcard Price,coffee,2024-11-05
Costa Creamy Cappuccino Coffee 6 X 17G,£2.30,£2.26/100g,null,coffee,2024-11-05
Costa Coffee Millionaires Mocha 6X23g,£2.30,£1.67/100g,null,coffee,2024-11-05
Costa Salted Caramel Latte Coffee 6X17g,£2.30,£2.26/100g,null,coffee,2024-11-05
Mellow Birds Instant Coffee 200G,£4.80,£2.40/100g,null,coffee,2024-11-05
Emmi Caffe Latte Cappuccino Ready To Drink 230Ml,£1.85,£0.80/100ml,£1.00 Clubcard Price,coffee,2024-11-05
Nescafe Caramel Latte Instant Coffee 8 x 17g Sachets,null,null,£1.60 Clubcard Price,coffee,2024-11-05
Camp Chicory And Coffee Essence 241Ml,£2.00,£0.83/100ml,null,coffee,2024-11-05
Tesco Mocha Sachets 160G (8X20g),£1.10,£0.69/100g,null,coffee,2024-11-05
Lavazza Qualita Rossa Coffee Beans 1Kg,£18.50,£1.85/100g,null,coffee,2024-11-05
Lavazza Decaf Coffee Beans 500G,£11.00,£2.20/100g,null,coffee,2024-11-05
Taylors Of Harrogate Italian Coffee Beans 1Kg,£14.25,£1.42/100g,null,coffee,2024-11-05
Cafe Direct Organic Machu Picchu Coffee Bean 750G,£13.00,£1.73/100g,£11.50 Clubcard Price,coffee,2024-11-05
Lofbergs Brazil Coffee Lovers Medium Roast Whole Bean 400G,£7.25,£1.81/100g,null,coffee,2024-11-05
Lavazza Crema E Gusto Coffee 250G,£4.50,£1.80/100g,null,coffee,2024-11-05
Lavazza Qualita Rossa Coffee Beans 250G,£5.10,£2.04/100g,null,coffee,2024-11-05
Percol Americano 20 Coffee Bags 160G,£5.70,£3.56/100g,null,coffee,2024-11-05
Lavazza Qualita Oro Beans 250G,£5.35,£2.14/100g,null,coffee,2024-11-05
Percol Colombian Coffee Bags 20 Pack 160G,£5.70,£3.56/100g,null,coffee,2024-11-05
Illy Espresso Ground Coffee 250G,£6.80,£2.72/100g,£5.50 Clubcard Price,coffee,2024-11-05
Canderel Refill Sachets 500Pk 42.5G,£5.30,£124.71/kg,null,coffee,2024-11-05
Illy Classic Roast Coffee Beans 250G,£6.80,£2.72/100g,£5.50 Clubcard Price,coffee,2024-11-05
Starbucks Multiserve Caramel Macchiato Iced Coffee 750ml,£3.75,£0.50/100ml,null,coffee,2024-11-05
Truvia Sweetener From Stevia Leaf Extract 270G,£5.50,£20.37/kg,£3.70 Clubcard Price,coffee,2024-11-05
"Starbucks Oat Based Vanilla Macchiato Iced Coffee, Plant-Based 220ml",£2.20,£1.00/100ml,null,coffee,2024-11-05
Starbucks Multiserve Caffè Latte Iced Coffee 750ml,£3.75,£0.50/100ml,null,coffee,2024-11-05
Tesco Finest 10 Accordo Capsules No. 8 Strength 54G,£2.90,£5.37/100g,£2.60 Clubcard Price,coffee,2024-11-05
Tesco Finest Roast & Ground Colombian Coffee Decaffeinated 227G,£3.90,£1.72/100g,null,coffee,2024-11-05
Tesco Finest Accordo Decaffeinated Coffee Capsules 54G,£2.90,£5.37/100g,£2.60 Clubcard Price,coffee,2024-11-05
Monin No Added Sugar Salted Caramel Syrup 25Cl,£3.45,£1.38/100ml,null,coffee,2024-11-05
Costa Coffee Caramel Latte Iced Coffee 750ml,£3.00,£0.40/100ml,null,coffee,2024-11-05
Costa Coffee Latte Iced Coffee 750ml,£3.00,£0.40/100ml,null,coffee,2024-11-05
Lavazza Espresso Lungo Coffee Capsules X10 45G,£4.00,£7.14/100g,null,coffee,2024-11-05
Lavazza Espresso Intenso Coffee Capsules X10 57G,£4.00,£7.02/100g,null,coffee,2024-11-05
Costa Coffee Latte Iced Coffee 250ml,£1.60,£0.64/100ml,£1.25 Clubcard Price,coffee,2024-11-05
Tchibo Family Roasted Ground Coffee 250G,£2.75,£1.10/100g,null,coffee,2024-11-05
Nescafe Gold Blend Roastery Collection Light Roast Instant Coffee 95g,£6.20,£6.53/100g,Better than Half Price £3.00 Clubcard Price,coffee,2024-11-05
Nescafe Gold Blend Instant Coffee Paper Refill 150g,£4.50,£3.00/100g,£4.00 Clubcard Price,coffee,2024-11-05
Califia Farms Mocha Cold Brew Dairy Free Coffee Drink with Almond 750ml,£2.95,£3.93/litre,null,coffee,2024-11-05
Tesco Finest Colombian Instant Coffee 100G,£2.95,£2.95/100g,null,coffee,2024-11-05
Taylors Flying Start Coffee Bags 10S 75G,£3.00,£4.00/100g,£2.50 Clubcard Price,coffee,2024-11-05
Taylors Decaffe Coffee Bags 10 Pack 75G,£3.00,£4.00/100g,£2.50 Clubcard Price,coffee,2024-11-05
Green Canderel Stevia 100 Pack,£1.65,£0.02/each,null,coffee,2024-11-05
Tesco Latte Macchiato Sachets 124G (8*15.5G),£1.10,£0.89/100g,null,coffee,2024-11-05
Tassimo Suny Black,£49.00,£49.00/each,null,coffee,2024-11-05
Lavazza Espresso Barista Intenso Coffee Beans 1Kg,£23.00,£2.30/100g,null,coffee,2024-11-05
Lavazza Caf Espresso Beans 1Kg,£19.50,£1.95/100g,null,coffee,2024-11-05
Tassimo Costa Americano 60 Drinks 108G X 5,£20.00,£3.70/100g,null,coffee,2024-11-05
Tesco Italian Inspired Espresso Coffee Beans 1Kg,£10.50,£1.05/100g,null,coffee,2024-11-05
Taylors Lazy Sunday Roast Ground Coffee 200G,£4.35,£2.18/100g,Any 2 for £7 Clubcard Price - Selected Taylors Coffee 200g,coffee,2024-11-05
Taylors Hot Lava Java Roast Ground Coffee 200G,£4.35,£2.18/100g,Any 2 for £7 Clubcard Price - Selected Taylors Coffee 200g,coffee,2024-11-05
Taylors Rich Italian Roast Ground Coffee 200G,£4.35,£2.18/100g,Any 2 for £7 Clubcard Price - Selected Taylors Coffee 200g,coffee,2024-11-05
Union House Roast Cafetiere Grind Coffee 200G,£6.50,£3.25/100g,£5.00 Clubcard Price,coffee,2024-11-05
Lavazza Tales of Roma Ground Coffee 200g,£6.00,£3.00/100g,null,coffee,2024-11-05
Lavazza Tales of Napoli Ground Coffee 200g,£6.00,£3.00/100g,null,coffee,2024-11-05
Union Timana Cafetiere Grind Coffee 200G,£6.50,£3.25/100g,£5.00 Clubcard Price,coffee,2024-11-05
Taylors Decaffe Roast Ground Coffee 200G,£4.35,£2.18/100g,Any 2 for £7 Clubcard Price - Selected Taylors Coffee 200g,coffee,2024-11-05
Illy Dark Roast Espresso Machine Coffee 250G,£6.80,£2.72/100g,£5.50 Clubcard Price,coffee,2024-11-05
Illy Espresso Decaffeinated Ground Coffee 250G,£6.80,£2.72/100g,£5.50 Clubcard Price,coffee,2024-11-05
"Grind, House Decaf Ground Coffee, 200 grams",£5.50,£2.75/100g,null,coffee,2024-11-05
Nescafe Dolce Gusto Café Au Lait Coffee Pods x30 300g,£6.50,£2.17/100g,null,coffee,2024-11-05
Lofbergs Brazil Single Origin Ground Coffee 250g,£4.50,£1.80/100g,null,coffee,2024-11-05
Taylors Of Harrogate Flying Start Ground Roast Coffee 200g,£4.50,£2.25/100g,null,coffee,2024-11-05
Lofbergs Organic 100% Arabica Ground Coffee 250g,£4.50,£1.80/100g,null,coffee,2024-11-05
Lofbergs Colombia Single Origin Ground Coffee 250g,£4.50,£1.80/100g,null,coffee,2024-11-05
Tesco Finest Peruvian Roast & Ground Coffee 227g,£3.90,£1.72/100g,null,coffee,2024-11-05
Cafedirect Machu Picchu Fairtrade Organic Ground Coffee 200g,£4.35,£2.18/100g,£3.50 Clubcard Price,coffee,2024-11-05
Cafedirect Machu Picchu Fairtrade Decaffeinated Ground Coffee 200g,£4.35,£2.18/100g,£3.50 Clubcard Price,coffee,2024-11-05
Taylors of Harrogate Decaffe Coffee Beans 200g,£4.50,£2.25/100g,null,coffee,2024-11-05
Pure Via 100% Erythritol Nature Sweet 250G,£3.35,£13.40/kg,£2.25 Clubcard Price,coffee,2024-11-05
Tesco Finest Fairtrade Brazilian Roast & Ground Coffee 227g,£3.90,£1.72/100g,null,coffee,2024-11-05
Quaterpast Mocha Iced Coffee Concentrate 360Ml,£4.00,£1.11/100ml,null,coffee,2024-11-05
Costa Roast & Ground Intensely Dark Amazonian Blend 200g,£4.00,£2.00/100g,null,coffee,2024-11-05
Quaterpast Original Iced Coffee Concentrate 360Ml,£4.00,£1.11/100ml,null,coffee,2024-11-05
Little's Coffee French Vanilla 10 Capsules 55G,£3.90,£7.09/100g,null,coffee,2024-11-05
Emmi Caffe Latte Mr Big Caramel 370ml,£2.65,£0.72/100ml,"£5 Meal Deal Clubcard Price £5.50 Meal Deal Regular Price - Selected Drink + Snack + Tesco Finest* Or Branded Sandwich, Wrap, Roll, Salad Or Sushi",coffee,2024-11-05
Nescafe Gold Blend Instant Coffee 100g,£3.45,£3.45/100g,null,coffee,2024-11-05
Starbucks Toffee Nut Latte Sachets 4X23g,£3.30,£3.59/100g,Better than Half Price £1.50 Clubcard Price,coffee,2024-11-05
Costa Intense Amazonian Blend Coffee Beans 1kg,£16.50,£1.65/100g,null,coffee,2024-11-05
Lofbergs Brazil Single Origin Whole Coffee Beans 1kg,£13.00,£1.30/100g,null,coffee,2024-11-05
Tesco Finest Fairtrade Colombian Supremo Roasted Coffee Beans 750g,£11.00,£1.47/100g,null,coffee,2024-11-05
Taylors Lazy Sunday Roast Coffee Beans 200G,£4.35,£2.18/100g,Any 2 for £7 Clubcard Price - Selected Taylors Coffee 200g,coffee,2024-11-05
Lavazza Tales of Italy Roma Beans 250g,£6.00,£2.40/100g,null,coffee,2024-11-05
"Grind, House Blend Whole Bean Coffee, 200 grams",£5.50,£2.75/100g,null,coffee,2024-11-05
Tesco Finest Fairtrade Sumatra Mandheling Roasted Coffee Beans 227g,£3.90,£1.72/100g,null,coffee,2024-11-05
Taylors Rich Italian Roast Coffee Beans 200G,£4.35,£2.18/100g,Any 2 for £7 Clubcard Price - Selected Taylors Coffee 200g,coffee,2024-11-05
Kenco Millicano Cappuccino Tin 210g,£5.00,£2.38/100g,£3.50 Clubcard Price,coffee,2024-11-05
Kenco Millicano Latte Tin 220g,£5.00,£2.27/100g,£3.50 Clubcard Price,coffee,2024-11-05
Drink Me Chai Dirty Chai Latte 200g,£3.65,£1.82/100g,null,coffee,2024-11-05
Douwe Egberts Pure Gold Paper Refill Instant Coffee 150G,£5.20,£3.47/100g,null,coffee,2024-11-05
L'or. Classique Paper Refill Instant Coffee 125G,£5.80,£4.64/100g,null,coffee,2024-11-05
L'or. Intense Paper Refill Instant Coffee 125G,£5.80,£4.64/100g,null,coffee,2024-11-05
Nescafe Gold Smooth Vanilla Instant Coffee 95g,£5.00,£5.26/100g,null,coffee,2024-11-05
Nescafe Gold Rich Caramel Instant Coffee 95g,£5.00,£5.26/100g,null,coffee,2024-11-05
Kenco Millicano Mocha Tin 250g,£5.00,£2.00/100g,null,coffee,2024-11-05
Nescafe G/Blnd Cap Colombia Instant Coffee 95G,£3.85,£4.05/100g,null,coffee,2024-11-05
Starbucks Caramel Macchiato Grande Iced Coffee 330ml,£2.80,£0.85/100ml,"£5 Meal Deal Clubcard Price £5.50 Meal Deal Regular Price - Selected Drink + Snack + Tesco Finest* Or Branded Sandwich, Wrap, Roll, Salad Or Sushi",coffee,2024-11-05
Costa Coffee Smooth Medium Roast instant 150g,£7.50,£5.00/100g,null,coffee,2024-11-05
Kenco Decaf Paper Refill Instant Coffee 150G,£4.65,£3.10/100g,£4.00 Clubcard Price,coffee,2024-11-05
Kenco Rich Paper Refill Instant Coffee 150G,£4.65,£3.10/100g,£4.00 Clubcard Price,coffee,2024-11-05
Arctic Coffee Protein Caramel Latte 330ml,£1.15,£0.35/100ml,null,coffee,2024-11-05
Kenco Smooth Paper Refill Instant Coffee 150G,£4.65,£3.10/100g,£4.00 Clubcard Price,coffee,2024-11-05
Nescafe Original Instant Coffee Refill 150g,£4.40,£2.93/100g,£3.00 Clubcard Price,coffee,2024-11-05
Emmi Caffe Latte High Protein Drink 230Ml,£1.85,£0.80/100ml,£1.00 Clubcard Price,coffee,2024-11-05
Emmi Caffe Latte Caramel 230Ml,£1.85,£0.80/100ml,£1.00 Clubcard Price,coffee,2024-11-05
Jimmy's Iced Coffee Original 250ml,£1.75,£0.70/100ml,null,coffee,2024-11-05
Kenco Instant Cappuccino Unsweetened 8 Sachets 88.8G,£1.90,£21.40/kg,null,coffee,2024-11-05
Jimmy's Iced Coffee Mocha 250ml,£1.75,£0.70/100ml,null,coffee,2024-11-05
Barista Coffee Co Caffe Latte 250ml,£0.70,£0.28/100ml,null,coffee,2024-11-05
Barista Coffee Co Caramel Latte 250ml,£0.70,£0.28/100ml,null,coffee,2024-11-05
Arctic Coffee Toffee Nut Latte Limited Edition 330ml,£1.15,£3.48/litre,null,coffee,2024-11-05
Nescafe 2in1 Original Coffee Sachets 8x9G 72g,£1.35,£1.88/100g,null,coffee,2024-11-05
Nescafe 3in1 Original Coffee Sachets 8x16g,£1.35,£1.06/100g,null,coffee,2024-11-05
Emmi Caffe Latte Hazelnut Brownie 230ml,£1.85,£0.80/100ml,£1.00 Clubcard Price,coffee,2024-11-05
Tassimo Costa Latte Coffee Pods X 30 835G,£20.00,£2.40/100g,null,coffee,2024-11-05
Tassimo Costa Cappuccino Coffee Pods 30 Drinks 5X210g,£20.00,£1.90/100g,null,coffee,2024-11-05
Starbucks by Nespresso House Blend Lungo Coffee Pods x36 206g,£10.00,£4.85/100g,null,coffee,2024-11-05
Nescafe Dolce Gusto Americano Intenso Coffee Pods x16 132.8g,£4.25,£3.20/100g,Any 2 for £7.50 Clubcard Price - Selected Nescafe Dolce Gusto Coffee Pods,coffee,2024-11-05
Lavazza A Modo Mio Lungo Dolce Compo 16 Capsules 128g,£5.50,£4.30/100g,null,coffee,2024-11-05
L'or. Ristretto Pod 20 Pack 104G,£5.75,£5.53/100g,null,coffee,2024-11-05
Nescafe Dolce Gusto Americano Coffee Pods x30 255g,£6.50,£2.55/100g,null,coffee,2024-11-05
Starbucks by Nescafe Dolce Gusto White Mocha Coffee Pods x12 123g,£4.50,£3.66/100g,£3.25 Clubcard Price,coffee,2024-11-05
Costa Coffee Cappuccino Pods 10 X 13G,£4.50,£3.46/100g,null,coffee,2024-11-05
Costa Coffee Latte Pods 10 X 16G,£4.50,£2.81/100g,null,coffee,2024-11-05
Costa Coffee Caramel Latte Pods 10 X 16G,£4.50,£2.81/100g,null,coffee,2024-11-05
Celebrations Hot Chocolate Pods 8 Pack 122G,£4.50,£3.69/100g,null,coffee,2024-11-05
Cafepod Supercharger 10 Pack 55G,£3.80,£6.91/100g,£3.00 Clubcard Price,coffee,2024-11-05
Cafepod Craft Coffee Brunch Blend 10 Pack 55G,£3.80,£6.91/100g,£3.00 Clubcard Price,coffee,2024-11-05
Costa Coffee Barista Creations Salted Caramel 255G,£4.50,£1.76/100g,£3.50 Clubcard Price,coffee,2024-11-05
Costa Coffee Creamy Cappuccino Instant Coffee 255g,£4.50,£1.76/100g,£3.50 Clubcard Price,coffee,2024-11-05
Nescafe Dolce Gusto Gold Blend 16 Pods 112g,£4.25,£3.80/100g,Any 2 for £7.50 Clubcard Price - Selected Nescafe Dolce Gusto Coffee Pods,coffee,2024-11-05
Nescafe Dolce Gusto Americano Coffee Pods x16 136g,£4.25,£3.12/100g,Any 2 for £7.50 Clubcard Price - Selected Nescafe Dolce Gusto Coffee Pods,coffee,2024-11-05
Tesco Finest 10 Vanilla Flavour Coffee Capsules 54G,£2.90,£5.37/100g,£2.60 Clubcard Price,coffee,2024-11-05
Starbucks by Nescafe Dolce Gusto Madagascar Vanilla Macchiato Coffee Pods x12 132g,£4.50,£3.41/100g,£3.25 Clubcard Price,coffee,2024-11-05
Monin Cinnamon Roll syrup 25cl,£3.45,£1.38/100ml,null,coffee,2024-11-05
Monin Pumpkin Spice syrup 25cl,£3.45,£1.38/100ml,null,coffee,2024-11-05
L'or. 10 Colombia Coffee Capsules 52G,£3.75,£7.21/100g,Save 1/3 £2.50 Clubcard Price,coffee,2024-11-05
Hunt and Brew Brazil Coffee Mogiana 330ml,£3.45,£1.04/100ml,null,coffee,2024-11-05
Hunt and Brew Colombia Coffee Huila 330ml,£3.45,£1.04/100ml,null,coffee,2024-11-05
Starbucks Creamy Vanilla Flavoured Coffee Pods x10 51g,£4.50,£8.82/100g,null,coffee,2024-11-05
Starbucks Smooth Caramel Flavoured Coffee Pods x10 51g,£4.50,£8.82/100g,null,coffee,2024-11-05
Tassimo Cadbury Hot Chocolate Orange Pods 8 Pack 240G,£5.00,£2.08/100g,Any 3 for £12 Clubcard Price - Selected Tassimo Coffee Pods,coffee,2024-11-05
Hunt and Brew Ethiopia Black Coffee Yirgacheffe 330ml,£3.45,£1.04/100ml,null,coffee,2024-11-05
Tesco Coffee Whitener 460G,£2.50,£0.54/100g,null,coffee,2024-11-05
"Grind, Iced Flat White Coffee, 250 ml",£2.00,£0.80/100ml,Half Price £1.00 Clubcard Price,coffee,2024-11-05
"Grind, Iced Caramel Latte Coffee, 250 ml",£2.00,£0.80/100ml,Half Price £1.00 Clubcard Price,coffee,2024-11-05
Costa Coffee Maple Hazel Latte 85g,£2.30,£2.71/100g,null,coffee,2024-11-05
Arctic Coffee Mocha 1L,£2.20,£0.22/100ml,null,coffee,2024-11-05
L'OR Decaf Paper Refill Instant Coffee 125G,£5.80,£4.64/100g,null,coffee,2024-11-05
Costa Coffee Gingerbread Latte 6 x 17g,£2.30,£2.26/100g,null,coffee,2024-11-05
Jimmy's Iced Coffee Caramel 250ml,£1.75,£0.70/100ml,null,coffee,2024-11-05
Nescafe Sticky Toffee Pudding Latte 7 x 20g Sachets,£2.10,£1.50/100g,£1.60 Clubcard Price,coffee,2024-11-05
Nescafe Latte Coffee Sachets x8 144g,£1.95,£1.35/100g,£1.60 Clubcard Price,coffee,2024-11-05
Nescafe Toffee Nut Latte Instant Coffee 8 x 18.6g Sachets,£2.10,£1.41/100g,£1.60 Clubcard Price,coffee,2024-11-05
Nescafe Vanilla Cookie Dough Latte Sachets 7x19.5g,£2.10,£1.54/100g,£1.60 Clubcard Price,coffee,2024-11-05
Starbucks Caramel Latte 5 X 23G,£3.30,£28.70/kg,Better than Half Price £1.50 Clubcard Price,coffee,2024-11-05
STARBUCKS ESPRESSO ROAST 36 PODS 202G,£10.00,£4.95/100g,null,coffee,2024-11-05
"Grind, Dark Blend Ground Coffee, 200 grams",£5.50,£2.75/100g,null,coffee,2024-11-05
"Grind, House Blend Ground Coffee, 200 grams",£5.50,£2.75/100g,null,coffee,2024-11-05
Starbucks Toffee Nut Nespresso Pods 10 Pack 51G,£4.50,£8.82/100g,null,coffee,2024-11-05
"Grind, House Blend Coffee Pods, Biodegradable & Sustainable, 10 pods, 52 grams",£4.25,£8.17/100g,£3.00 Clubcard Price,coffee,2024-11-05
Tesco Finest 10 Hazelnut Flavour Coffee Capsules 54G,£2.90,£5.37/100g,£2.60 Clubcard Price,coffee,2024-11-05
"Grind, Dark Roast Coffee Pods, Biodegradable & Sustainable, 10 pods, 52 grams",£4.25,£8.17/100g,£3.00 Clubcard Price,coffee,2024-11-05
Lavazza Nespresso Capsule Oro,£4.00,£72.73/kg,null,coffee,2024-11-05
Perfect Ted Vanilla Matcha Nespresso Capsules 10x5g,£4.00,£8.00/100g,null,coffee,2024-11-05
Perfect Ted 10 Ceremonial Grade Matcha Nespresso Capsules 15g,£4.00,£26.67/100g,null,coffee,2024-11-05
LAVAZZA Qualità Rossa Ground coffee capsules 10 pcs,£4.00,£0.40/each,null,coffee,2024-11-05
Costa Coffee Smooth Medium Roast Lungo Coffee Capsules 10 Pack 52g,£3.35,£6.44/100g,null,coffee,2024-11-05
Costa Bold Colombian Single Origin Coffee Capsules 10 pack 52g,£3.35,£6.44/100g,null,coffee,2024-11-05
Costa Coffee Dark Intense Roast Coffee Capsules 10 Pack 52g,£3.35,£6.44/100g,null,coffee,2024-11-05
Starbucks by Nespresso Espresso Roast Coffee Pods x10 57g,£4.00,£7.02/100g,null,coffee,2024-11-05
Starbucks by Nespresso Single-Origin Sumatra Espresso Coffee Pods x10 55g,£4.00,£7.27/100g,null,coffee,2024-11-05
Starbucks by Nespresso House Blend Lungo Coffee Pods x10 57g,£4.00,£7.02/100g,null,coffee,2024-11-05
Starbucks by Nespresso Decaf Espresso Roast Coffee Pods x10 57g,£4.00,£7.02/100g,null,coffee,2024-11-05
Starbucks by Nespresso Blonde Espresso Roast Coffee Pods x10 53g,£4.00,£7.55/100g,null,coffee,2024-11-05
Starbucks by Nespresso Single-Origin Colombia Espresso Coffee Pods x10 57g,£4.00,£7.02/100g,null,coffee,2024-11-05
Nescafe Quality Street Mocha Sachets 7x19g,£2.10,£1.58/100g,£1.60 Clubcard Price,coffee,2024-11-05
Nescafe Aero Peppermint Mocha 7x19g,£2.10,£1.58/100g,£1.60 Clubcard Price,coffee,2024-11-05
Starbucks White Mocha Instant Coffee Sachets 5x24g,£3.30,£2.75/100g,Better than Half Price £1.50 Clubcard Price,coffee,2024-11-05
Lofbergs Espresso Whole Coffee Beans 1kg,£13.00,£1.30/100g,null,coffee,2024-11-05
Inch's Medium Apple Cider Can 10x440ml,£10.50,£2.39/litre,null,beer_cider,2024-11-05
Peroni Stile Capri Beer Lager Bottles 10x330ml,£13.00,£3.94/litre,null,beer_cider,2024-11-05
Birra Moretti Premium Lager Beer Can 6x330ml,£8.00,£4.04/litre,null,beer_cider,2024-11-05
Peroni Nastro Azzurro Beer Lager Bottles 12x330ml,£18.00,£4.54/litre,£13.00 Clubcard Price,beer_cider,2024-11-05
Peroni Nastro Azzurro Beer Lager Bottles 18x330ml,£24.50,£4.12/litre,null,beer_cider,2024-11-05
Coors Lager Beer Bottle 18 x 330ml,£16.00,£2.69/litre,null,beer_cider,2024-11-05
Thatchers Gold Cider 10X440ml Can,£11.00,£2.50/litre,£9.00 Clubcard Price,beer_cider,2024-11-05
Stella Artois Unfiltered Lager 10 X 440Ml,£14.00,£3.18/litre,null,beer_cider,2024-11-05
Asahi Super Dry Beer Lager Bottles 12x330ml,£18.00,£4.54/litre,null,beer_cider,2024-11-05
San Miguel Especial Lager Beer Can 10x440ml,£13.00,£2.96/litre,£10.00 Clubcard Price,beer_cider,2024-11-05
Carlsberg Danish Pilsner Lager Beer Can 18x440ml,£12.99,£1.64/litre,£10.00 Clubcard Price,beer_cider,2024-11-05
Stella Artois Lager 10X440ml,£9.99,£2.27/litre,null,beer_cider,2024-11-05
Crofters Apple Cider 2 Litre Pet,£2.80,£1.40/litre,null,beer_cider,2024-11-05
Peroni Nastro Azzurro Beer Lager Bottle 500ml,£2.09,£4.18/litre,Any 3 for £6 Clubcard Price - Selected Beers 450ml-660ml,beer_cider,2024-11-05
Asahi Super Dry Beer Lager Bottle 500ml,£2.35,£4.70/litre,Any 3 for £6 Clubcard Price - Selected Beers 450ml-660ml,beer_cider,2024-11-05
Guinness 0.0% Alcohol Free Draught Stout 4X440ml,£5.00,£2.84/litre,null,beer_cider,2024-11-05
Erdinger Alkoholfrei Alcohol Free Wheat Beer Bottle 500ml,£1.75,£3.50/litre,null,beer_cider,2024-11-05
Kopparberg Alcohol Free Pear Cider 500Ml,£1.50,£3.00/litre,£1.25 Clubcard Price,beer_cider,2024-11-05
Budweiser 20X300ml Bottle,£14.99,£2.50/litre,null,beer_cider,2024-11-05
Gwynt Y Ddraig Black Dragon 500Ml,£2.50,£5.00/litre,Any 3 for £6 Clubcard Price - Selected Beers 450ml-660ml,beer_cider,2024-11-05
Adnams Ghost Ship Bottle Beer 0.5% 500Ml,£1.50,£3.00/litre,null,beer_cider,2024-11-05
Birra Moretti Premium Lager Beer Bottle 12x330ml,£17.00,£4.29/litre,null,beer_cider,2024-11-05
Fuller's London Pride Amber Ale Bottle 500ml,£2.30,£4.60/litre,Any 4 for £7 Clubcard Price - Selected Beers 250ml - 500ml,beer_cider,2024-11-05
Birra Moretti Premium Lager Beer Bottle 660ml,£2.75,£4.17/litre,Any 3 for £6 Clubcard Price - Selected Beers 450ml-660ml,beer_cider,2024-11-05
Adnams Ghost Ship 500Ml,£2.00,£4.00/litre,Any 4 for £7 Clubcard Price - Selected Beers 250ml - 500ml,beer_cider,2024-11-05
Banks's Amber Ale Beer Bottle 500ml,£1.00,£2.00/litre,null,beer_cider,2024-11-05
Timothy Taylors Landlord Pale 500Ml,£2.25,£4.50/litre,Any 4 for £7 Clubcard Price - Selected Beers 250ml - 500ml,beer_cider,2024-11-05
San Miguel Especial Lager Beer Bottle 12x330ml,£9.99,£2.52/litre,null,beer_cider,2024-11-05
Carling Original Lager Beer Can 18 x 440ml,£14.99,£1.89/litre,£12.00 Clubcard Price,beer_cider,2024-11-05
Corona Extra 12X330ml,£11.99,£3.03/litre,£10.00 Clubcard Price,beer_cider,2024-11-05
Strongbow Original Cider Can 18x440ml,£14.00,£1.77/litre,£12.00 Clubcard Price,beer_cider,2024-11-05
Stella Artois Lager 18X440ml,£16.99,£2.14/litre,null,beer_cider,2024-11-05
Kronenbourg 1664 Lager Beer Can 15x440ml,£15.00,£2.27/litre,null,beer_cider,2024-11-05
Estrella Damm Bottles 12X330ml,£13.79,£3.48/litre,£12.00 Clubcard Price,beer_cider,2024-11-05
Kopparberg Mixed Fruit Cider 12X330ml Can,£13.00,£3.28/litre,£11.00 Clubcard Price,beer_cider,2024-11-05
Kopparberg Strawberry & Lime Cider 12X330ml Can,£13.00,£3.28/litre,£11.00 Clubcard Price,beer_cider,2024-11-05
John Smiths Extra Smooth 18X440ml,£17.00,£2.15/litre,£15.00 Clubcard Price,beer_cider,2024-11-05
Heineken Lager Beer Can 15x440ml,£15.00,£2.27/litre,£12.00 Clubcard Price,beer_cider,2024-11-05
Marston's Golden Beer Mixed Ale Gift Pack 6x500ml,£12.00,£4.00/litre,Save 25% £9.00 Clubcard Price,beer_cider,2024-11-05
Brewdog Punk Ipa 12X330ml,£16.00,£4.04/litre,null,beer_cider,2024-11-05
Henry Westons Vintage Cider 500Ml Bottle,£2.20,£4.40/litre,Any 3 for £6 Clubcard Price - Selected Beers 450ml-660ml,beer_cider,2024-11-05
Brewdog Lost Lager 10X440ml,£12.50,£2.84/litre,null,beer_cider,2024-11-05
Strongbow Dark Fruit Cider Can 10x440ml,£12.00,£2.73/litre,£10.00 Clubcard Price,beer_cider,2024-11-05
Kopparberg Strawberry & Lime Alcohol Free 500Ml,£1.50,£3.00/litre,£1.25 Clubcard Price,beer_cider,2024-11-05
Erdinger Weissbier Wheat Beer Bottle 500ml,£2.00,£4.00/litre,Any 4 for £7 Clubcard Price - Selected Beers 250ml - 500ml,beer_cider,2024-11-05
Cruzcampo Sevilla Lager Beer 10X440ml,£12.50,£2.84/litre,null,beer_cider,2024-11-05
Aspall Draught Cyder Bottle 500ml,£2.60,£5.20/litre,Any 3 for £6 Clubcard Price - Selected Beers 450ml-660ml,beer_cider,2024-11-05
Aspall Premier Cru Cyder Bottle 500ml,£2.75,£5.50/litre,Any 3 for £6 Clubcard Price - Selected Beers 450ml-660ml,beer_cider,2024-11-05
Kopparberg Mixed Fruit Cider 500Ml Bottle,£2.45,£4.90/litre,Any 3 for £6 Clubcard Price - Selected Beers 450ml-660ml,beer_cider,2024-11-05
Kopparberg Strawberry & Lime Cider 500Ml Bottle,£2.45,£4.90/litre,Any 3 for £6 Clubcard Price - Selected Beers 450ml-660ml,beer_cider,2024-11-05
Birra Moretti Premium Lager Beer Can 6x330ml,£8.00,£4.04/litre,null,beer_cider,2024-11-05
Guinness Draught 12 X 440Ml,£14.50,£2.75/litre,£13.00 Clubcard Price,beer_cider,2024-11-05
CRABBIES ALCOHOLIC GINGER BEER 500ML,£1.50,£3.00/litre,null,beer_cider,2024-11-05
Guinness Draught Stout Beer Can 4.1% Vol 8x440ml,£9.75,£2.77/litre,null,beer_cider,2024-11-05
Corona Extra 18 X 330Ml,£16.49,£2.78/litre,null,beer_cider,2024-11-05
Greene King Abbot Reserve 500Ml,£2.50,£5.00/litre,Any 4 for £7 Clubcard Price - Selected Beers 250ml - 500ml,beer_cider,2024-11-05
Staropramen Premium Czech Style Pilsner Lager Beer Bottle 660ml,£2.50,£3.79/litre,Any 3 for £6 Clubcard Price - Selected Beers 450ml-660ml,beer_cider,2024-11-05
McEwan's Champion Ale Beer Bottle 500ml,£1.99,£3.98/litre,Any 4 for £7 Clubcard Price - Selected Beers 250ml - 500ml,beer_cider,2024-11-05
Guinness Original Stout Beer Bottle 4.2% Vol 500ml,£2.50,£5.00/litre,Any 4 for £7 Clubcard Price - Selected Beers 250ml - 500ml,beer_cider,2024-11-05
St Austell Proper Job Ale 500Ml,£1.89,£3.78/litre,null,beer_cider,2024-11-05
Guinness Draught 4X440ml,£4.89,£2.78/litre,null,beer_cider,2024-11-05
Cobra Premium World Lager Beer Bottle 620ml,£2.50,£4.03/litre,Any 3 for £6 Clubcard Price - Selected Beers 450ml-660ml,beer_cider,2024-11-05
Adnams Broadside Ale 500Ml,£2.10,£4.20/litre,Any 4 for £7 Clubcard Price - Selected Beers 250ml - 500ml,beer_cider,2024-11-05
Madri Excepcional Premium Lager Beer Bottle 660ml,£2.50,£3.79/litre,Any 3 for £6 Clubcard Price - Selected Beers 450ml-660ml,beer_cider,2024-11-05
Whitstable Bay Pale Ale 500Ml,£2.10,£4.20/litre,Any 4 for £7 Clubcard Price - Selected Beers 250ml - 500ml,beer_cider,2024-11-05
Badger Fursty Ferret 500Ml,£2.10,£4.20/litre,Any 4 for £7 Clubcard Price - Selected Beers 250ml - 500ml,beer_cider,2024-11-05
Newcastle Brown Ale Bottle 550ml,£1.75,£3.18/litre,null,beer_cider,2024-11-05
Budweiser Lager 18 X 440Ml,£18.00,£2.27/litre,null,beer_cider,2024-11-05
Desperados Tequila Flavoured Lager Beer Bottle 12x250ml,£14.50,£4.83/litre,null,beer_cider,2024-11-05
Sharp's Doom Bar Amber Ale Beer Can 10 x 440ml,£12.50,£2.84/litre,£11.00 Clubcard Price,beer_cider,2024-11-05
Beavertown Neck Oil Session Ipa 4X330ml,£7.50,£5.68/litre,£6.50 Clubcard Price,beer_cider,2024-11-05
Craft Beer Trio 3 X 330Ml & Beer Glass Gift Set,£10.00,£10.00/each,null,beer_cider,2024-11-05
Cornish Rattler Apple Cider 500Ml Bottle,£2.50,£5.00/litre,Any 3 for £6 Clubcard Price - Selected Beers 450ml-660ml,beer_cider,2024-11-05
Thatchers Haze Cider 10X440ml Can,£11.00,£2.50/litre,null,beer_cider,2024-11-05
San Miguel Especial Lager Beer Can 4x440ml,£5.50,£3.12/litre,null,beer_cider,2024-11-05
Stella Artois Premium Lager 4 X 568Ml,£6.25,£2.75/litre,null,beer_cider,2024-11-05
Abbot Ale 500Ml,£2.25,£4.50/litre,Any 4 for £7 Clubcard Price - Selected Beers 250ml - 500ml,beer_cider,2024-11-05
Heineken 0.0% Alcohol Free Lager Beer Can 6x330ml,£4.75,£2.40/litre,null,beer_cider,2024-11-05
Stella Artois Lager Beer 660Ml,£2.35,£3.56/litre,Any 3 for £6 Clubcard Price - Selected Beers 450ml-660ml,beer_cider,2024-11-05
Biere D'or 10 X 250Ml,£3.50,£1.40/litre,null,beer_cider,2024-11-05
Oakham Ales Citra 500Ml,£2.10,£4.20/litre,Any 4 for £7 Clubcard Price - Selected Beers 250ml - 500ml,beer_cider,2024-11-05
Badger Golden Champion 500Ml,£2.10,£4.20/litre,Any 4 for £7 Clubcard Price - Selected Beers 250ml - 500ml,beer_cider,2024-11-05
Madri Excepcional Premium Lager Beer Bottle 12 x 330ml,£16.00,£4.04/litre,null,beer_cider,2024-11-05
Guinness Draught 4 X 538Ml,£6.10,£2.84/litre,null,beer_cider,2024-11-05
Rekorderlig Wild Berries Premium Fruit Cider Bottle 500ml,£2.35,£4.70/litre,Any 3 for £6 Clubcard Price - Selected Beers 450ml-660ml,beer_cider,2024-11-05
TESCO APPLE CIDER 4X440ML CAN,£2.50,£1.42/litre,null,beer_cider,2024-11-05
Black Sheep Ale 500Ml,£1.89,£3.78/litre,null,beer_cider,2024-11-05
Sharp's Doom Bar Amber Ale Beer Bottle 500ml,£1.99,£3.98/litre,Any 4 for £7 Clubcard Price - Selected Beers 250ml - 500ml,beer_cider,2024-11-05
Sharp's Atlantic Pale Ale Bottle 500ml,£2.50,£5.00/litre,Any 4 for £7 Clubcard Price - Selected Beers 250ml - 500ml,beer_cider,2024-11-05
Magners Original Cider 18X440ml,£15.00,£1.89/litre,null,beer_cider,2024-11-05
Heineken 0.0% Alcohol Free Lager Beer Bottle 12x330ml,£11.50,£2.90/litre,null,beer_cider,2024-11-05
Strongbow Original Cider Can 10x440ml,£10.00,£2.27/litre,null,beer_cider,2024-11-05
Staropramen Premium Czech Style Pilsner Lager Beer Bottle 12 x 330ml,£13.00,£3.28/litre,£11.00 Clubcard Price,beer_cider,2024-11-05
Thatchers Katy Cider 500Ml Bottle,£2.50,£5.00/litre,Any 3 for £6 Clubcard Price - Selected Beers 450ml-660ml,beer_cider,2024-11-05
Peroni Nastro Azzurro Beer Lager Bottles 4x330ml,£6.75,£5.11/litre,null,beer_cider,2024-11-05
Cruzcampo Sevilla Lager Beer 4X440ml,£5.75,£3.27/litre,null,beer_cider,2024-11-05
Becks Blue Alcohol Free 15X275ml,£7.99,£1.94/litre,null,beer_cider,2024-11-05
Sol Original Lager Beer Bottle 12x330ml,£12.50,£3.16/litre,null,beer_cider,2024-11-05
Warsteiner Premium German Lager Beer Bottle 660ml,£2.40,£3.64/litre,Any 3 for £6 Clubcard Price - Selected Beers 450ml-660ml,beer_cider,2024-11-05
Corona Cero Alcohol Free Beer 4 X 330Ml,£4.50,£3.41/litre,£4.00 Clubcard Price,beer_cider,2024-11-05
Corona Extra 4X330ml,£5.50,£4.17/litre,null,beer_cider,2024-11-05
JOHN SMITHS EXTRA SMOOTH 4X440ML CANS,£4.75,£2.70/litre,null,beer_cider,2024-11-05
Kopparberg Cider Plus Strawberry & Lime Alcohol Free 4X330ml,£3.00,£2.27/litre,null,beer_cider,2024-11-05
San Miguel Especial Lager Beer Bottle 660ml,£1.99,£3.02/litre,null,beer_cider,2024-11-05
Heineken Lager Beer Bottle 650ml,£1.99,£3.06/litre,null,beer_cider,2024-11-05
Shipyard American IPA Ale Beer Bottle 500ml,£2.10,£4.20/litre,Any 4 for £7 Clubcard Price - Selected Beers 250ml - 500ml,beer_cider,2024-11-05
Old Mout Cider Kiwi & Lime Bottle 500ml,£2.45,£4.90/litre,Any 3 for £6 Clubcard Price - Selected Beers 450ml-660ml,beer_cider,2024-11-05
Sheppy's Low Alcohol Classic Cider 0.5% 500Ml,£1.50,£3.00/litre,null,beer_cider,2024-11-05
St Austell Tribute 500Ml,£2.00,£4.00/litre,Any 4 for £7 Clubcard Price - Selected Beers 250ml - 500ml,beer_cider,2024-11-05
Adnams Ghost Ship 4X440ml (L),£6.00,£3.41/litre,null,beer_cider,2024-11-05
Dark Star Hophead Golden Pale Ale Beer Bottle 500ml,£1.50,£3.00/litre,null,beer_cider,2024-11-05
Guinness 0.0% Alcohol Free Draught Stout 10X440ml,£12.00,£2.73/litre,null,beer_cider,2024-11-05
Brewdog Hazy Jane New England Ipa 12X330ml,£16.00,£4.04/litre,£13.00 Clubcard Price,beer_cider,2024-11-05
Henry Westons Vintage Cider 6X500ml Bottle,null,null,£9.00 Clubcard Price,beer_cider,2024-11-05
Asahi Super Dry Beer Lager Bottles 4x330ml,£6.75,£5.11/litre,£5.75 Clubcard Price,beer_cider,2024-11-05
Greene King Great British Ales 6X500ml,£10.00,£3.33/litre,null,beer_cider,2024-11-05
Inch's Medium Apple Cider Can 10x440ml,£10.50,£2.39/litre,null,beer_cider,2024-11-05
Desperados Tequila Flavoured Lager Beer Bottle 3x330ml,£5.50,£5.56/litre,null,beer_cider,2024-11-05
Madri Excepcional Premium Lager Beer Can 4 x 440ml,£6.00,£3.41/litre,null,beer_cider,2024-11-05
Paulaner Munich Hell Lager 500Ml,£2.35,£4.70/litre,Any 3 for £6 Clubcard Price - Selected Beers 450ml-660ml,beer_cider,2024-11-05
Abbot Ale 10X440ml,£12.00,£2.73/litre,null,beer_cider,2024-11-05
Heineken Lager Beer Can 6x330ml,£6.00,£3.03/litre,£5.00 Clubcard Price,beer_cider,2024-11-05
BODDINGTONS DRAUGHT BITTER 4X440ML CANS,£4.00,£2.27/litre,null,beer_cider,2024-11-05
Holsten Pils Lager Beer Can 4x440ml,£4.50,£2.56/litre,null,beer_cider,2024-11-05
Brewdog Punk Ipa 4X330ml,£5.50,£4.17/litre,null,beer_cider,2024-11-05
Bavaria 4.3% Premium Beer 500Ml,£1.50,£3.00/litre,null,beer_cider,2024-11-05
"San Miguel Especial Alcohol Free 0,0% Lager Beer Bottle 4x330ml",£4.25,£3.22/litre,null,beer_cider,2024-11-05
Abbot Ale Strong Bitter 4X500ml Cans,£5.35,£2.68/litre,null,beer_cider,2024-11-05
Hobgoblin King Goblin Ale Beer Bottle 500ml,£2.00,£4.00/litre,Any 4 for £7 Clubcard Price - Selected Beers 250ml - 500ml,beer_cider,2024-11-05
Stella Artois Premium Alcohol Free Lager Beer 4X330ml,£3.00,£2.27/litre,null,beer_cider,2024-11-05
Black Sheep Milk Stout 500Ml 4.4% Alcohol By Volume,£2.00,£4.00/litre,Any 4 for £7 Clubcard Price - Selected Beers 250ml - 500ml,beer_cider,2024-11-05
Tesco Pear Cider 4X440ml Can,£2.50,£1.42/litre,null,beer_cider,2024-11-05
Guinness Original Stout Beer Can 4.2% Vol 12x440ml,£17.00,£3.22/litre,null,beer_cider,2024-11-05
Thatchers Gold Cider 4X500ml Can,£5.75,£2.88/litre,null,beer_cider,2024-11-05
Stowford Press Apple Cider 10 X 440Ml,£9.50,£2.16/litre,£8.50 Clubcard Price,beer_cider,2024-11-05
Coors Lager Beer Can 15 x 440ml,£16.00,£2.42/litre,£11.00 Clubcard Price,beer_cider,2024-11-05
Sharp's Doom Bar Amber Ale Beer Can 4 x 500ml,£6.50,£3.25/litre,null,beer_cider,2024-11-05
Birra Moretti Premium Lager Beer Bottle 4x330ml,£6.50,£4.92/litre,£5.00 Clubcard Price,beer_cider,2024-11-05
Kopparberg Pear 500Ml Bottle,£2.45,£4.90/litre,Any 3 for £6 Clubcard Price - Selected Beers 450ml-660ml,beer_cider,2024-11-05
Inch's Medium Apple Cider Bottle 500ml,£2.50,£5.00/litre,Any 3 for £6 Clubcard Price - Selected Beers 450ml-660ml,beer_cider,2024-11-05
Birra Moretti Zero 0.0% Alcohol Free Beer Bottle 4x330ml,null,null,null,beer_cider,2024-11-05
Krombacher Pils 660Ml,£2.50,£3.79/litre,Any 3 for £6 Clubcard Price - Selected Beers 450ml-660ml,beer_cider,2024-11-05
Carlsberg Export Lager Beer Can 4x568ml,£5.50,£2.42/litre,null,beer_cider,2024-11-05
GREENE KING IPA 4X500ML CANS,null,null,null,beer_cider,2024-11-05
Greene King Ipa 500Ml,£1.00,£2.00/litre,null,beer_cider,2024-11-05
Brooklyn Special Effects Alcohol Free Lager Beer Bottle 4x330ml,£4.50,£3.41/litre,£4.00 Clubcard Price,beer_cider,2024-11-05
DUVEL 330ML BOTTLE,£2.50,£7.58/litre,Any 4 for 3 Clubcard Price - Cheapest Product Free - Selected Premix Cans,beer_cider,2024-11-05
St Austells Tribute 4X500ml,£6.00,£3.00/litre,null,beer_cider,2024-11-05
Kronenbourg 1664 Lager Beer Can 4x568ml,£6.00,£2.64/litre,null,beer_cider,2024-11-05
Budweiser 660Ml,null,null,Any 3 for £6 Clubcard Price - Selected Beers 450ml-660ml,beer_cider,2024-11-05
Henney's Frome Valley Cider 500Ml Bottle,£2.50,£5.00/litre,Any 3 for £6 Clubcard Price - Selected Beers 450ml-660ml,beer_cider,2024-11-05
San Miguel Especial Lager Beer Bottle 4x330ml,£5.25,£3.98/litre,null,beer_cider,2024-11-05
Hogs Back Brewery Tea 500Ml (L),£2.10,£4.20/litre,Any 4 for £7 Clubcard Price - Selected Beers 250ml - 500ml,beer_cider,2024-11-05
Rekorderlig PassionFruit Premium Fruit Cider Bottle 500ml,£2.35,£4.70/litre,Any 3 for £6 Clubcard Price - Selected Beers 450ml-660ml,beer_cider,2024-11-05
Badger The Cranborne Poacher Ale500ml,£2.10,£4.20/litre,Any 4 for £7 Clubcard Price - Selected Beers 250ml - 500ml,beer_cider,2024-11-05
Kronenbourg 1664 Lager Beer Can 10x440ml,£10.00,£2.27/litre,£9.00 Clubcard Price,beer_cider,2024-11-05
Brewdog Mixed Can Pack 12X330ml,£16.00,£4.04/litre,null,beer_cider,2024-11-05
Boddingtons 10x440ml,£9.00,£2.04/litre,£8.00 Clubcard Price,beer_cider,2024-11-05
Carling Original Lager Beer Can 10 x 440ml,£10.00,£2.27/litre,£9.00 Clubcard Price,beer_cider,2024-11-05
Birra Moretti Premium Lager Beer Can 10x330ml,£12.00,£3.64/litre,£10.00 Clubcard Price,beer_cider,2024-11-05
Tyskie Polish Beer Lager Bottle 650ml,£2.50,£3.85/litre,Any 3 for £6 Clubcard Price - Selected Beers 450ml-660ml,beer_cider,2024-11-05
Scrumpy Jack Premium British Cider Can 4x440ml,£5.00,£2.84/litre,null,beer_cider,2024-11-05
Kopparberg Strawberry & Lime Cider 4X330ml Can,£5.50,£4.17/litre,£4.50 Clubcard Price,beer_cider,2024-11-05
Budweiser Budvar 500Ml,£1.60,£3.20/litre,null,beer_cider,2024-11-05
Fruli Strawberry Beer 330Ml,£2.00,£6.06/litre,Any 4 for £7 Clubcard Price - Selected Beers 250ml - 500ml,beer_cider,2024-11-05
St Austell Korev 500Ml,£2.35,£4.70/litre,Any 3 for £6 Clubcard Price - Selected Beers 450ml-660ml,beer_cider,2024-11-05
Budweiser 4X440ml,£4.35,£2.47/litre,null,beer_cider,2024-11-05
Angelo Poretti Premium Italian Lager Beer Bottle 660ml,£2.35,£3.56/litre,Any 3 for £6 Clubcard Price - Selected Beers 450ml-660ml,beer_cider,2024-11-05
Thatchers Blood Orange Cider 4 X 440Ml,£5.50,£3.12/litre,null,beer_cider,2024-11-05
Kopparberg Premium Cider Mixed Fruit Alcohol Free 4X330ml,£3.00,£2.27/litre,null,beer_cider,2024-11-05
Carling Original Lager Beer Can 4 x 440ml,£4.49,£2.55/litre,null,beer_cider,2024-11-05
Leffe Blonde 0% Alcohol Free Beer 6X250ml,£4.50,£3.00/litre,null,beer_cider,2024-11-05
Stella Artois Unfiltered Lager Beer 620Ml,£2.50,£4.03/litre,Any 3 for £6 Clubcard Price - Selected Beers 450ml-660ml,beer_cider,2024-11-05
Super Bock Lager 66Cl,£2.60,£3.94/litre,Any 3 for £6 Clubcard Price - Selected Beers 450ml-660ml,beer_cider,2024-11-05
Erdinger Dunkel Wheat Beer Bottle 500ml,null,null,Any 4 for £7 Clubcard Price - Selected Beers 250ml - 500ml,beer_cider,2024-11-05
Corona Extra Lager 620Ml,null,null,Any 3 for £6 Clubcard Price - Selected Beers 450ml-660ml,beer_cider,2024-11-05
Blue Moon Belgian Style Wheat Beer Bottle 330ml,£2.35,£7.12/litre,Any 4 for £7 Clubcard Price - Selected Beers 250ml - 500ml,beer_cider,2024-11-05
Healeys Cyder Rattler Pineapple 500Ml,£2.60,£5.20/litre,Any 3 for £6 Clubcard Price - Selected Beers 450ml-660ml,beer_cider,2024-11-05
La Chouffe Strong Blonde Golden Ale 330Ml,£2.75,£8.33/litre,Any 4 for 3 Clubcard Price - Cheapest Product Free - Selected Premix Cans,beer_cider,2024-11-05
Sheppys Oak Matured Cider 500Ml Bottle,£2.50,£5.00/litre,Any 3 for £6 Clubcard Price - Selected Beers 450ml-660ml,beer_cider,2024-11-05
British Ales Selection Gift Set 3 X 500Ml,£5.00,£3.33/litre,null,beer_cider,2024-11-05
Magners Apple Cider 10X440ml Can,null,null,null,beer_cider,2024-11-05
Vocation Brewery Life&Death Ipa 4X330ml Can,£7.00,£5.30/litre,£5.75 Clubcard Price,beer_cider,2024-11-05
Stella Artois Lager Beer 12X330ml,£12.00,£3.03/litre,null,beer_cider,2024-11-05
Merrydown Vintage Cider 750Ml Bottle,£2.95,£3.93/litre,null,beer_cider,2024-11-05
Carlsberg Danish Pilsner Lager Beer Can 4x568ml,£4.75,£2.09/litre,£4.00 Clubcard Price,beer_cider,2024-11-05
Thatchers Haze Cider 4X440ml Can,£5.00,£2.84/litre,null,beer_cider,2024-11-05
Tyskie Polish Beer Lager Cans 4x500ml,£6.00,£3.00/litre,null,beer_cider,2024-11-05
Henry Westons Signature Vintage 6.8% 500Ml,£2.50,£5.00/litre,Any 3 for £6 Clubcard Price - Selected Beers 450ml-660ml,beer_cider,2024-11-05
Newcastle Brown Ale Can 4x500ml,£6.00,£3.00/litre,null,beer_cider,2024-11-05
Innis & Gunn Original 330Ml,£2.20,£6.67/litre,Any 4 for £7 Clubcard Price - Selected Beers 250ml - 500ml,beer_cider,2024-11-05
Proper Job Cornish Ipa 4 X 440Ml,£6.25,£3.55/litre,£5.50 Clubcard Price,beer_cider,2024-11-05
Brewdog Hazy Jane New England Ipa 4X330ml Can,£5.50,£4.17/litre,null,beer_cider,2024-11-05
Strongbow Original Cider Can 4x440ml,£4.50,£2.56/litre,null,beer_cider,2024-11-05
Desperados Tequila Flavoured Lager Beer Bottle 650ml,£3.00,£4.62/litre,null,beer_cider,2024-11-05
Dg Dragon Stout 284Ml,£1.90,£6.69/litre,null,beer_cider,2024-11-05
Amstel Lager Beer Can 4x440ml,£4.80,£2.73/litre,null,beer_cider,2024-11-05
Camden Hells Lager 12 X 330Ml,£15.50,£3.91/litre,null,beer_cider,2024-11-05
Sapporo Premium Beer 650Ml,£3.00,£4.62/litre,null,beer_cider,2024-11-05
Ashfield British Lager 4 x 440ml,£2.25,£1.28/litre,null,beer_cider,2024-11-05
Brewdog Hazy Jane Guava New England Ipa 4 X 330Ml,£5.50,£4.17/litre,null,beer_cider,2024-11-05
Budweiser Budvar Original 6X330ml Cans,£6.00,£3.03/litre,null,beer_cider,2024-11-05
Stella Artois Lager 6X330ml,null,null,null,beer_cider,2024-11-05
Daura Damm Gluten Free 4 Pack X 330Ml,£6.75,£5.11/litre,null,beer_cider,2024-11-05
Heineken Lager Beer Bottle 12x330ml,£12.00,£3.03/litre,null,beer_cider,2024-11-05
Kopparberg Spiced Apple 500ml,£1.75,£3.50/litre,£1.50 Clubcard Price,beer_cider,2024-11-05
Lucky Saint Alcohol Free Lager 4x330ml,£6.00,£4.54/litre,null,beer_cider,2024-11-05
Hobgoblin IPA Ale Beer Can 4x440ml,£5.50,£3.12/litre,null,beer_cider,2024-11-05
Henry Westons Cloudy Vintage Cider 500Ml,£2.20,£4.40/litre,Any 3 for £6 Clubcard Price - Selected Beers 450ml-660ml,beer_cider,2024-11-05
Old Mout Cider Pineapple & Raspberry Bottle 500ml,£2.45,£4.90/litre,Any 3 for £6 Clubcard Price - Selected Beers 450ml-660ml,beer_cider,2024-11-05
Old Mout Cider Strawberry & Apple Bottle 500ml,£2.45,£4.90/litre,Any 3 for £6 Clubcard Price - Selected Beers 450ml-660ml,beer_cider,2024-11-05
Ashfield Original Bitter 4 X 440Ml,£1.45,£0.82/litre,null,beer_cider,2024-11-05
Old Mout Cider Pineapple & Raspberry Can 10x330ml,£12.00,£3.64/litre,null,beer_cider,2024-11-05
Skinny Brands Lager 12X330ml,£15.50,£3.91/litre,null,beer_cider,2024-11-05
Henry Westons Medium Dry Organic Cider 3Ltr,£9.00,£3.00/litre,£7.50 Clubcard Price,beer_cider,2024-11-05
Strongbow Cloudy Apple Cider Can 10x440ml,£10.00,£2.27/litre,£8.00 Clubcard Price,beer_cider,2024-11-05
Kopparberg Mixed Fruit Can 4X330ml,£5.50,£4.17/litre,£4.50 Clubcard Price,beer_cider,2024-11-05
Beavertown Lunar Haze Pale Ale 4X330ml,£7.50,£5.68/litre,£6.50 Clubcard Price,beer_cider,2024-11-05
Hoegaarden White Beer 4X330 Ml Bottle,£6.00,£4.54/litre,null,beer_cider,2024-11-05
McEwan’s Champion Ale Beer Can 4x440ml,£6.75,£3.84/litre,null,beer_cider,2024-11-05
Salt Jute Session Ipa 4X330ml,£6.00,£4.54/litre,null,beer_cider,2024-11-05
Schofferhofer Grapefruit Can 500Ml,£2.20,£4.40/litre,null,beer_cider,2024-11-05
Singha Thai Lager 630Ml,£2.50,£3.97/litre,Any 3 for £6 Clubcard Price - Selected Beers 450ml-660ml,beer_cider,2024-11-05
Sxollie Granny Smith Cider 500Ml,£2.35,£4.70/litre,Any 3 for £6 Clubcard Price - Selected Beers 450ml-660ml,beer_cider,2024-11-05
Brewdog Lost Lager 4X440ml,£5.50,£3.12/litre,null,beer_cider,2024-11-05
Badger Tangle Foot Traditional Golden Ale 4 X 440Ml,£5.75,£3.27/litre,null,beer_cider,2024-11-05
Henney's Autumn Gold Cider 500Ml Bottle,£2.50,£5.00/litre,Any 3 for £6 Clubcard Price - Selected Beers 450ml-660ml,beer_cider,2024-11-05
Greene King Icebreaker Pale Ale 4X440ml,£5.50,£3.12/litre,null,beer_cider,2024-11-05
Strongbow Dark Fruit Cider Can 440ml,£5.60,£3.18/litre,null,beer_cider,2024-11-05
Leffe Brune 750 Ml,£3.75,£5.00/litre,null,beer_cider,2024-11-05
Thatchers Apple Rose Cider 4X440ml Can,£5.50,£3.12/litre,null,beer_cider,2024-11-05
Brewdog Mr President Double Ipa 440Ml,£4.25,£9.66/litre,Any 4 for 3 Clubcard Price - Cheapest Product Free - Selected Premix Cans,beer_cider,2024-11-05
Guinness Nigerian Foreign Extra Stout 600Ml,£3.90,£6.50/litre,null,beer_cider,2024-11-05
Jubel Beer Cut With Peach 330Ml,£2.25,£6.82/litre,Any 4 for 3 Clubcard Price - Cheapest Product Free - Selected Premix Cans,beer_cider,2024-11-05
Fuller's London Pride Amber Ale Cans 4x500ml,null,null,null,beer_cider,2024-11-05
Bacchus Kriek 375Ml,£3.50,£9.33/litre,Any 4 for 3 Clubcard Price - Cheapest Product Free - Selected Premix Cans,beer_cider,2024-11-05
Duvel Triple Hop Belgian Golden Ale 330Ml,£3.00,£9.09/litre,Any 4 for 3 Clubcard Price - Cheapest Product Free - Selected Premix Cans,beer_cider,2024-11-05
Shandy Carib Sorrel 275Ml,£1.50,£5.46/litre,null,beer_cider,2024-11-05
Camden Pale Ale Can 4 X 330Ml,£6.25,£4.74/litre,£5.50 Clubcard Price,beer_cider,2024-11-05
Jubel Beer Cut With Grapefruit 330Ml,£2.25,£6.82/litre,Any 4 for 3 Clubcard Price - Cheapest Product Free - Selected Premix Cans,beer_cider,2024-11-05
Estrella 4X330ml,£6.00,£4.54/litre,"TESCO FINEST* Meal Deal for £12 Clubcard Price - Buy 1 Main, 1 Side 1 Dessert, & 1 Drink",beer_cider,2024-11-05
Carib Caribbean Lager 330Ml,£1.55,£4.70/litre,null,beer_cider,2024-11-05
Budweiser 6X300ml,£5.50,£3.06/litre,null,beer_cider,2024-11-05
Peroni Nastro Azzurro Gluten Free Beer Bottles 12x330ml,£19.50,£4.92/litre,null,beer_cider,2024-11-05
Beavertown Neck Oil Session Ipa 10X330ml,£17.00,£5.15/litre,null,beer_cider,2024-11-05
Kopparberg Pear 10X330ml,£10.00,£3.03/litre,null,beer_cider,2024-11-05
Stella Artois Gluten Free Lager 4X330ml,£6.00,£4.54/litre,null,beer_cider,2024-11-05
Greene King Ipa Gluten Free 500Ml,£2.10,£4.20/litre,null,beer_cider,2024-11-05
Sharp's Atlantic Pale Ale Beer Can 4 x 500ml,£6.50,£3.25/litre,£5.50 Clubcard Price,beer_cider,2024-11-05
Skinny Brands Lager 4X330ml,£6.00,£4.54/litre,£4.60 Clubcard Price,beer_cider,2024-11-05
Peroni Nastro Azzurro Gluten Free Beer Bottles 4x330ml,£7.00,£5.30/litre,£6.25 Clubcard Price,beer_cider,2024-11-05
Blue Moon Belgian Style Wheat Beer Can 4 x 330ml,£6.75,£5.11/litre,null,beer_cider,2024-11-05
Beavertown Gamma Ray American Pale Ale 4X330ml,£7.75,£5.87/litre,£6.50 Clubcard Price,beer_cider,2024-11-05
Tiny Rebel Clwb Tropica Tropical IPA 4x330ml,£6.50,£4.92/litre,£5.75 Clubcard Price,beer_cider,2024-11-05
San Miguel Especial Gluten Free Lager Beer Bottle 4x330ml,£6.50,£4.92/litre,null,beer_cider,2024-11-05
Inch's Medium Apple Cider Can 4x440ml,£4.75,£2.70/litre,null,beer_cider,2024-11-05
Cervezas Alhambra 1925 Amber Lager 700Ml,£4.25,£6.07/litre,null,beer_cider,2024-11-05
Stowford Press Apple Cider 4 X 440Ml Can,£4.00,£2.27/litre,null,beer_cider,2024-11-05
Peroni Nastro Azzurro Lager Beer 4X250ml,null,null,"TESCO FINEST* Meal Deal for £12 Clubcard Price - Buy 1 Main, 1 Side 1 Dessert, & 1 Drink",beer_cider,2024-11-05
Kopparberg Premium Cider With Cherry 4X330ml,£4.50,£3.41/litre,null,beer_cider,2024-11-05
Salt Huckaback Neipa 4 X 440Ml,£8.25,£4.69/litre,null,beer_cider,2024-11-05
St Bernardus About 12 Abbey Ale 330Ml,£4.00,£12.12/litre,Any 4 for 3 Clubcard Price - Cheapest Product Free - Selected Premix Cans,beer_cider,2024-11-05
Vocation Brewery Love & Hate Ipa 440Ml,£3.75,£8.52/litre,Any 4 for 3 Clubcard Price - Cheapest Product Free - Selected Premix Cans,beer_cider,2024-11-05
Brewdog Double Hazy Jane Ipa Beer 440Ml,£3.75,£8.52/litre,Any 4 for 3 Clubcard Price - Cheapest Product Free - Selected Premix Cans,beer_cider,2024-11-05
Delirium Blonde Belgian Ale 330Ml,£3.50,£10.61/litre,Any 4 for 3 Clubcard Price - Cheapest Product Free - Selected Premix Cans,beer_cider,2024-11-05
Northern Monk Heathen Hazy Ipa 440Ml,£3.75,£8.52/litre,Any 4 for 3 Clubcard Price - Cheapest Product Free - Selected Premix Cans,beer_cider,2024-11-05
Vault City Triple Fruited Mango Sour Beer 440ml,£3.75,£8.52/litre,Any 4 for 3 Clubcard Price - Cheapest Product Free - Selected Premix Cans,beer_cider,2024-11-05
Brew Dog Elvis Juice Grapefruit Ipa 4X330ml,£5.50,£4.17/litre,null,beer_cider,2024-11-05
Hoegaarden 750Ml Bottle,£3.25,£4.33/litre,null,beer_cider,2024-11-05
Shipyard American IPA Ale Beer Bottle 4X440ml,£5.75,£3.27/litre,null,beer_cider,2024-11-05
Chimay Trappist Triple Ale 330Ml,£3.00,£9.09/litre,Any 4 for 3 Clubcard Price - Cheapest Product Free - Selected Premix Cans,beer_cider,2024-11-05
Pulpt Flare Superior South West Cider 500Ml,£2.50,£5.00/litre,Any 3 for £6 Clubcard Price - Selected Beers 450ml-660ml,beer_cider,2024-11-05
Birra Moretti Premium Lager Beer Bottle 18x330ml,£24.00,£4.04/litre,Save 25% £18.00 Clubcard Price,beer_cider,2024-11-05
Angelo Poretti Premium Italian Lager Beer Bottle 12x330ml,£15.00,£3.79/litre,Save 1/3 £10.00 Clubcard Price,beer_cider,2024-11-05
Brewdog 12 Beers Of Christmas 12X330ml,£18.00,£4.54/litre,£16.00 Clubcard Price,beer_cider,2024-11-05
Old Speckled Hen Gluten Free English Pale Ale 500Ml,£2.25,£4.50/litre,null,beer_cider,2024-11-05
Vocation Roll With It Ddh Pale Ale 4X440ml,£8.00,£4.54/litre,null,beer_cider,2024-11-05
Vocation Crush Hour Hazy Pale 4X330ml,£7.00,£5.30/litre,null,beer_cider,2024-11-05
Northern Monk Faith Hazy Pale Ale 4x330ml cans,£6.50,£4.92/litre,£5.75 Clubcard Price,beer_cider,2024-11-05
John Smiths Extra Smooth 10X440ml,£10.00,£2.27/litre,null,beer_cider,2024-11-05
Red Stripe Jamaica Lager Beer Can 4x440ml,£5.50,£3.12/litre,null,beer_cider,2024-11-05
Beavertown Lazer Crush 0.3% Ipa 4 X 330Ml,£6.50,£4.92/litre,null,beer_cider,2024-11-05
Star Finest Lager Beer Bottle 600Ml,£3.25,£5.42/litre,null,beer_cider,2024-11-05
Old Speckled Hen Pale Ale 500Ml,£2.00,£4.00/litre,Any 4 for £7 Clubcard Price - Selected Beers 250ml - 500ml,beer_cider,2024-11-05
Hobgoblin Gold Ale Beer Bottle 500ml,£1.59,£3.18/litre,null,beer_cider,2024-11-05
Hobgoblin Ruby Ale Beer Bottle 500ml,£1.59,£3.18/litre,null,beer_cider,2024-11-05
Spitfire Amber Ale 500Ml,£1.65,£3.30/litre,null,beer_cider,2024-11-05
North Brewing Co Ultra Phase Double Ipa 440Ml,£3.75,£8.52/litre,Any 4 for 3 Clubcard Price - Cheapest Product Free - Selected Premix Cans,beer_cider,2024-11-05
Buxton Brewery King Slayer Double Ipa 440Ml,£4.00,£9.09/litre,Any 4 for 3 Clubcard Price - Cheapest Product Free - Selected Premix Cans,beer_cider,2024-11-05
Healeys Rattler Peach Cyder 500Ml,£2.60,£5.20/litre,Any 3 for £6 Clubcard Price - Selected Beers 450ml-660ml,beer_cider,2024-11-05
Old Golden Hen 500Ml,£2.00,£4.00/litre,Any 4 for £7 Clubcard Price - Selected Beers 250ml - 500ml,beer_cider,2024-11-05
Bishops Finger Kentish Strong Ale 500Ml,£1.59,£3.18/litre,null,beer_cider,2024-11-05
Hobgoblin IPA Ale Beer Bottle 500ml,null,null,Any 4 for £7 Clubcard Price - Selected Beers 250ml - 500ml,beer_cider,2024-11-05
Northern Monk Faith Hazy Pale Ale 440Ml,£2.75,£6.25/litre,Any 4 for 3 Clubcard Price - Cheapest Product Free - Selected Premix Cans,beer_cider,2024-11-05
BrewDog Shore Leave Amber Ale 500ml,£2.25,£4.50/litre,Any 4 for £7 Clubcard Price - Selected Beers 250ml - 500ml,beer_cider,2024-11-05
Black Sheep Respire Carbon Neutral IPA 500ml,£2.00,£4.00/litre,Any 4 for £7 Clubcard Price - Selected Beers 250ml - 500ml,beer_cider,2024-11-05
Madri Excepcional Premium Lager Beer Can 10 x 440ml,£14.50,£3.30/litre,£11.00 Clubcard Price,beer_cider,2024-11-05
Birra Moretti Sale Di Mare Lager 4x330ml,£7.00,£5.30/litre,£6.00 Clubcard Price,beer_cider,2024-11-05
Peroni Nastro Azzurro Beer Lager Cans 4x440ml,£7.50,£4.26/litre,£6.25 Clubcard Price,beer_cider,2024-11-05
1664 Blanc Premium Lager Beer Bottle 4x330ml,£7.00,£5.30/litre,null,beer_cider,2024-11-05
Corona Extra Beer 4 x 440ml,£6.00,£3.41/litre,£5.25 Clubcard Price,beer_cider,2024-11-05
Henry Westons British Vintage Cider 750Ml,£2.75,£3.67/litre,£2.25 Clubcard Price,beer_cider,2024-11-05
Bulmers Original Cider 6x500ml,£8.50,£2.83/litre,null,beer_cider,2024-11-05
Bud Light Beer 4 X 568Ml,£5.00,£2.20/litre,null,beer_cider,2024-11-05
Damm Lemon Lemon Flavoured Beer 4 X 330Ml,£4.50,£3.41/litre,null,beer_cider,2024-11-05
Corona Ligera 6 X 330Ml,£6.75,£3.41/litre,null,beer_cider,2024-11-05
Staropramen Premium Czech Style Pilsner Lager Beer Can 4 x 440ml,£5.50,£3.12/litre,£4.75 Clubcard Price,beer_cider,2024-11-05
Foster's Lager Beer Can 4x440ml,£4.50,£2.56/litre,null,beer_cider,2024-11-05
Korev Lager 4x440ml,£6.00,£3.41/litre,£5.25 Clubcard Price,beer_cider,2024-11-05
Brooklyn Pilsner Lager Beer Cans 4x440ml,£5.50,£3.12/litre,£4.50 Clubcard Price,beer_cider,2024-11-05
Fosters Proper Shandy Lager Beer 4x440ml,£3.75,£2.13/litre,null,beer_cider,2024-11-05
Coors Lager Beer Can 4 x 568ml,£6.00,£2.64/litre,null,beer_cider,2024-11-05
Bud Light Beer 18X440ml,null,null,£10.00 Clubcard Price,beer_cider,2024-11-05
Hazy Hog Cider 500Ml,£2.50,£5.00/litre,null,beer_cider,2024-11-05
BrewDog Cold Beer 4 x 440ml,£4.00,£2.27/litre,null,beer_cider,2024-11-05
Estrella Damm Lager 4x440ml,£6.50,£3.69/litre,null,beer_cider,2024-11-05
Angioletti Riserva Italian cider 500ml,£2.50,£5.00/litre,Any 3 for £6 Clubcard Price - Selected Beers 450ml-660ml,beer_cider,2024-11-05
Brewdog Lost Lager 440Ml,£1.85,£4.20/litre,Any 4 for 3 Clubcard Price - Cheapest Product Free - Selected Premix Cans,beer_cider,2024-11-05
Galipette Rosé Cidre 500ml,£2.50,£5.00/litre,Any 3 for £6 Clubcard Price - Selected Beers 450ml-660ml,beer_cider,2024-11-05
Compton Orchard Medium Dry Cider 2L,£2.00,£1.00/litre,null,beer_cider,2024-11-05
Rosa Blanca Lager 4x440ml,£4.50,£2.56/litre,null,beer_cider,2024-11-05
Angelo Poretti Premium Italian Lager Beer 4x440ml Can,£6.00,£3.41/litre,null,beer_cider,2024-11-05
Bulmers Original Apple Cider 500Ml Bottle,£1.25,£2.50/litre,null,beer_cider,2024-11-05
Old Session Hen Beer 500ml,£1.35,£2.70/litre,null,beer_cider,2024-11-05
Fuller's Griffin Gold Golden Ale Beer 500ml,£1.35,£2.70/litre,Save 25% £1.00 Clubcard Price,beer_cider,2024-11-05
Rekorderlig Peach - Raspberry Premium Fruit Cider Bottle 500ml,£1.75,£3.50/litre,£1.50 Clubcard Price,beer_cider,2024-11-05
Thatchers Blood Orange Cider 10 x 330ml,£12.00,£3.64/litre,null,beer_cider,2024-11-05
Peroni Stile Capri Beer Lager Bottles 10x330ml,£13.00,£3.94/litre,null,beer_cider,2024-11-05
Stella Artois 18x330ml,£17.00,£2.86/litre,null,beer_cider,2024-11-05
Corona Ligera 12 x 330ml,£12.50,£3.16/litre,null,beer_cider,2024-11-05
Carlsberg Pilsner Lager Beer Can 10x440ml,£8.00,£1.82/litre,null,beer_cider,2024-11-05
1664 Blanc Premium Lager Beer Bottle 12x330ml,£18.00,£4.54/litre,null,beer_cider,2024-11-05
Bud Light Beer 20x300ml,£13.00,£2.17/litre,null,beer_cider,2024-11-05
Estrella Damm Lager Beer 10x330ml,£13.00,£3.94/litre,null,beer_cider,2024-11-05
Kopparberg Premium Cider Winter Punch 12 x 330ml,£11.00,£2.78/litre,null,beer_cider,2024-11-05
Old Speckled Hen Pale Ale 10 X 440Ml,£12.00,£2.73/litre,£10.50 Clubcard Price,beer_cider,2024-11-05
BrewDog Shore Leave Amber Ale 4 x 440ml,£6.00,£3.41/litre,£5.00 Clubcard Price,beer_cider,2024-11-05
Hobgoblin Session IPA Ale Beer 4 x 440ml,£4.25,£2.42/litre,£3.75 Clubcard Price,beer_cider,2024-11-05
Hobgoblin Gold Ale Beer Can 4 x 568ml,£6.00,£2.64/litre,£5.25 Clubcard Price,beer_cider,2024-11-05
Kopparberg Cider Dark Nights Variety Pack 12 x 330ml,£11.00,£2.78/litre,null,beer_cider,2024-11-05
Old Golden Hen 4X500ml,£5.75,£2.88/litre,£5.00 Clubcard Price,beer_cider,2024-11-05
Foster's Lager Beer Can 18x440ml,£14.99,£1.89/litre,£12.00 Clubcard Price,beer_cider,2024-11-05
Westons Old Rosie Cloudy Cider 2.25L,£7.00,£3.11/litre,null,beer_cider,2024-11-05
McEwan’s Export Ale Beer 4x568ml,£5.75,£2.53/litre,null,beer_cider,2024-11-05
Badger Fursty Ferret Amber Ale 4x440ml,£5.75,£3.27/litre,null,beer_cider,2024-11-05
Birra Moretti Sale Di Mare Lager Beer 660ml,£3.10,£4.70/litre,Any 3 for £6 Clubcard Price - Selected Beers 450ml-660ml,beer_cider,2024-11-05
Old Speckled Hen Pale Ale 4 X 500Ml,£5.49,£2.74/litre,null,beer_cider,2024-11-05
Estrella Damm Beer 660Ml,null,null,Any 3 for £6 Clubcard Price - Selected Beers 450ml-660ml,beer_cider,2024-11-05
Kingfisher Premium Lager 650Ml,£2.50,£3.85/litre,Any 3 for £6 Clubcard Price - Selected Beers 450ml-660ml,beer_cider,2024-11-05
Budweiser Lager 10 X 440Ml,£10.00,£2.27/litre,null,beer_cider,2024-11-05
Aspall Crisp Apple Premium Cyder Can 4 x 330ml,£4.50,£3.41/litre,null,beer_cider,2024-11-05
Hobgoblin Ruby Ale Beer Can 4x568ml,£6.00,£2.64/litre,null,beer_cider,2024-11-05
Knights Vintage Herefordshire Apple Cider 500ml,£1.75,£3.50/litre,£1.50 Clubcard Price,beer_cider,2024-11-05
Crumpton Oaks Apple Cider 5% Pint Can 568ml,£1.00,£1.76/litre,null,beer_cider,2024-11-05
Menabrea Bionda 660Ml,£2.75,£4.17/litre,Any 3 for £6 Clubcard Price - Selected Beers 450ml-660ml,beer_cider,2024-11-05
Rosa Blanca Beer 660ml,£1.60,£2.42/litre,null,beer_cider,2024-11-05
Brooklyn Pilsner Lager Beer Cans 10x440ml,£10.00,£2.27/litre,null,beer_cider,2024-11-05
Pilsner Urquell 500Ml,£2.35,£4.70/litre,Any 3 for £6 Clubcard Price - Selected Beers 450ml-660ml,beer_cider,2024-11-05
Peroni Stile Capri Beer Lager Bottles 3x330ml,£5.00,£5.05/litre,£3.50 Clubcard Price,beer_cider,2024-11-05
Estrella Galicia World Lager 660Ml,£2.50,£3.79/litre,Any 3 for £6 Clubcard Price - Selected Beers 450ml-660ml,beer_cider,2024-11-05
Guinness Draught Nitrosurge Device,£30.00,£30.00/each,GUINNESS DRAUGHT Meal Deal for £30 Clubcard Price - Buy 1 Guinness Nitrosurge 4 Pack & 1 Guinness Device,beer_cider,2024-11-05
Leffe Blonde Beer 12 X 330 Ml,£17.00,£4.29/litre,null,beer_cider,2024-11-05
Guinness Draught Nitrosurge 10 X 558Ml,£20.00,£3.58/litre,null,beer_cider,2024-11-05
BrewDog Wingman IPA 12 x330ml,£16.00,£4.04/litre,£13.00 Clubcard Price,beer_cider,2024-11-05
BrewDog Cold Beer 10 x 440ml,£9.00,£2.04/litre,£7.00 Clubcard Price,beer_cider,2024-11-05
Fosters Proper Shandy Lager Beer 10x440ml,£9.00,£2.04/litre,£8.00 Clubcard Price,beer_cider,2024-11-05
Carlsberg Danish Pilsner Lager Beer Bottle 18x330ml,£13.00,£2.19/litre,null,beer_cider,2024-11-05
Guinness Draught Nitrosurge Stout Beer Can 4.1% Vol 4x558ml,£8.50,£3.81/litre,GUINNESS DRAUGHT Meal Deal for £30 Clubcard Price - Buy 1 Guinness Nitrosurge 4 Pack & 1 Guinness Device,beer_cider,2024-11-05
Greene King Level Head Ipa 4X330ml,£5.50,£4.17/litre,£4.75 Clubcard Price,beer_cider,2024-11-05
Leffe Blonde Beer 4 X 330Ml,£6.00,£4.54/litre,null,beer_cider,2024-11-05
Kopparberg Winter Punch Cider 4 x 330ml CAN,£4.50,£3.41/litre,null,beer_cider,2024-11-05
Brewdog Black Heart Stout 4 X 440 Ml,£5.25,£2.98/litre,£4.50 Clubcard Price,beer_cider,2024-11-05
Thatchers Juicy Apple Cider 4x440ml,£5.00,£2.84/litre,£4.50 Clubcard Price,beer_cider,2024-11-05
Brewdog Punk Ipa Beer 440Ml,£2.50,£5.68/litre,Any 4 for 3 Clubcard Price - Cheapest Product Free - Selected Premix Cans,beer_cider,2024-11-05
Thatchers Apple & Blackcurrant Cider 4 x 440ml,£5.50,£3.12/litre,null,beer_cider,2024-11-05
Erdinger Weissbier Wheat Beer Bottle 4x330ml,£6.00,£4.54/litre,null,beer_cider,2024-11-05
Vocation Double Tonka Frappe 440ml,£3.75,£8.52/litre,Any 4 for 3 Clubcard Price - Cheapest Product Free - Selected Premix Cans,beer_cider,2024-11-05
BrewDog Wingman IPA 440ml,£2.85,£6.48/litre,Any 4 for 3 Clubcard Price - Cheapest Product Free - Selected Premix Cans,beer_cider,2024-11-05
Leffe Blonde Beer 750Ml,£3.39,£4.52/litre,null,beer_cider,2024-11-05
Crofter's Cloudy Lemon Cider 4x440ml,£3.50,£1.99/litre,null,beer_cider,2024-11-05
Brewdog Hazy Jane 440Ml,£2.75,£6.25/litre,Any 4 for 3 Clubcard Price - Cheapest Product Free - Selected Premix Cans,beer_cider,2024-11-05
Crofter's Rose Cider 4x440ml,£3.50,£1.99/litre,null,beer_cider,2024-11-05
Crofter's Blood Orange Cider 4x440ml,£3.50,£1.99/litre,null,beer_cider,2024-11-05
Crofter's Dark Fruit Cider 4x440ml,£3.50,£1.99/litre,null,beer_cider,2024-11-05
Hobgoblin Stout Beer 500ml,£2.25,£4.50/litre,Any 4 for £7 Clubcard Price - Selected Beers 250ml - 500ml,beer_cider,2024-11-05
Brewdog Elvis Juice Ipa 440Ml,£2.85,£6.48/litre,Any 4 for 3 Clubcard Price - Cheapest Product Free - Selected Premix Cans,beer_cider,2024-11-05
Badger Master Stoat Coffee Stout 500ml,£2.10,£4.20/litre,Any 4 for £7 Clubcard Price - Selected Beers 250ml - 500ml,beer_cider,2024-11-05
Cherry Chouffe - Belgian Cherry Beer 330ml,£2.75,£8.33/litre,Any 4 for 3 Clubcard Price - Cheapest Product Free - Selected Premix Cans,beer_cider,2024-11-05
Sierra Nevada Pale Ale 473ml,£3.00,£6.34/litre,Any 4 for 3 Clubcard Price - Cheapest Product Free - Selected Premix Cans,beer_cider,2024-11-05
BrewDog Wingman IPA 4 x 330ml,£5.50,£4.17/litre,null,beer_cider,2024-11-05
"Northern Monk, Zombie Death, Chocolate and Strawberry Ice Cream Dessert Stout 440ml 8.4%",£4.50,£10.23/litre,Any 4 for 3 Clubcard Price - Cheapest Product Free - Selected Premix Cans,beer_cider,2024-11-05
Vocation Doppleganger DDH IPA 440ml,£3.75,£8.52/litre,Any 4 for 3 Clubcard Price - Cheapest Product Free - Selected Premix Cans,beer_cider,2024-11-05
BrewDog Lucky Break NEIPA 440ml,£3.75,£8.52/litre,Any 4 for 3 Clubcard Price - Cheapest Product Free - Selected Premix Cans,beer_cider,2024-11-05
North Brewing Co - Another World - Hazy IPA 440ml,£3.75,£8.52/litre,Any 4 for 3 Clubcard Price - Cheapest Product Free - Selected Premix Cans,beer_cider,2024-11-05
Brewdog Arcade Made Ddh Ipa 440 Ml,£4.00,£9.09/litre,Any 4 for 3 Clubcard Price - Cheapest Product Free - Selected Premix Cans,beer_cider,2024-11-05
Beavertown Bloody Ell' Blood Orange IPA 440ml,£4.00,£9.09/litre,Any 4 for 3 Clubcard Price - Cheapest Product Free - Selected Premix Cans,beer_cider,2024-11-05
Jiddler's Tipple Hop and Cold IPA Single 440ml,£3.25,£7.39/litre,Any 4 for 3 Clubcard Price - Cheapest Product Free - Selected Premix Cans,beer_cider,2024-11-05
Beavertown Sun God Tropical IPA 440ml,£4.00,£9.09/litre,Any 4 for 3 Clubcard Price - Cheapest Product Free - Selected Premix Cans,beer_cider,2024-11-05
BrewDog King Crush Double Milkshake IPA 440ml,£3.75,£8.52/litre,Any 4 for 3 Clubcard Price - Cheapest Product Free - Selected Premix Cans,beer_cider,2024-11-05
Brew By Numbers 5 IPA Citra Mosaic 440ml,£3.50,£7.96/litre,Any 4 for 3 Clubcard Price - Cheapest Product Free - Selected Premix Cans,beer_cider,2024-11-05
Beavertown Lupuloid Classic IPA 440ml,£4.00,£9.09/litre,Any 4 for 3 Clubcard Price - Cheapest Product Free - Selected Premix Cans,beer_cider,2024-11-05
Northern Monk Cosmic Fog Hazy IPA 440ml,null,null,Any 4 for 3 Clubcard Price - Cheapest Product Free - Selected Premix Cans,beer_cider,2024-11-05
Northern Monk Faith in Futures X Tank Petrol IPA 440ml,£3.75,£8.52/litre,Any 4 for 3 Clubcard Price - Cheapest Product Free - Selected Premix Cans,beer_cider,2024-11-05
Jiddler's Tipple Everyday Pale Ale Single 440ml,£2.75,£6.25/litre,Any 4 for 3 Clubcard Price - Cheapest Product Free - Selected Premix Cans,beer_cider,2024-11-05
Buxton Brewery Girl From Mars Neipa 44Cl,£3.00,£6.82/litre,Any 4 for 3 Clubcard Price - Cheapest Product Free - Selected Premix Cans,beer_cider,2024-11-05
JUBEL Beer cut with Lemon 330ml,£2.25,£6.82/litre,Any 4 for 3 Clubcard Price - Cheapest Product Free - Selected Premix Cans,beer_cider,2024-11-05
Fourpure Juiced Mango & Raspberry 440ml,£2.20,£5.00/litre,£1.60 Clubcard Price,beer_cider,2024-11-05
Fourpure Juiced Passionfruit & Lime 440ml,£2.20,£5.00/litre,£1.60 Clubcard Price,beer_cider,2024-11-05
JUBEL Beer cut with Blood Orange 330ml,£2.25,£6.82/litre,Any 4 for 3 Clubcard Price - Cheapest Product Free - Selected Premix Cans,beer_cider,2024-11-05
Badger Brewery Outland West Coast IPA 440ml,£2.85,£6.48/litre,Any 4 for 3 Clubcard Price - Cheapest Product Free - Selected Premix Cans,beer_cider,2024-11-05
Badger Brewery Outland Ginger Pale Ale 440ml,£2.85,£6.48/litre,Any 4 for 3 Clubcard Price - Cheapest Product Free - Selected Premix Cans,beer_cider,2024-11-05
BUXTON BREWERY HATCHET SESSION IPA 44cl,£2.25,£5.11/litre,Any 4 for 3 Clubcard Price - Cheapest Product Free - Selected Premix Cans,beer_cider,2024-11-05
North Brewing Co Sputnik American Pale Ale 440Ml,£2.50,£5.68/litre,Any 4 for 3 Clubcard Price - Cheapest Product Free - Selected Premix Cans,beer_cider,2024-11-05
Vocation Hop Skip & Juice Pale Ale 4X330ml,£7.00,£5.30/litre,£5.75 Clubcard Price,beer_cider,2024-11-05
Kopparberg Cider Strawberry & Pineapple 4X330ml,£4.50,£3.41/litre,null,beer_cider,2024-11-05
BrewDog Shore Leave Amber Ale 10 x 440ml,£12.50,£2.82/litre,null,beer_cider,2024-11-05
Henry Westons Vintage Pear Cider 500ml,£2.50,£5.00/litre,Any 3 for £6 Clubcard Price - Selected Beers 450ml-660ml,beer_cider,2024-11-05
Corona Cero 12x330ml,null,null,null,beer_cider,2024-11-05
Northern Monk Millions Watermelon Session IPA Beer 440ml,£3.00,£6.82/litre,Any 4 for 3 Clubcard Price - Cheapest Product Free - Selected Premix Cans,beer_cider,2024-11-05
Hobgoblin Session IPA Ale Beer 10 x 440ml,£10.00,£2.27/litre,null,beer_cider,2024-11-05
BrewDog Rocky Road Marshmallow Stout 440ml,£3.75,£8.52/litre,Any 4 for 3 Clubcard Price - Cheapest Product Free - Selected Premix Cans,beer_cider,2024-11-05
Cruzcampo Sevilla Lager Beer 660Ml,£2.50,£3.79/litre,Any 3 for £6 Clubcard Price - Selected Beers 450ml-660ml,beer_cider,2024-11-05
Hobgoblin Gold Ale Beer 10X440ml,£11.50,£2.61/litre,null,beer_cider,2024-11-05
Strongbow Strawberry Cider 4x440ml,£5.60,£3.18/litre,null,beer_cider,2024-11-05
Strongbow Tropical Cider Can 4x440ml,£5.60,£3.18/litre,null,beer_cider,2024-11-05
Brothers Berry Sub-Lime 500ml Cider,£1.75,£3.50/litre,£1.25 Clubcard Price,beer_cider,2024-11-05
Brothers Best Of The Zest Cider 500ml,£1.75,£3.50/litre,£1.25 Clubcard Price,beer_cider,2024-11-05
Brothers Un-Berrylievable 500ml Cider,£1.75,£3.50/litre,£1.25 Clubcard Price,beer_cider,2024-11-05
Vault City Gingerbread Latte Imperial Stout 330ml,£5.50,£16.67/litre,Any 4 for 3 Clubcard Price - Cheapest Product Free - Selected Premix Cans,beer_cider,2024-11-05
Strongbow Strawberry Cider 500ml,£2.35,£4.70/litre,Any 3 for £6 Clubcard Price - Selected Beers 450ml-660ml,beer_cider,2024-11-05
Vault City Blackcurrant Kir Royale Sour Beer 440ml,£4.00,£9.09/litre,Any 4 for 3 Clubcard Price - Cheapest Product Free - Selected Premix Cans,beer_cider,2024-11-05
Tiny Rebel Hop Hut Summer Slam IPA 440ml,£3.50,£7.96/litre,Any 4 for 3 Clubcard Price - Cheapest Product Free - Selected Premix Cans,beer_cider,2024-11-05
Strongbow Zest Flavoured Cider 4x440ml,£5.60,£3.18/litre,null,beer_cider,2024-11-05
Brothers App-Solutely Pear-Fect Cider 500ml,£1.75,£3.50/litre,£1.50 Clubcard Price,beer_cider,2024-11-05
Vault City Rhubarb & Custard Sour Beer 440ml,£3.25,£7.39/litre,Any 4 for 3 Clubcard Price - Cheapest Product Free - Selected Premix Cans,beer_cider,2024-11-05
Old Mout Cider Berries & Cherries Bottle 500ml,£2.45,£4.90/litre,Any 3 for £6 Clubcard Price - Selected Beers 450ml-660ml,beer_cider,2024-11-05
Old Mout Berries and Cherries Flavoured Cider 10x330ml,£12.00,£3.64/litre,null,beer_cider,2024-11-05
Pulpt Melba White Peach & Scottish Raspberry Cider 500ml.,£2.50,£5.00/litre,Any 3 for £6 Clubcard Price - Selected Beers 450ml-660ml,beer_cider,2024-11-05
Kopparberg Summer Punch 500ml,£1.75,£3.50/litre,£1.50 Clubcard Price,beer_cider,2024-11-05
Kopparberg Strawberry & Pineapple Cider 500ml,£1.75,£3.50/litre,£1.50 Clubcard Price,beer_cider,2024-11-05
Rekorderlig Blackberry - Blackcurrant Premium Fruit Cider Bottle 500ml,£1.75,£3.50/litre,£1.50 Clubcard Price,beer_cider,2024-11-05
JUBEL Mixed Pack 8x330ml,£13.00,£4.92/litre,null,beer_cider,2024-11-05
Greene King Hazy Day IPA 4x330ml,£5.50,£4.17/litre,£4.75 Clubcard Price,beer_cider,2024-11-05
Tiny Rebel Easy Livin' Session Pale Ale 4 x 330ml,£6.50,£4.92/litre,£5.75 Clubcard Price,beer_cider,2024-11-05
Tiny Rebel Cali Juicy Pale Ale 4 x 330ml,£6.50,£4.92/litre,null,beer_cider,2024-11-05
Vocation Crush Hour 10x330ml,£13.50,£4.09/litre,null,beer_cider,2024-11-05
Greene King Prior Life All Day IPA 4x330ml,£4.50,£3.41/litre,£4.00 Clubcard Price,beer_cider,2024-11-05
Camden Easy IPA 4x330ml,£6.25,£4.74/litre,£5.50 Clubcard Price,beer_cider,2024-11-05
Camden Hells 4 x 440ml,£7.00,£3.98/litre,£6.25 Clubcard Price,beer_cider,2024-11-05
Birra Moretti Zero Alcohol Free Beer 4 x 330ml,£5.00,£3.79/litre,null,beer_cider,2024-11-05
"Northern Monk, SUP & Lime Beer 4x330ml",£5.50,£4.17/litre,£4.75 Clubcard Price,beer_cider,2024-11-05
Beavertown Heavy Gravity Hazy IPA 440ml,£4.00,£9.09/litre,Any 4 for 3 Clubcard Price - Cheapest Product Free - Selected Premix Cans,beer_cider,2024-11-05
BrewDog Post Punk 4 x330ml,£5.50,£4.17/litre,null,beer_cider,2024-11-05
Northern Monk Heathen Club Hazy Pale 4x330ml,£6.50,£4.92/litre,null,beer_cider,2024-11-05
Camden Pale Ale 12 X 330Ml,£15.50,£3.91/litre,null,beer_cider,2024-11-05
Beavertown Satellite Super Session IPA 2.8% 4x330ml,£6.50,£4.92/litre,£5.50 Clubcard Price,beer_cider,2024-11-05
Heineken 0.0% Alcohol Free Lager Beer Can 6x330ml,£4.75,£2.40/litre,null,alc_free,2024-11-05
Heineken 0.0% Alcohol Free Lager Beer Bottle 12x330ml,£11.50,£2.90/litre,null,alc_free,2024-11-05
Lucky Saint Alcohol Free Lager 4x330ml,£6.00,£4.54/litre,null,alc_free,2024-11-05
Tanqueray Alcohol Free 0% Spirit 70Cl,£17.00,£24.29/litre,null,alc_free,2024-11-05
Gordons 0.0% Alcohol Free Spirit 70Cl,£15.00,£21.43/litre,null,alc_free,2024-11-05
Tesco Alcohol Free Malbec 75Cl,£3.25,£3.25/75cl,null,alc_free,2024-11-05
Peroni Nastro Azzurro 0% Alcohol Free Beer Bottles 4x330ml,£5.00,£3.79/litre,null,alc_free,2024-11-05
Gordon's Alcohol Free Spirit & Tonic with Lime Can 0% Vol 4x250ml,£5.50,£5.50/litre,£4.00 Clubcard Price,alc_free,2024-11-05
Becks Blue Alcohol Free 15X275ml,£7.99,£1.94/litre,null,alc_free,2024-11-05
Freixenet 0.0% Alcohol Free Sparkling 75Cl,£5.00,£5.00/75cl,null,alc_free,2024-11-05
Kopparberg Strawberry & Lime Alcohol Free 500Ml,£1.50,£3.00/litre,£1.25 Clubcard Price,alc_free,2024-11-05
Corona Cero Alcohol Free Beer 4 X 330Ml,£4.50,£3.41/litre,£4.00 Clubcard Price,alc_free,2024-11-05
Birra Moretti Zero 0.0% Alcohol Free Beer Bottle 4x330ml,null,null,null,alc_free,2024-11-05
Erdinger Alkoholfrei Alcohol Free Wheat Beer Bottle 500ml,£1.75,£3.50/litre,null,alc_free,2024-11-05
Mcguigan Zero Shiraz 75Cl,£4.25,£4.25/75cl,null,alc_free,2024-11-05
Kopparberg Alcohol Free Pear Cider 500Ml,£1.50,£3.00/litre,£1.25 Clubcard Price,alc_free,2024-11-05
Nozeco 750Ml,£3.50,£3.50/75cl,null,alc_free,2024-11-05
Nozeco Rose 750Ml,£3.50,£3.50/75cl,null,alc_free,2024-11-05
Tesco Low Alcohol Reduced Cal G&T. 4 X 250Ml,£4.00,£4.00/litre,null,alc_free,2024-11-05
Eisberg Sauvignon 75Cl Alcohol Free,£3.50,£3.50/75cl,£3.00 Clubcard Price,alc_free,2024-11-05
Eisberg Merlot Alcohol Free Wine 75Cl,£3.50,£3.50/75cl,£3.00 Clubcard Price,alc_free,2024-11-05
Kylie Minogue Alcohol Free Sparkling Rose 75Cl,£6.00,£6.00/75cl,null,alc_free,2024-11-05
Kopparberg Cider Plus Strawberry & Lime Alcohol Free 4X330ml,£3.00,£2.27/litre,null,alc_free,2024-11-05
Tesco Alcohol Free Sauvignon Blanc 75Cl,£3.25,£3.25/75cl,null,alc_free,2024-11-05
Kopparberg Premium Cider Mixed Fruit Alcohol Free 4X330ml,£3.00,£2.27/litre,null,alc_free,2024-11-05
"San Miguel Especial Alcohol Free 0,0% Lager Beer Bottle 4x330ml",£4.25,£3.22/litre,null,alc_free,2024-11-05
Leffe Blonde 0% Alcohol Free Beer 6X250ml,£4.50,£3.00/litre,null,alc_free,2024-11-05
Heineken 0.0% Alcohol Free Lager Beer Can 6x330ml,£4.75,£2.40/litre,null,alc_free,2024-11-05
Adnams Ghost Ship Bottle Beer 0.5% 500Ml,£1.50,£3.00/litre,null,alc_free,2024-11-05
Sheppy's Low Alcohol Classic Cider 0.5% 500Ml,£1.50,£3.00/litre,null,alc_free,2024-11-05
Eisberg Mulled Alcohol Free Wine 75Cl,£3.00,£3.00/75cl,null,alc_free,2024-11-05
Brooklyn Special Effects Alcohol Free Lager Beer Bottle 4x330ml,£4.50,£3.41/litre,£4.00 Clubcard Price,alc_free,2024-11-05
Lucky Saint Alcohol Free Lager 4x330ml,£6.00,£4.54/litre,null,alc_free,2024-11-05
Stella Artois Premium Alcohol Free Lager Beer 4X330ml,£3.00,£2.27/litre,null,alc_free,2024-11-05
Cleanco Clean R Non Alcohol Golden Spiced Spirit 70Cl,£16.00,£22.86/litre,null,alc_free,2024-11-05
Cleanco Clean G Crisp Dry Non Acl Spirit 70Cl,£16.00,£22.86/litre,null,alc_free,2024-11-05
Gordon's Alcohol Free Premium Pink Spirit 70Cl,£15.00,£21.43/litre,null,alc_free,2024-11-05
Captain Morgan Spiced Gold Alcohol Free 70Cl,£15.00,£21.43/litre,null,alc_free,2024-11-05
Not Guilty Rosé 750ml,£4.75,£6.33/litre,null,alc_free,2024-11-05
Laphroaig Islay Select Single Malt Scotch Whisky 70cl,£36.00,£51.43/litre,£25.00 Clubcard Price,spirit,2024-11-05
The Famous Grouse Finest Blended Scotch Whisky 1 Litre,£22.75,£22.75/litre,£18.50 Clubcard Price,spirit,2024-11-05
Aperol Aperitivo 100cl,£21.50,£21.50/litre,£17.00 Clubcard Price,spirit,2024-11-05
Jack Daniel's Tennessee Whiskey 1L,£35.00,£35.00/litre,£25.00 Clubcard Price,spirit,2024-11-05
Grey Goose L'original Vodka 700Ml,£41.50,£59.29/litre,£30.00 Clubcard Price,spirit,2024-11-05
Jj Whitley Artisanal Vodka 1 Litre,£23.00,£23.00/litre,Save 25% £17.00 Clubcard Price,spirit,2024-11-05
Bombay Sapphire Gin 1 Litre,£30.00,£30.00/litre,Save 25% £22.00 Clubcard Price,spirit,2024-11-05
TAYLOR'S LBV PORT 75CL,£20.00,£20.00/75cl,Save 25% £15.00 Clubcard Price,spirit,2024-11-05
Disaronno Originale 500ml,£18.00,£36.00/litre,£13.00 Clubcard Price,spirit,2024-11-05
Absolut Swedish Vodka 1L,£28.50,£28.50/litre,£22.00 Clubcard Price,spirit,2024-11-05
Smirnoff No.21 Red Label Vodka Bottle 37.5% Vol 70cl,£17.75,£25.36/litre,£15.00 Clubcard Price,spirit,2024-11-05
Kahlúa The Original Coffee Liqueur 70cl,£16.50,£23.57/litre,null,spirit,2024-11-05
Tia Maria Cold Brew Coffee Liqueur 700 ml,£16.00,£22.86/litre,Save 25% £12.00 Clubcard Price,spirit,2024-11-05
Gordon's Special Dry London Gin Bottle 37.5% Vol 70Cl,£17.00,£24.29/litre,£15.00 Clubcard Price,spirit,2024-11-05
Cockburns Special Reserve Port 75Cl,£14.00,£14.00/75cl,£12.00 Clubcard Price,spirit,2024-11-05
Croft Original Sherry 1L,£14.75,£11.06/75cl,£12.00 Clubcard Price,spirit,2024-11-05
Gordon's Premium Pink Distilled Gin Bottle 37.5% Vol 70Cl,£18.50,£26.43/litre,£16.00 Clubcard Price,spirit,2024-11-05
Jack Daniel's Old No. 7 Tennessee Whiskey 70 cL,£26.00,£37.14/litre,Save 25% £19.00 Clubcard Price,spirit,2024-11-05
Tequila Rose Strawberry Cream Liqueur 500ml,£13.00,£26.00/litre,£11.00 Clubcard Price,spirit,2024-11-05
Tesco Imperial Vodka 70Cl,£13.00,£18.57/litre,null,spirit,2024-11-05
Stone's Original Ginger Wine 70cl,£7.50,£8.04/75cl,£6.75 Clubcard Price,spirit,2024-11-05
Malibu Original 1L,£21.00,£21.00/litre,null,spirit,2024-11-05
Harveys Special Edition Bristol Cream Sherry 1L,£14.75,£11.06/75cl,£13.00 Clubcard Price,spirit,2024-11-05
Bacardi Carta Blanca Rum 1 Litre,£24.00,£24.00/litre,Save 25% £18.00 Clubcard Price,spirit,2024-11-05
Warninks Original Advocaat 70cl,£15.50,£22.14/litre,Save 25% £11.50 Clubcard Price,spirit,2024-11-05
Tesco Napoleon Brandy 1 Litre,£18.00,£18.00/litre,null,spirit,2024-11-05
Cointreau Orange Liqueur Triple Sec 50cl,£18.50,£37.00/litre,£15.00 Clubcard Price,spirit,2024-11-05
Whyte & Mackay Blended Scotch Whisky 1L,£21.00,£21.00/litre,£18.50 Clubcard Price,spirit,2024-11-05
Tesco Imperial Vodka 1L,£17.00,£17.00/litre,null,spirit,2024-11-05
Chambord Black Raspberry Liqueur 20 cL,£8.00,£40.00/litre,£6.50 Clubcard Price,spirit,2024-11-05
Captain Morgan Original Spiced Gold Rum Based Spirit Bottle 35% 1L,£24.00,£24.00/litre,£19.00 Clubcard Price,spirit,2024-11-05
Bell's Original Blended Whisky Bottle 40% Vol 1L,£24.00,£24.00/litre,£19.00 Clubcard Price,spirit,2024-11-05
Smirnoff No.21 Red Label Vodka Bottle 37.5% Vol 1L,£24.00,£24.00/litre,£19.00 Clubcard Price,spirit,2024-11-05
The Famous Grouse Finest Blended Scotch Whisky 1 Litre,£22.75,£22.75/litre,£18.50 Clubcard Price,spirit,2024-11-05
Gordon's Special Dry London Gin Bottle 37.5% Vol 1L,£24.00,£24.00/litre,£19.00 Clubcard Price,spirit,2024-11-05
Tesco Napoleon Brandy 35Cl,£6.75,£19.29/litre,null,spirit,2024-11-05
Tesco Dry London Gin 1L,£17.00,£17.00/litre,null,spirit,2024-11-05
Tesco Pale Cream Sherry 1L,£10.50,£7.88/75cl,null,spirit,2024-11-05
Tesco Cream Sherry 1L,£10.50,£7.88/75cl,null,spirit,2024-11-05
Tesco Ruby Port 75Cl,£8.50,£8.50/75cl,null,spirit,2024-11-05
Three Barrels Rare Old French Brandy VSOP 1L,null,null,null,spirit,2024-11-05
Tesco Special Reserve Scotch Whisky 1L,£18.00,£18.00/litre,null,spirit,2024-11-05
Tesco Green Ginger Wine 70Cl,£4.50,£4.82/75cl,null,spirit,2024-11-05
Malibu Pineapple 250ml,£2.15,£8.60/litre,Any 4 for 3 Clubcard Price - Cheapest Product Free - Selected Premix Cans,spirit,2024-11-05
Malibu Piña Colada Still Pre-Mixed Drink 250ml,£2.15,£8.60/litre,Any 4 for 3 Clubcard Price - Cheapest Product Free - Selected Premix Cans,spirit,2024-11-05
Funkin Nitro Cocktails Passion Fruit Martini 200ml,£2.20,£11.00/litre,Any 4 for 3 Clubcard Price - Cheapest Product Free - Selected Premix Cans,spirit,2024-11-05
Bailey's Original Irish Cream Liqueur Bottle 17% Vol 1L,£22.00,£22.00/litre,£13.00 Clubcard Price,spirit,2024-11-05
Bailey's Original Irish Cream Liqueur Bottle 17% Vol 70Cl,£16.50,£23.57/litre,Better than Half Price £8.00 Clubcard Price,spirit,2024-11-05
Whitley Neill Rhubarb Ginger Gin 70Cl,£29.00,£41.43/litre,£20.00 Clubcard Price,spirit,2024-11-05
Southern Comfort Whiskey Flavoured Liqueur 1L,£30.00,£30.00/litre,£18.00 Clubcard Price,spirit,2024-11-05
JIM BEAM WHITE BOURBON 70CL,£20.00,£28.57/litre,£16.00 Clubcard Price,spirit,2024-11-05
Drambuie The Isle of Skye Liqueur 50cl,£20.00,£40.00/litre,Save 25% £15.00 Clubcard Price,spirit,2024-11-05
Tanqueray London Dry Gin 70Cl,£21.50,£30.71/litre,£18.00 Clubcard Price,spirit,2024-11-05
Grant's Triple Wood Blended Scotch Whisky 1 Litre,£21.75,£21.75/litre,£19.00 Clubcard Price,spirit,2024-11-05
Courvoisier VS Cognac 70cl,£33.00,£47.14/litre,£26.00 Clubcard Price,spirit,2024-11-05
Disaronno Velvet Liqueur 500ml,£17.50,£35.00/litre,£10.00 Clubcard Price,spirit,2024-11-05
Dow's Master Blend Finest Reserve Port 75Cl,£14.50,£14.50/75cl,null,spirit,2024-11-05
The Kraken Black Spiced Rum 70Cl,£26.00,£37.14/litre,null,spirit,2024-11-05
Harveys The Bristol Cream Solera Sherry 75cl,£13.50,£13.50/75cl,null,spirit,2024-11-05
Absolut Swedish Vodka 70Cl,£22.00,£31.43/litre,null,spirit,2024-11-05
De Kuyper Cherry Brandy Liqueur 50cl,£12.75,£25.50/litre,£10.50 Clubcard Price,spirit,2024-11-05
Martini Vermouth Extra Dry 75Cl,£11.00,£11.00/75cl,£8.00 Clubcard Price,spirit,2024-11-05
Greenalls Original London Dry Gin 1 Litre,£22.50,£22.50/litre,£18.50 Clubcard Price,spirit,2024-11-05
Martini Rosso Vermouth 75Cl,£11.00,£11.00/75cl,£8.00 Clubcard Price,spirit,2024-11-05
Bacardi Spiced Rum 1L,£23.50,£23.50/litre,£18.00 Clubcard Price,spirit,2024-11-05
Ovd Rum 1 Litre,£24.00,£24.00/litre,null,spirit,2024-11-05
Jameson Triple Distilled Irish Whiskey 1 Litre,null,null,null,spirit,2024-11-05
Tesco Napoleon Brandy 70Cl,£13.00,£18.57/litre,null,spirit,2024-11-05
Malibu Strawberry Flavour Rum Liqueur 700Ml,£16.00,£22.86/litre,£10.00 Clubcard Price,spirit,2024-11-05
Disaronno Originale 1 Litre,£26.50,£26.50/litre,null,spirit,2024-11-05
Bacardi Carta Blanca 70Cl,£17.75,£25.36/litre,null,spirit,2024-11-05
VK Mixed Pack A Selection of Flavoured Alcoholic Drinks 10 x 275ml,£9.00,£3.27/litre,£8.00 Clubcard Price,spirit,2024-11-05
Gordon's Premium Pink Distilled Gin Bottle 37.5% Vol 1L,£26.00,£26.00/litre,null,spirit,2024-11-05
Tanqueray London Dry Gin 1 Litre,£28.50,£28.50/litre,null,spirit,2024-11-05
Tesco Fino Sherry 1L,£10.50,£7.88/75cl,null,spirit,2024-11-05
Tesco Extra Dry Vermouth 1Ltr,£8.00,£6.00/75cl,null,spirit,2024-11-05
Tesco Imperial Vodka 35Cl,£6.80,£19.43/litre,null,spirit,2024-11-05
Tesco Amaretto Liqueur 50Cl,£9.00,£18.00/litre,null,spirit,2024-11-05
All Shook Up Passion Fruit Martini 250ml,£1.60,£6.40/litre,Any 4 for 3 Clubcard Price - Cheapest Product Free - Selected Premix Cans,spirit,2024-11-05
Tesco Medium Dry Sherry 1L,£10.50,£7.88/75cl,null,spirit,2024-11-05
Smirnoff Raspberry Crush & Lemonade Ready To Drink Premix 250ml,null,null,Any 4 for 3 Clubcard Price - Cheapest Product Free - Selected Premix Cans,spirit,2024-11-05
WKD Blue 700ml,£3.75,£5.36/litre,null,spirit,2024-11-05
Funkin Nitro Cocktails Piña Colada 200ml,£2.20,£11.00/litre,Any 4 for 3 Clubcard Price - Cheapest Product Free - Selected Premix Cans,spirit,2024-11-05
Edinburgh Gin Rhubarb & Ginger Gin Liqueur 250ml,£2.35,£9.40/litre,Any 4 for 3 Clubcard Price - Cheapest Product Free - Selected Premix Cans,spirit,2024-11-05
Gordon's Pink Gin & Tonic Can 5% Vol 250ml,£2.15,£8.60/litre,Any 4 for 3 Clubcard Price - Cheapest Product Free - Selected Premix Cans,spirit,2024-11-05
All Shook Up Mixed Sharing Pack Cocktail Cans 10x250ml,£14.50,£5.80/litre,£10.00 Clubcard Price,spirit,2024-11-05
Smirnoff Ice Vodka Mixed Drink Bottle 4% Vol 70cl,£3.00,£4.29/litre,null,spirit,2024-11-05
Funkin Nitro Cocktails Espresso Martini 200ml,£2.20,£11.00/litre,Any 4 for 3 Clubcard Price - Cheapest Product Free - Selected Premix Cans,spirit,2024-11-05
Whitley Neill Raspberry Gin 70Cl,£29.00,£41.43/litre,£20.00 Clubcard Price,spirit,2024-11-05
Absolut Vanilla Vodka 70Cl,£22.00,£31.43/litre,£18.00 Clubcard Price,spirit,2024-11-05
Johnnie Walker Black Label 12 Year Whisky Bottle 40% Vol 70cl,£35.00,£50.00/litre,Save 1/3 £23.00 Clubcard Price,spirit,2024-11-05
Talisker Skye Single Malt Scotch Whisky Bottle 45.8% Vol 70cl,£48.00,£68.57/litre,£28.00 Clubcard Price,spirit,2024-11-05
Fundador Fine Brandy Sherry Cask 1L,£22.00,£22.00/litre,£18.00 Clubcard Price,spirit,2024-11-05
Aperol Aperitivo 100cl,£21.50,£21.50/litre,£17.00 Clubcard Price,spirit,2024-11-05
Bardinet VSOP Finest Brandy 100cl,£21.50,£21.50/litre,£18.50 Clubcard Price,spirit,2024-11-05
Jack Daniel's Tennessee Honey 1L,£35.00,£35.00/litre,£25.00 Clubcard Price,spirit,2024-11-05
Greenalls Wild Berry Pink Gin 1 Litre,£22.50,£22.50/litre,£19.00 Clubcard Price,spirit,2024-11-05
Captain Morgan Original Spiced Gold Rum Based Spirit Bottle 35% 70Cl,£19.00,£27.14/litre,£15.00 Clubcard Price,spirit,2024-11-05
Smirnoff Raspberry Crush Vodka Bottle 37.5% Vol 70cl,£18.50,£26.43/litre,£16.00 Clubcard Price,spirit,2024-11-05
Gordon's Sicilian Lemon Distilled Gin Bottle 37.5% Vol 70Cl,£18.50,£26.43/litre,£16.00 Clubcard Price,spirit,2024-11-05
Haig Club Clubman Scotch Whisky Bottle 40% Vol 70cl,£29.00,£41.43/litre,£18.00 Clubcard Price,spirit,2024-11-05
Dead Man's Fingers Spiced Rum 70Cl,£25.00,£35.71/litre,null,spirit,2024-11-05
Jägermeister Herbal Liqueur 70cl,£21.00,£30.00/litre,£17.00 Clubcard Price,spirit,2024-11-05
Smirnoff Ice Original Vodka Mixed Drink Can 4% Vol 10x250ml,£12.50,£5.00/litre,null,spirit,2024-11-05
Tesco Special Reserve Scotch Whisky 70Cl,£14.00,£20.00/litre,null,spirit,2024-11-05
Tesco Finest Cream Sherry 37.5Cl,£7.25,£14.50/75cl,null,spirit,2024-11-05
Southern Comfort Whiskey Flavoured Liqueur 70cl,£21.75,£31.07/litre,null,spirit,2024-11-05
Jack Daniel's Tennessee Honey 70 cL,£26.00,£37.14/litre,£18.00 Clubcard Price,spirit,2024-11-05
Campari 70cl,£18.00,£25.71/litre,null,spirit,2024-11-05
Tesco White Rum 1L,£17.00,£17.00/litre,null,spirit,2024-11-05
Sourz Green Apple Liqueur 70cl,£11.00,£15.71/litre,£8.00 Clubcard Price,spirit,2024-11-05
Kopparberg Gin & Lemonade Strawberry & Lime 250ml,£2.00,£8.00/litre,Any 4 for 3 Clubcard Price - Cheapest Product Free - Selected Premix Cans,spirit,2024-11-05
Passoã The Passion Drink with Natural Passion Fruit 70cl,£14.00,£20.00/litre,£11.00 Clubcard Price,spirit,2024-11-05
Gordon's Gin & Tonic Can 5% Vol 250ml,£2.15,£8.60/litre,Any 4 for 3 Clubcard Price - Cheapest Product Free - Selected Premix Cans,spirit,2024-11-05
Archers Peach Schnapps 70cl,£13.50,£19.29/litre,null,spirit,2024-11-05
Smirnoff Red Label Vodka and Cranberry Ready to Drink Premix 250ml,£2.10,£8.40/litre,Any 4 for 3 Clubcard Price - Cheapest Product Free - Selected Premix Cans,spirit,2024-11-05
Tesco Peach Schnapps 70Cl,£8.00,£11.43/litre,null,spirit,2024-11-05
All Shook Up Strawberry Daiquiri 250ml,£1.60,£6.40/litre,Any 4 for 3 Clubcard Price - Cheapest Product Free - Selected Premix Cans,spirit,2024-11-05
Funkin Nitro Cocktails Strawberry Daiquiri 200ml,£2.20,£11.00/litre,Any 4 for 3 Clubcard Price - Cheapest Product Free - Selected Premix Cans,spirit,2024-11-05
Captain Morgan Original Spiced Gold & Pepsi Max 330ML,£2.35,£7.12/litre,Any 4 for 3 Clubcard Price - Cheapest Product Free - Selected Premix Cans,spirit,2024-11-05
Tanqueray Flor de Sevilla Gin & Tonic Ready to Drink Premix 250ml,£2.50,£10.00/litre,Any 4 for 3 Clubcard Price - Cheapest Product Free - Selected Premix Cans,spirit,2024-11-05
Pimm's No.1 & Lemonade Ready to Drink Premix 250ml,£2.25,£9.00/litre,Any 4 for 3 Clubcard Price - Cheapest Product Free - Selected Premix Cans,spirit,2024-11-05
Malibu Cola Ready to Drink Premix 250ml,£2.15,£8.60/litre,Any 4 for 3 Clubcard Price - Cheapest Product Free - Selected Premix Cans,spirit,2024-11-05
Gordon's Premium Pink Gin & Lemonade Can 5% Vol 250ml,£2.15,£8.60/litre,Any 4 for 3 Clubcard Price - Cheapest Product Free - Selected Premix Cans,spirit,2024-11-05
Tesco Dry Gin & Low Calorie Tonic 4X250ml,£3.50,£3.50/litre,null,spirit,2024-11-05
Suntory Roku Gin 70Cl,£33.00,£47.14/litre,£25.00 Clubcard Price,spirit,2024-11-05
Jack Daniel's Gentleman Jack Tennessee Whiskey 70 cL,£34.00,£48.57/litre,£20.00 Clubcard Price,spirit,2024-11-05
Jameson Triple Distilled Irish Whiskey 700ml,£25.50,£36.43/litre,£20.00 Clubcard Price,spirit,2024-11-05
PALLINI Limoncello 50cl,£15.75,£31.50/litre,£13.50 Clubcard Price,spirit,2024-11-05
Havana Club Anejo Especial Rum 70Cl,£23.00,£32.86/litre,null,spirit,2024-11-05
Edinburgh Gin Distillery Rhubarb & Ginger Liqueur 50cl,£16.50,£33.00/litre,£12.00 Clubcard Price,spirit,2024-11-05
Tanqueray Alcohol Free 0% Spirit 70Cl,£17.00,£24.29/litre,null,spirit,2024-11-05
Grahams 10 Year Tawny Port 75Cl,£22.00,£22.00/75cl,£18.00 Clubcard Price,spirit,2024-11-05
Tanqueray Flor De Sevilla Gin Bottle 41.3% Vol 70cl,£28.00,£40.00/litre,£22.00 Clubcard Price,spirit,2024-11-05
The Famous Grouse Finest Blended Scotch Whisky 70cl,£17.00,£24.29/litre,null,spirit,2024-11-05
Blandy's Duke Of Clarence Madeira 75Cl,£14.50,£14.50/75cl,null,spirit,2024-11-05
Cardhu Gold Reserve Single Malt Scotch Whisky Bottle 40% Vol 70Cl,£46.00,£65.71/litre,null,spirit,2024-11-05
Gordon's Mediterranean Orange Gin Bottle 37.5% Vol 70Cl,£18.50,£26.43/litre,£16.00 Clubcard Price,spirit,2024-11-05
Martini Vermouth Bianco 75Cl,£11.00,£11.00/75cl,£8.00 Clubcard Price,spirit,2024-11-05
Retro Flavours The Gin Emporium Gift Set,£7.00,£46.67/litre,null,spirit,2024-11-05
Tesco Dry London Gin 70Cl,£13.00,£18.57/litre,null,spirit,2024-11-05
Bell's Original Blended Whisky Bottle 40% Vol 70Cl,£17.00,£24.29/litre,£15.00 Clubcard Price,spirit,2024-11-05
Jj Whitley Raspberry Vodka 1 Litre.,£23.00,£23.00/litre,£18.00 Clubcard Price,spirit,2024-11-05
Edinburgh Gin Selection Gift Set,£8.00,£53.33/litre,null,spirit,2024-11-05
Tesco Finest Pedro Ximenez 37.5Cl,£7.25,£14.50/75cl,null,spirit,2024-11-05
Tesco Special Reserve Port 75Cl,£11.00,£11.00/75cl,null,spirit,2024-11-05
Sourz The Original Cherry Sweet & Sour Spirit Drink 70cl,£11.00,£15.71/litre,£8.00 Clubcard Price,spirit,2024-11-05
Tesco Vermouth Rosso 1Ltr,£8.00,£6.00/75cl,null,spirit,2024-11-05
Tesco Vermouth Bianco 1Ltr,£8.00,£6.00/75cl,null,spirit,2024-11-05
Au Vodka Blue Raspberry 330Ml,£3.10,£9.39/litre,Any 4 for 3 Clubcard Price - Cheapest Product Free - Selected Premix Cans,spirit,2024-11-05
Tesco Coffee Liqueur 70Cl,£10.00,£14.29/litre,null,spirit,2024-11-05
Flavorz Grenadine Cocktail Syrup 25Cl,£2.75,£11.00/litre,null,spirit,2024-11-05
Bombay Sapphire Gin & Tonic 250ml,£2.50,£10.00/litre,Any 4 for 3 Clubcard Price - Cheapest Product Free - Selected Premix Cans,spirit,2024-11-05
Tesco Low Alcohol Reduced Cal G&T. 4 X 250Ml,£4.00,£4.00/litre,null,spirit,2024-11-05
Smirnoff Vodka & Diet Cola Can 5% Vol 250ml,£2.10,£8.40/litre,Any 4 for 3 Clubcard Price - Cheapest Product Free - Selected Premix Cans,spirit,2024-11-05
WKD Original Alcoholic Mix Blue 4 x 275ml,£5.25,£4.77/litre,£4.50 Clubcard Price,spirit,2024-11-05
Tesco Gin & Tonic 250Ml,£1.00,£4.00/litre,null,spirit,2024-11-05
Tesco Gin & Low Calorie Tonic 250Ml,£1.00,£4.00/litre,null,spirit,2024-11-05
Tesco Tawny Port 75Cl,£8.50,£8.50/75cl,null,spirit,2024-11-05
Tesco Fortified British Wine Medium Dry 1 Litre,£6.75,£5.06/75cl,null,spirit,2024-11-05
Tesco British Fortified Wine Full Cream 1 Litre,£6.75,£5.06/75cl,null,spirit,2024-11-05
Tesco Dark Rum 35Cl,£6.80,£19.43/litre,null,spirit,2024-11-05
Tesco Fortified British Wine Pale Cream 1 Litre,£6.75,£5.06/75cl,null,spirit,2024-11-05
Glenfiddich 12 Year Old Single Malt Scotch Whisky 70cl,£40.00,£57.14/litre,Save 25% £30.00 Clubcard Price,spirit,2024-11-05
Opihr Oriental Spiced Gin 70Cl,£27.00,£38.57/litre,£21.00 Clubcard Price,spirit,2024-11-05
Hendrick's Gin 70Cl,£32.00,£45.71/litre,null,spirit,2024-11-05
Mount Gay Barbados Rum 70Cl,£24.00,£34.29/litre,£19.50 Clubcard Price,spirit,2024-11-05
HENNESSY VS COGNAC 700ML,£37.50,£53.57/litre,null,spirit,2024-11-05
Absolut Raspberri Vodka 70Cl,£22.00,£31.43/litre,£18.00 Clubcard Price,spirit,2024-11-05
Stolichnaya Premium Vodka 70Cl,£21.50,£30.71/litre,null,spirit,2024-11-05
Havana Club 7 Year Old Dark Rum 70Cl,£28.00,£40.00/litre,£20.00 Clubcard Price,spirit,2024-11-05
Appleton Estate Jamaica Rum 70Cl,£26.50,£37.86/litre,£20.00 Clubcard Price,spirit,2024-11-05
Gordons 0.0% Alcohol Free Spirit 70Cl,£15.00,£21.43/litre,null,spirit,2024-11-05
Laphroaig Islay Select Single Malt Scotch Whisky 70cl,£36.00,£51.43/litre,£25.00 Clubcard Price,spirit,2024-11-05
Dalwhinnie Winter's Gold Single Malt Whisky Bottle 43% Vol 70Cl,£43.50,£62.14/litre,£28.00 Clubcard Price,spirit,2024-11-05
Pellegrino Marsala Superiore 75Cl,£12.50,£12.50/75cl,null,spirit,2024-11-05
Angostura Aromatic Bitters 200ml,£11.00,£55.00/litre,null,spirit,2024-11-05
Gonzalez Byass Tio Pepe Fino Sherry 750ml,£13.25,£13.25/75cl,£10.75 Clubcard Price,spirit,2024-11-05
Chivas Regal 12 Year Old Blended Scotch Whisky 70cl,£30.50,£43.57/litre,null,spirit,2024-11-05
Lambs Navy Rum 1L,£24.50,£24.50/litre,null,spirit,2024-11-05
Bushmills Irish Whiskey 70cl,£22.50,£32.14/litre,null,spirit,2024-11-05
Sierra Tequila Blanco 50cl,£13.99,£27.98/litre,null,spirit,2024-11-05
Smirnoff Mango & Passionfruit Vodka Twist Bottle 37.5% Vol 70cl,£18.50,£26.43/litre,£16.00 Clubcard Price,spirit,2024-11-05
The Famous Grouse Finest Blended Scotch Whisky 35cl,£9.50,£27.14/litre,null,spirit,2024-11-05
Tesco Finest Xo Brandy 70Cl,null,null,null,spirit,2024-11-05
MOTH Margarita 125ml,£3.90,£31.20/litre,Any 4 for 3 Clubcard Price - Cheapest Product Free - Selected Premix Cans,spirit,2024-11-05
Beefeater Blood Orange Gin 70Cl,£18.00,£25.71/litre,null,spirit,2024-11-05
TW Kempton Rhubarb & Ginger Gin Liqueur 50cl,£8.50,£17.00/litre,null,spirit,2024-11-05
Whitley Neill Black Cherry Gin 70Cl,£29.00,£41.43/litre,null,spirit,2024-11-05
Funkin Cocktails Bartender Edition Passion Fruit Martini 700ml,£9.50,£13.57/litre,null,spirit,2024-11-05
Tesco Special Reserve Scotch Whisky 35Cl,£7.25,£20.71/litre,null,spirit,2024-11-05
MOTH Espresso Martini 125ml,£3.90,£31.20/litre,Any 4 for 3 Clubcard Price - Cheapest Product Free - Selected Premix Cans,spirit,2024-11-05
Southern Comfort Lemonade & Lime 330ml,£2.10,£6.36/litre,Any 4 for 3 Clubcard Price - Cheapest Product Free - Selected Premix Cans,spirit,2024-11-05
Au Vodka Black Grape 330Ml,£3.10,£9.39/litre,Any 4 for 3 Clubcard Price - Cheapest Product Free - Selected Premix Cans,spirit,2024-11-05
Absolut Drinks Raspberry Lemonade 250Ml,£2.15,£8.60/litre,Any 4 for 3 Clubcard Price - Cheapest Product Free - Selected Premix Cans,spirit,2024-11-05
Tesco Coconut Liqueur 70Cl,£8.00,£11.43/litre,null,spirit,2024-11-05
All Shook Up Mango Margarita Ready To Drink Premium Cocktail 250ml,£1.60,£6.40/litre,Any 4 for 3 Clubcard Price - Cheapest Product Free - Selected Premix Cans,spirit,2024-11-05
Funkin Nitro Cocktails Peach on the Beach 200ml,£2.20,£11.00/litre,Any 4 for 3 Clubcard Price - Cheapest Product Free - Selected Premix Cans,spirit,2024-11-05
Jack Daniel's Tennessee Honey and Lemonade 250 mL,£2.00,£8.00/litre,Any 4 for 3 Clubcard Price - Cheapest Product Free - Selected Premix Cans,spirit,2024-11-05
Auchentoshan American Oak Single Malt Scotch Whisky 70cl,£34.00,£48.57/litre,£22.00 Clubcard Price,spirit,2024-11-05
Courvoisier VSOP Cognac 70cl,£40.00,£57.14/litre,null,spirit,2024-11-05
The Glenlivet 12 Year Old Single Malt Scotch Whisky 70cl,£43.00,£61.43/litre,£30.00 Clubcard Price,spirit,2024-11-05
Monkey Shoulder Blended Malt Scotch Whisky 70cl,£29.50,£42.14/litre,£24.00 Clubcard Price,spirit,2024-11-05
Martell VS Fine Cognac 70cl,£33.00,£47.14/litre,null,spirit,2024-11-05
Jose Cuervo Especial Reposado Tequila 70cl,£24.00,£34.29/litre,£19.00 Clubcard Price,spirit,2024-11-05
Jose Cuervo Especial Silver 70Cl,£22.00,£31.43/litre,null,spirit,2024-11-05
Maker's Mark Kentucky Straight Bourbon Whisky 70cl,£33.00,£47.14/litre,£25.00 Clubcard Price,spirit,2024-11-05
Glen Moray Speyside Single Malt Scotch Whisky 70cl,£24.00,£34.29/litre,£19.50 Clubcard Price,spirit,2024-11-05
Captain Morgan Dark Rum Bottle 40% Vol 70Cl,£18.50,£26.43/litre,£16.00 Clubcard Price,spirit,2024-11-05
Olmeca Altos Plata Tequila 700ml,£26.00,£37.14/litre,null,spirit,2024-11-05
Aperol 70cl,£17.00,£24.29/litre,null,spirit,2024-11-05
Smirnoff Red No.21 Label Vodka Bottle 37.5% Vol 35cl,£10.75,£30.71/litre,null,spirit,2024-11-05
Jack Daniel's Family 3X5cl Set,£14.00,£93.33/litre,null,spirit,2024-11-05
Tesco Spiced Gold 70Cl,£12.75,£18.21/litre,null,spirit,2024-11-05
Cockburn's Fine White Port 75Cl,£14.00,£14.00/75cl,null,spirit,2024-11-05
Jack Daniels Hip Flask Gift Set,£8.75,£8.75/each,null,spirit,2024-11-05
Tesco Finest Fino Sherry 37.5Cl,£7.25,£14.50/75cl,null,spirit,2024-11-05
Whyte & Mackay Blended Scotch Whisky 70cl,£16.75,£23.93/litre,£15.00 Clubcard Price,spirit,2024-11-05
Gordon's Alcohol Free Spirit & Tonic with Lime Can 0% Vol 4x250ml,£5.50,£5.50/litre,£4.00 Clubcard Price,spirit,2024-11-05
De Kuyper Curacao Triple Sec Liqueur 35Cl,£7.35,£21.00/litre,null,spirit,2024-11-05
Bacardi Spiced Rum 70Cl,£18.50,£26.43/litre,£15.00 Clubcard Price,spirit,2024-11-05
Fireball Cinnamon Whiskey 70cl,£16.00,£22.86/litre,null,spirit,2024-11-05
Sourz Raspberry Liqueur 70cl,null,null,null,spirit,2024-11-05
Smirnoff Ice Original Vodka Mixed Drink Can 4% Vol 4x250ml,£5.50,£5.50/litre,£4.25 Clubcard Price,spirit,2024-11-05
Flavorz Simple Cocktail Syrup 25Cl,£2.75,£11.00/litre,null,spirit,2024-11-05
Jack Daniel's Tennessee Fire 70 cL,£26.00,£37.14/litre,£18.00 Clubcard Price,spirit,2024-11-05
White Claw Hard Seltzer Black Cherry 330ml,£2.20,£6.67/litre,Any 4 for 3 Clubcard Price - Cheapest Product Free - Selected Premix Cans,spirit,2024-11-05
MOTH Negroni 125ml,£3.90,£31.20/litre,Any 4 for 3 Clubcard Price - Cheapest Product Free - Selected Premix Cans,spirit,2024-11-05
MOTH Mojito 200ml,£3.90,£19.50/litre,Any 4 for 3 Clubcard Price - Cheapest Product Free - Selected Premix Cans,spirit,2024-11-05
Wray & Nephew Rum Cream 200Ml,£4.50,£22.50/litre,null,spirit,2024-11-05
Dead Man's Fingers Spiced Rum & Cola 330Ml,£2.00,£6.06/litre,Any 4 for 3 Clubcard Price - Cheapest Product Free - Selected Premix Cans,spirit,2024-11-05
All Shook Up Spritz Peach & Lychee 250Ml,£1.75,£5.25/75cl,Any 4 for 3 Clubcard Price - Cheapest Product Free - Selected Premix Cans,spirit,2024-11-05
Woodford Reserve Kentucky Straight Bourbon Whiskey 70 cL,£37.00,£52.86/litre,£27.00 Clubcard Price,spirit,2024-11-05
Aberlour Distillery 12 Years Old Speyside Single Malt Scotch Whisky 70cl,£40.00,£57.14/litre,£35.00 Clubcard Price,spirit,2024-11-05
Courvoisier Rouge Luxe 70Cl,£42.00,£60.00/litre,£32.00 Clubcard Price,spirit,2024-11-05
Caorunn Gin 70Cl,£29.50,£42.14/litre,£23.00 Clubcard Price,spirit,2024-11-05
Glayva Tangerine & Honeyspiced Whisky Liqueur 50cl,£20.00,£40.00/litre,null,spirit,2024-11-05
Tanqueray No. Ten Batch Distilled Gin Bottle 47.3% Vol 70cl,£35.00,£50.00/litre,£27.00 Clubcard Price,spirit,2024-11-05
Buffalo Trace Kentucky Straight Bourbon Whiskey 70cl,£26.00,£37.14/litre,Save 25% £19.00 Clubcard Price,spirit,2024-11-05
Malfy Gin Rosa 70Cl,£30.00,£42.86/litre,£23.00 Clubcard Price,spirit,2024-11-05
Penderyn Single Malt Welsh Whisky Madeira Finish 70cl,£40.00,£57.14/litre,£27.00 Clubcard Price,spirit,2024-11-05
Jack Daniel's Single Barrel Select Tennessee Whiskey 70 cL,£47.00,£67.14/litre,null,spirit,2024-11-05
Nusa Cana Spiced Rum 70cl,£31.90,£4.56/100ml,null,spirit,2024-11-05
Glens Vodka 70Cl,£14.50,£20.71/litre,null,spirit,2024-11-05
Captain Morgan Tiki Mango & Pineapple Rum Based Spirit 25% 70Cl,£16.00,£22.86/litre,null,spirit,2024-11-05
"CÎROC Summer Citrus Vodka, 70cl",£38.00,£54.29/litre,null,spirit,2024-11-05
Pernod Aniseed Liqueur 70cl,£21.50,£30.71/litre,null,spirit,2024-11-05
Tesco Finest The Melodist Sloe Gin 70Cl,£19.00,£27.14/litre,null,spirit,2024-11-05
Merlet Lune D'Abricot Liqueur 70cl,£27.99,£4.00/100ml,null,spirit,2024-11-05
Merlet Creme de Cassis Liqueur 70cl,£21.99,£3.14/100ml,null,spirit,2024-11-05
Merlet Creme de Fraise Liqueur 70cl,£25.09,£3.58/100ml,null,spirit,2024-11-05
Merlet Creme de Framboise Liqueur 70cl,£21.99,£3.14/100ml,null,spirit,2024-11-05
Merlet Creme de Mure Liqueur 70cl,£21.09,£3.01/100ml,null,spirit,2024-11-05
Bombay Sapphire Gin 70Cl,£23.25,£33.21/litre,null,spirit,2024-11-05
Beefeater Pink Gin 70Cl,£18.00,£25.71/litre,null,spirit,2024-11-05
The Famous Grouse Smoky Black Blended Scotch Whisky 70cl,£21.00,£30.00/litre,£16.00 Clubcard Price,spirit,2024-11-05
White Claw Hard Seltzer Variety Pack 8 x 330ml,£13.50,£5.11/litre,null,spirit,2024-11-05
Funkin Cocktails Bartender Edition Strawberry Daiquiri 700ml,£9.50,£13.57/litre,null,spirit,2024-11-05
Funkin Cocktails Bartender Edition Piña Colada 700ml,£9.50,£13.57/litre,null,spirit,2024-11-05
Tesco Dry London Gin 35Cl,£6.80,£19.43/litre,null,spirit,2024-11-05
Three Barrels Rare Old French Brandy VSOP 70cl,£19.75,£28.21/litre,£15.00 Clubcard Price,spirit,2024-11-05
Tesco White Rum 35Cl,£6.80,£19.43/litre,null,spirit,2024-11-05
Jack Daniel's Tennessee Apple 70 cL,£26.00,£37.14/litre,£18.00 Clubcard Price,spirit,2024-11-05
Tanqueray London Dry Gin & Tonic Ready to Drink Premix 250ml,£2.50,£10.00/litre,Any 4 for 3 Clubcard Price - Cheapest Product Free - Selected Premix Cans,spirit,2024-11-05
Tesco Summer Cup 70Cl,£8.50,£12.14/litre,null,spirit,2024-11-05
Limehouse Rhubarb & Ginger Gin 70Cl,£14.99,£21.41/litre,null,spirit,2024-11-05
East London Liquor Co. Rum & Ginger 250ml,£2.60,£10.40/litre,Any 4 for 3 Clubcard Price - Cheapest Product Free - Selected Premix Cans,spirit,2024-11-05
Mermaid Gin 70Cl,£38.00,£54.29/litre,£33.00 Clubcard Price,spirit,2024-11-05
Old Pulteney Twelve Years Old Single Malt Scotch Whisky 70cl,£36.50,£52.14/litre,null,spirit,2024-11-05
Courvoisier VS Cognac 1 litre,£41.00,£41.00/litre,null,spirit,2024-11-05
Whitley Neill Distillers Cut Dry Gin 70Cl,£29.00,£41.43/litre,Save 1/3 £19.00 Clubcard Price,spirit,2024-11-05
Bumbu Rum 70Cl,£36.00,£51.43/litre,£30.00 Clubcard Price,spirit,2024-11-05
Jura Single Malt Scotch Whisky 70cl,£43.00,£61.43/litre,null,spirit,2024-11-05
Jack Daniel's Tennessee Apple 1 L,£35.00,£35.00/litre,£25.00 Clubcard Price,spirit,2024-11-05
Red Leg Spiced Rum 70Cl,£23.00,£32.86/litre,£18.00 Clubcard Price,spirit,2024-11-05
The Ardmore Highland Single Malt Scotch Whisky 70cl,£32.00,£45.71/litre,Save 1/3 £21.00 Clubcard Price,spirit,2024-11-05
Jura Aged 10 Years Single Malt Scotch Whisky 70cl,£40.00,£57.14/litre,null,spirit,2024-11-05
Tesco Vsop Cognac 70Cl,£24.50,£35.00/litre,null,spirit,2024-11-05
Tullamore D.E.W. Irish Whiskey 70cl,£21.00,£30.00/litre,£17.00 Clubcard Price,spirit,2024-11-05
Bombay Citron Presse Distilled Lemon Gin 70Cl,£25.00,£35.71/litre,null,spirit,2024-11-05
Bushmills Irish Whiskey 1L,£30.00,£30.00/litre,£25.00 Clubcard Price,spirit,2024-11-05
Gordon's Alcohol Free Premium Pink Spirit 70Cl,£15.00,£21.43/litre,null,spirit,2024-11-05
LAPHROAIG Islay Single Malt Scotch Whisky 10 Year Old 70cl,£41.00,£58.57/litre,null,spirit,2024-11-05
Courvoisier Vs Cognac 350Ml,£16.50,£47.14/litre,null,spirit,2024-11-05
Bailey's Flavours Trio & Tumbler Gift Set 17% Vol 3x5Cl,£11.00,£11.00/each,null,spirit,2024-11-05
Jameson Triple Distilled Irish Whiskey 350ml,£13.50,£38.57/litre,null,spirit,2024-11-05
Brecon Botanicals 70Cl,£25.00,£35.71/litre,null,spirit,2024-11-05
Singleton of Dufftown 12 Year Whisky Bottle 40% Vol 70cl,£40.00,£57.14/litre,null,spirit,2024-11-05
Glenfiddich Single Malt Scotch Whisky Gift Pack 3X5cl,£14.00,£93.33/litre,null,spirit,2024-11-05
Au Vodka Blue Raspberry 70Cl,£33.00,£47.14/litre,null,spirit,2024-11-05
Moth Pina Colada 200Ml,£3.90,£19.50/litre,Any 4 for 3 Clubcard Price - Cheapest Product Free - Selected Premix Cans,spirit,2024-11-05
East London Liquor Co. Grapefruit Gin & Tonic 250ml,£2.60,£10.40/litre,Any 4 for 3 Clubcard Price - Cheapest Product Free - Selected Premix Cans,spirit,2024-11-05
The Glenlivet French Oak Reserve 15 Year Old Single Malt Scotch Whisky 70cl,£52.00,£74.29/litre,£46.50 Clubcard Price,spirit,2024-11-05
Bowmore 12 Year Old Single Malt Scotch Whisky 70cl,£43.50,£62.14/litre,£31.00 Clubcard Price,spirit,2024-11-05
Bushmills Single Malt Irish Whiskey Aged 10 Years 700ml,£36.00,£51.43/litre,null,spirit,2024-11-05
Dead Mans Fingers Mango Rum 70Cl,£25.00,£35.71/litre,£16.00 Clubcard Price,spirit,2024-11-05
Don Papa Rum 70Cl,£35.00,£50.00/litre,null,spirit,2024-11-05
Tamnavulin Speyside Single Malt Scotch Whisky 70cl,£34.50,£49.29/litre,£24.00 Clubcard Price,spirit,2024-11-05
Canadian Club Premium Extra-Aged Blended Whisky 70cl,£23.50,£33.57/litre,£19.50 Clubcard Price,spirit,2024-11-05
Ron Santiago De Cuba Anejo 8 Year Old Rum 700Ml,£25.00,£35.71/litre,£21.00 Clubcard Price,spirit,2024-11-05
Jim Beam Red Stag Black Cherry Kentucky Bourbon Whiskey 70cl,£19.00,£27.14/litre,£15.00 Clubcard Price,spirit,2024-11-05
Smokehead Islay Single Malt Scotch Whisky 70Cl,£40.00,£57.14/litre,null,spirit,2024-11-05
Glenfiddich 15 Year Old Single Malt Scotch Whisky 70cl,£51.50,£73.57/litre,null,spirit,2024-11-05
Proper No Twelve Irish Whiskey 70cl,£26.50,£37.86/litre,£20.00 Clubcard Price,spirit,2024-11-05
Hotel Chocolat Velvetised Chocolate Cream 500ml,£22.00,£44.00/litre,£18.00 Clubcard Price,spirit,2024-11-05
Berkshire Botanical Rhubarb & Raspberry Gin 50Cl,£22.00,£44.00/litre,null,spirit,2024-11-05
Malfy Con Arancia Blood Orange Gin 70Cl,£30.00,£42.86/litre,£23.00 Clubcard Price,spirit,2024-11-05
Wild Turkey 101 Kentucky Bourbon Whiskey 70cl,£35.00,£50.00/litre,£24.00 Clubcard Price,spirit,2024-11-05
Lambs Spiced Rum 100Cl,£22.50,£22.50/litre,£18.50 Clubcard Price,spirit,2024-11-05
Cleanco Clean R Non Alcohol Golden Spiced Spirit 70Cl,£16.00,£22.86/litre,null,spirit,2024-11-05
Tamnavulin Speyside Single Malt Scotch Whisky Double Cask 70cl,£34.00,£48.57/litre,null,spirit,2024-11-05
Stolichnaya Vodka Salted Karamel 700Ml,£21.50,£30.71/litre,null,spirit,2024-11-05
The Kraken Black Spiced Rum 1L,£35.00,£35.00/litre,£29.00 Clubcard Price,spirit,2024-11-05
Absolut Citron Vodka 70Cl,£22.00,£31.43/litre,null,spirit,2024-11-05
Aber Falls Single Malt Welsh Whisky 70cl,£27.50,£39.29/litre,null,spirit,2024-11-05
Jack Daniel's Tennessee Whiskey 35 cL,£13.00,£37.14/litre,null,spirit,2024-11-05
Tarquins Cornish Dry Gin 50Cl,£28.50,£57.00/litre,null,spirit,2024-11-05
Gordon's Special Dry London Gin Bottle 37.5% Vol 35Cl,£10.75,£30.71/litre,null,spirit,2024-11-05
Johnnie Walker Red Label Scotch Whisky Bottle 40% Vol 70cl,£23.50,£33.57/litre,£18.00 Clubcard Price,spirit,2024-11-05
Tesco Finest The Melodist London Dry Gin 70Cl,£21.25,£30.36/litre,£18.00 Clubcard Price,spirit,2024-11-05
Pimm's The Original No.1 Cup Bottle 25% Vol 1L,£23.00,£23.00/litre,null,spirit,2024-11-05
Distillers Select Flavoured Gin Tasting Select Pack 4X5cl,£12.50,£62.50/litre,null,spirit,2024-11-05
Jim Beam Kentucky Straight Bourbon Whiskey 1L,£27.00,£27.00/litre,£22.00 Clubcard Price,spirit,2024-11-05
Jack Daniels 3X5cl & Tumbler Gift Set,£12.00,£12.00/each,null,spirit,2024-11-05
Edingburgh Raspberry Gin Liqueur & Scented Candle Set,£6.00,£6.00/each,null,spirit,2024-11-05
Kraken Black Spiced Rum Gift Set,£12.00,£12.00/each,null,spirit,2024-11-05
Whyte & Mackay Blended Scotch Whisky 35cl,£9.50,£27.14/litre,null,spirit,2024-11-05
Ouzo 12 70cl,£17.75,£25.36/litre,null,spirit,2024-11-05
De Kuyper Blue Curacao Liqueur 350Ml,£7.35,£21.00/litre,null,spirit,2024-11-05
Flavorz Passion Fruit Cocktail Syrup 25Cl,£2.75,£11.00/litre,null,spirit,2024-11-05
Limehouse Pink Gin 70Cl,£14.99,£21.41/litre,null,spirit,2024-11-05
Caol Ila 12 Year Old Malt Whisky Bottle 43% Vol 70Cl,£52.50,£75.00/litre,£43.00 Clubcard Price,spirit,2024-11-05
Lagavulin 8 Year Single Malt Whisky Bottle 48% Vol 70cl,£52.50,£75.00/litre,null,spirit,2024-11-05
Toki Suntory Whisky Blended Japanese Whisky 70cl,£36.50,£52.14/litre,£28.00 Clubcard Price,spirit,2024-11-05
Dead Man's Fingers Passion Fruit Rum 70Cl,£25.00,£35.71/litre,£16.00 Clubcard Price,spirit,2024-11-05
Berkshire Botanical Dry Gin 50Cl,£22.00,£44.00/litre,null,spirit,2024-11-05
Ardbeg 10 Years Old Single Malt Islay Scotch Whisky 70cl,£51.00,£72.86/litre,null,spirit,2024-11-05
Eagle Rare Single Barrel 10 Year Old Bourbon Whiskey 70cl,£37.50,£53.57/litre,£30.00 Clubcard Price,spirit,2024-11-05
Conker Dorset Dry Gin 40% Alcohol By Volume 70Cl,£37.00,£52.86/litre,null,spirit,2024-11-05
Johnnie Walker Gold Label Reserve Whisky Bottle 40% Vol 70cl,£53.00,£75.71/litre,null,spirit,2024-11-05
Coole Swan Cream Liqueur 700Ml,£26.00,£37.14/litre,£20.00 Clubcard Price,spirit,2024-11-05
Engine Organic Gin 700Ml,£33.50,£47.86/litre,£28.00 Clubcard Price,spirit,2024-11-05
Bruichladdich The Classic Laddie Islay Single Malt Scotch Whisky 70cl,£44.50,£63.57/litre,null,spirit,2024-11-05
1800 Tequila Reserva Silver 70cl,£32.00,£45.71/litre,£25.00 Clubcard Price,spirit,2024-11-05
Glen Scotia Campbeltown Single Malt Scotch Whisky 70cl,£38.50,£55.00/litre,£25.00 Clubcard Price,spirit,2024-11-05
Warner's London Dry Gin 70Cl,£30.00,£42.86/litre,null,spirit,2024-11-05
Glenmorangie Lasanta 12 Years Old Single Malt Whisky 70cl,£52.50,£75.00/litre,£37.50 Clubcard Price,spirit,2024-11-05
Edinburgh Gin Raspberry Liqueur 50Cl,£16.50,£33.00/litre,£12.00 Clubcard Price,spirit,2024-11-05
Penfolds Father Grand Tawny 750Ml,£26.00,£26.00/75cl,£23.00 Clubcard Price,spirit,2024-11-05
Sazerac Rye Whiskey 70Cl,£34.50,£49.29/litre,null,spirit,2024-11-05
Ballantine's Finest Blended Scotch Whisky 70cl,£24.50,£35.00/litre,£17.50 Clubcard Price,spirit,2024-11-05
Wray & Nephew Overproof Rum 70Cl,£30.00,£42.86/litre,null,spirit,2024-11-05
Cotswolds Distillery Single Malt Whisky 700ml,£45.00,£64.29/litre,null,spirit,2024-11-05
Cleanco Clean G Crisp Dry Non Acl Spirit 70Cl,£16.00,£22.86/litre,null,spirit,2024-11-05
Pimm'sThe Original No.1 Cup Bottle 25% Vol 70cl,£17.50,£25.00/litre,null,spirit,2024-11-05
Tesco Finest The Melodist Mango & Passion Fruit Gin 70Cl,£21.50,£30.71/litre,£18.00 Clubcard Price,spirit,2024-11-05
Tesco Finest Cognac Xo 50Cl,£38.00,£76.00/litre,null,spirit,2024-11-05
Drinks By The Dram Whisky Dram Tasting Set 3 X 30Ml,£10.00,£111.11/litre,null,spirit,2024-11-05
Haig Club Clubman Scotch Whisky Bottle 40% Vol 1L,£34.00,£34.00/litre,£23.50 Clubcard Price,spirit,2024-11-05
Jj Whitley Blood Orange Vodka 1L,£23.00,£23.00/litre,£18.00 Clubcard Price,spirit,2024-11-05
The Woodsman Blended Scotch Whisky 70cl,£29.00,£41.43/litre,null,spirit,2024-11-05
Bella Apertini Classic Aperitivo 70Cl,£6.95,£9.93/litre,null,spirit,2024-11-05
Dead Man's Fingers White Rum 70Cl,£21.50,£30.71/litre,null,spirit,2024-11-05
Tesco Finest Vintage Port 75Cl,£22.00,£22.00/75cl,null,spirit,2024-11-05
East London Liquor Co. Vodka & Rhubarb 250ml,£2.60,£10.40/litre,Any 4 for 3 Clubcard Price - Cheapest Product Free - Selected Premix Cans,spirit,2024-11-05
Limehouse Orange & Mango Gin 70Cl,£14.99,£21.41/litre,null,spirit,2024-11-05
Warners Rhubarb Gin 70Cl,£36.00,£51.43/litre,null,spirit,2024-11-05
Woodford Reserve Double Oaked Whiskey 70cl,£55.00,£78.57/litre,£42.00 Clubcard Price,spirit,2024-11-05
Jack Daniel's Bonded Tennessee Whiskey 70Cl,£42.00,£60.00/litre,£30.00 Clubcard Price,spirit,2024-11-05
ELIJAH CRAIG 47% 70 cl,£42.00,£60.00/litre,null,spirit,2024-11-05
Bearface Canadian Whisky 700ml,£36.00,£51.43/litre,null,spirit,2024-11-05
Bushmills 15 Year Old Single Malt Irish Whiskey 70 cl,£49.00,£70.00/litre,£39.00 Clubcard Price,spirit,2024-11-05
Green Spot Irish Whiskey 70Cl,£49.00,£70.00/litre,null,spirit,2024-11-05
Tamnavulin Port Cask Speyside Single Malt Scotch Whisky 70cl,£35.00,£50.00/litre,null,spirit,2024-11-05
Glenmorangie The Original 12 Years Aged in Bourbon Casks 70cl,£40.00,£57.14/litre,£29.00 Clubcard Price,spirit,2024-11-05
Singleton of Dufftown Malt Master's Whisky Bottle 40% Vol 70cl,£40.50,£57.86/litre,£25.00 Clubcard Price,spirit,2024-11-05
SHERIDAN'S LIQUEUR 50CL,£16.00,£32.00/litre,£14.00 Clubcard Price,spirit,2024-11-05
Shanky's Whip Black Irish Whsky Liqueur 70Cl,£25.00,£35.71/litre,£20.00 Clubcard Price,spirit,2024-11-05
Grand Marnier 50Cl,£21.00,£42.00/litre,£17.00 Clubcard Price,spirit,2024-11-05
De Kuyper Creme De Menthe Liqueur 50cl,£10.50,£21.00/litre,£9.00 Clubcard Price,spirit,2024-11-05
De Kuyper Creme De Cassis Liqueur 50cl,£10.50,£21.00/litre,£9.00 Clubcard Price,spirit,2024-11-05
De Kuyper Passionfruit Liqueur 50cl,£10.50,£21.00/litre,£9.00 Clubcard Price,spirit,2024-11-05
Fris Vodka 700Ml,£17.00,£24.29/litre,£14.00 Clubcard Price,spirit,2024-11-05
Tamnavulin Sherry Cask Single Malt Whisky 70cl,£34.50,£49.29/litre,£25.00 Clubcard Price,spirit,2024-11-05
Highland Park Malt Whisky 70Cl Bottle,£46.00,£65.71/litre,null,spirit,2024-11-05
Tamnavulin Sherry Cask Single Malt Whisky 70cl,£34.50,£49.29/litre,£25.00 Clubcard Price,spirit,2024-11-05
Highland Park Malt Whisky 70Cl Bottle,£46.00,£65.71/litre,null,spirit,2024-11-05
Patron Silver Tequila 70Cl,£45.00,£64.29/litre,£39.00 Clubcard Price,spirit,2024-11-05
Ciroc Red Berry Flavoured Vodka Bottle 37.5% Vol 70Cl,£38.00,£54.29/litre,Save 25% £28.00 Clubcard Price,spirit,2024-11-05
Ciroc Ultra Premium Vodka Bottle 40% Vol 70Cl,£38.00,£54.29/litre,Save 25% £28.00 Clubcard Price,spirit,2024-11-05
Jura Bourbon Cask Single Malt Scotch Whisky 70Cl,£34.00,£48.57/litre,£24.00 Clubcard Price,spirit,2024-11-05
818 Tequila Blanco 70cl,£43.00,£61.43/litre,null,spirit,2024-11-05
Casamigos Blanco Tequila 70cl,£45.00,£64.29/litre,£35.00 Clubcard Price,spirit,2024-11-05
Teremana Blanco Tequila 70cl,£40.00,£57.14/litre,null,spirit,2024-11-05
Bunnahabhain 12 Year Old Islay Single Malt Scotch Whisky 70cl,£45.00,£64.29/litre,null,spirit,2024-11-05
Belvedere Organic Vodka 70cl,£37.00,£52.86/litre,null,spirit,2024-11-05
Wolfie's Blended Scotch Whisky 70cl,£35.00,£50.00/litre,£25.00 Clubcard Price,spirit,2024-11-05
Auchentoshan 12 Year Old Single Malt Scotch Whisky 70cl,£35.00,£50.00/litre,null,spirit,2024-11-05
"The Deacon, Blended Malt Scotch Whisky 700ml",£38.00,£54.29/litre,null,spirit,2024-11-05
Cockburn's Quinta dos Canais Vintage Port 75cl,£30.00,£30.00/75cl,null,spirit,2024-11-05
Abstrakt Madagascan Vanilla & Marshmallow Vodka 70Cl,£21.50,£30.71/litre,null,spirit,2024-11-05
Abstrakt Watermelon Strawberry Vodka 70Cl,£21.50,£30.71/litre,null,spirit,2024-11-05
Fris Vodka 1ltr,£19.00,£19.00/litre,null,spirit,2024-11-05
El Jimador Tequila Blanco 70cl,£25.00,£35.71/litre,null,spirit,2024-11-05
Abstrakt Original Vodka 70cl,£21.50,£30.71/litre,null,spirit,2024-11-05
XIX Original Vodka 70cl Bottle,£30.00,£42.86/litre,£23.00 Clubcard Price,spirit,2024-11-05
Absolut Hunni Flavoured Vodka 70cl,£22.00,£31.43/litre,null,spirit,2024-11-05
Smirnoff Cherry Drop Flavoured Vodka 700ml,£18.50,£26.43/litre,£16.00 Clubcard Price,spirit,2024-11-05
Glen Moray Twisted Vine Single Malt Scotch Whisky 70cl,£29.00,£41.43/litre,£23.00 Clubcard Price,spirit,2024-11-05
Cockburns Fine Ruby Port 75Cl,£12.00,£12.00/75cl,£10.00 Clubcard Price,spirit,2024-11-05
Sierra Tequila Reposado 50cl,£17.50,£35.00/litre,null,spirit,2024-11-05
Au Vodka Pink Lemonade 70Cl,£33.00,£47.14/litre,null,spirit,2024-11-05
Au Vodka Strawberry Burst Flavoured Spirit 70cl,£33.00,£47.14/litre,null,spirit,2024-11-05
Four Loko White 440ml,£3.50,£7.96/litre,Any 4 for 3 Clubcard Price - Cheapest Product Free - Selected Premix Cans,spirit,2024-11-05
Hendricks Grand Cabaret Gin 70cl,£32.00,£45.71/litre,£26.00 Clubcard Price,spirit,2024-11-05
Papa Salt Coastal Gin 70cl,£39.00,£55.71/litre,null,spirit,2024-11-05
Fundador Sherry Cask Fine Brandy Doble Madera 70cl,£24.00,£34.29/litre,null,spirit,2024-11-05
Burnt Faith Charentais Distilled British Brandy 70cl,£34.00,£48.57/litre,Save 25% £25.00 Clubcard Price,spirit,2024-11-05
"Brewdog Distilling Co. Zealot's Heart Handmade Gin, 70cl",£30.00,£42.86/litre,£25.00 Clubcard Price,spirit,2024-11-05
UKIYO Tokyo Dry Japanese Gin 700ml,£31.00,£44.29/litre,£26.00 Clubcard Price,spirit,2024-11-05
"Edinburgh Gin Christmas Edinburgh Dry Gin, 70cl",£32.50,£46.43/litre,null,spirit,2024-11-05
St Remy Signature French Brandy 700ml,£29.00,£41.43/litre,£24.00 Clubcard Price,spirit,2024-11-05
Hotel Chocolat Rum & Raisin Velvetised Cream 500ml,£22.00,£44.00/litre,£18.00 Clubcard Price,spirit,2024-11-05
Tanqueray Negroni Cocktail Collection 500ml,£15.00,£30.00/litre,null,spirit,2024-11-05
Johnnie Walker Old Fashioned Cocktail 500ml,£15.00,£30.00/litre,null,spirit,2024-11-05
The Kraken Black Spiced Rum Dark Caramel & Cornish Sea Salt 70cl,£26.00,£37.14/litre,null,spirit,2024-11-05
Bailey's Salted Caramel Irish Cream Liqueur Bottle 17% Vol 50Cl,£19.25,£38.50/litre,£10.00 Clubcard Price,spirit,2024-11-05
Ciroc Cosmopolitan 500ml,£15.00,£30.00/litre,null,spirit,2024-11-05
Johnnie Walker Black LTO Squid Game 70cl,£35.00,£50.00/litre,Save 1/3 £23.00 Clubcard Price,spirit,2024-11-05
Malibu Original 700ml,£16.00,£22.86/litre,Save 25% £12.00 Clubcard Price,spirit,2024-11-05
Olmeca Altos Margarita Classic Lime 750ml,£15.00,£20.00/litre,£13.00 Clubcard Price,spirit,2024-11-05
Bumbu Cream Rum Liqueur 70cl,£30.00,£42.86/litre,null,spirit,2024-11-05
Coppa Cocktails On The Beach – 70cl,£12.00,£17.14/litre,null,spirit,2024-11-05
Coppa Cocktails Strawberry Daquiri - 70cl,£12.00,£17.14/litre,null,spirit,2024-11-05
The Famous Grouse Whisky Sherry Cask 70cl,£21.50,£30.71/litre,Save 25% £16.00 Clubcard Price,spirit,2024-11-05
Coppa Cocktails Whiskey Sour - 70cl,£12.00,£17.14/litre,null,spirit,2024-11-05
Carthy's Country Cream Liqueur 70cl,£6.70,£9.57/litre,null,spirit,2024-11-05
Sourz Blackcurrant 70cl,£11.00,£15.71/litre,£8.00 Clubcard Price,spirit,2024-11-05
Pimm's & Lemonade 6x250ml,£10.00,£6.67/litre,null,spirit,2024-11-05
Four Loko Pink Melon 440ml,£3.50,£7.96/litre,Any 4 for 3 Clubcard Price - Cheapest Product Free - Selected Premix Cans,spirit,2024-11-05
Mixologist's Garden Exquisite Raspberries 10g,£2.50,£2.50/10g,null,spirit,2024-11-05
Mixologist's Garden Zesty Limes 10g,£2.50,£2.50/10g,null,spirit,2024-11-05
Hyke Gin 70cl Saved Grape,£27.50,£39.29/litre,null,spirit,2024-11-05
Bailey's Deliciously Light Irish Cream Liqueur Bottle 16.1% 70Cl,£16.50,£23.57/litre,Better than Half Price £8.00 Clubcard Price,spirit,2024-11-05
Southern Comfort Peach Can 330Ml,£2.10,£6.36/litre,Any 4 for 3 Clubcard Price - Cheapest Product Free - Selected Premix Cans,spirit,2024-11-05
Bailey's Espresso Crème Irish Cream Liqueur Bottle 17% Vol 50Cl,£19.25,£38.50/litre,null,spirit,2024-11-05
St Remy XO French Brandy 70cl,£24.00,£34.29/litre,null,spirit,2024-11-05
Whitley Neill Japanese Yuzu & White Strawberry Gin 70cl,£29.00,£41.43/litre,£20.00 Clubcard Price,spirit,2024-11-05
Cotswolds Wildflower Gin 700Ml,£38.00,£54.29/litre,null,spirit,2024-11-05
Lillet Rosé Wine-Based Aperitif 75cl,£20.00,£26.67/litre,null,spirit,2024-11-05
19 Crimes 'The Vanished' Spiced Rum 70cl,£28.00,£40.00/litre,null,spirit,2024-11-05
Captain Morgan Black Spiced Premium Spirit Drink with Caribbean Rum 700 ml,£23.00,£32.86/litre,£19.00 Clubcard Price,spirit,2024-11-05
Berkshire Valencian Orange & Grapefruit Gin 50cl,£22.00,£44.00/litre,null,spirit,2024-11-05
Duo Spiced Rum 70cl,£25.00,£35.71/litre,null,spirit,2024-11-05
Chase Pink Grapefruit & Pomelo Gin 70Cl,£28.00,£40.00/litre,null,spirit,2024-11-05
Gordon's Morello Cherry Distilled Gin 70cl,£18.50,£26.43/litre,£16.00 Clubcard Price,spirit,2024-11-05
Chase Rhubarb & Bramley Apple Gin 70cl,£28.00,£40.00/litre,null,spirit,2024-11-05
Gordon's Morello Cherry Distilled Gin 70cl,£18.50,£26.43/litre,£16.00 Clubcard Price,spirit,2024-11-05
Chase Rhubarb & Bramley Apple Gin 70cl,£28.00,£40.00/litre,null,spirit,2024-11-05
Trash & Treasure Tropical Rum 70cl,£26.00,£37.14/litre,null,spirit,2024-11-05
Smirnoff Trio Selection Flavoured Vodka 5cl x 3 Gift Set,£8.00,£53.33/litre,null,spirit,2024-11-05
Bacardi Caribbean Spiced Rum 700Ml,£25.00,£35.71/litre,null,spirit,2024-11-05
"-196 Lemon with Shochu, Vodka & Soda Alcoholic Pre-mixed Drink 330ml",£2.20,£6.67/litre,Any 4 for 3 Clubcard Price - Cheapest Product Free - Selected Premix Cans,spirit,2024-11-05
Captain Morgan Original Spiced Gold & Pepsi Max 6 X 250ML,£10.00,£6.67/litre,£8.00 Clubcard Price,spirit,2024-11-05
Gordon's & Tonic 6x250ml,£10.00,£6.67/litre,null,spirit,2024-11-05
Gordon's Pink Gin & Tonic Original 6x250ml,£10.00,£6.67/litre,£8.00 Clubcard Price,spirit,2024-11-05
Gordon's & Diet Tonic 6x250ml,£10.00,£6.67/litre,£8.00 Clubcard Price,spirit,2024-11-05
Tanqueray Negroni Cocktail 100ml,£3.95,£39.50/litre,Any 4 for 3 Clubcard Price - Cheapest Product Free - Selected Premix Cans,spirit,2024-11-05
Ciroc Cosmopolitan Cocktail 100ml,£3.95,£39.50/litre,Any 4 for 3 Clubcard Price - Cheapest Product Free - Selected Premix Cans,spirit,2024-11-05
Johnnie Walker Old Fashioned 100ml,£3.95,£39.50/litre,Any 4 for 3 Clubcard Price - Cheapest Product Free - Selected Premix Cans,spirit,2024-11-05
XIX Vodka Tropical Ice 250ml,£2.65,£10.60/litre,Any 4 for 3 Clubcard Price - Cheapest Product Free - Selected Premix Cans,spirit,2024-11-05
Edinburgh Gin Strawberry & Pink Peppercorn 250Ml,£2.35,£9.40/litre,Any 4 for 3 Clubcard Price - Cheapest Product Free - Selected Premix Cans,spirit,2024-11-05
Au Vodka Pink Lemonade 330ml,£3.10,£9.39/litre,Any 4 for 3 Clubcard Price - Cheapest Product Free - Selected Premix Cans,spirit,2024-11-05
"-196 Grapefruit with Shochu, Vodka & Soda Alcoholic Pre-mixed Drink 330ml",£2.20,£6.67/litre,Any 4 for 3 Clubcard Price - Cheapest Product Free - Selected Premix Cans,spirit,2024-11-05
Malibu Sparkling Strawberry Daiquiri Cocktail 250Ml,£2.15,£8.60/litre,Any 4 for 3 Clubcard Price - Cheapest Product Free - Selected Premix Cans,spirit,2024-11-05
FUNKIN Nitro Cocktails IRN-BRU Vodka Martini 200ml,£2.20,£11.00/litre,Any 4 for 3 Clubcard Price - Cheapest Product Free - Selected Premix Cans,spirit,2024-11-05
Au Vodka Strawberry Daiquiri Cocktail 200ml,£3.50,£17.50/litre,Any 4 for 3 Clubcard Price - Cheapest Product Free - Selected Premix Cans,spirit,2024-11-05
Absolut & Sprite 250ml,£2.35,£9.40/litre,Any 4 for 3 Clubcard Price - Cheapest Product Free - Selected Premix Cans,spirit,2024-11-05
Au Vodka Blue Hawaiian Cocktail 200ml,£3.50,£17.50/litre,Any 4 for 3 Clubcard Price - Cheapest Product Free - Selected Premix Cans,spirit,2024-11-05
Jamaica Rum Vibes Sparkling Ginger & Lime With White Rum 250ml,£2.25,£9.00/litre,Any 4 for 3 Clubcard Price - Cheapest Product Free - Selected Premix Cans,spirit,2024-11-05
Jamaica Rum Vibes Sparkling Lime with White Rum 250ml,£2.25,£9.00/litre,Any 4 for 3 Clubcard Price - Cheapest Product Free - Selected Premix Cans,spirit,2024-11-05
All Shook Up Mojito 3.4% ABV 250ml,£1.60,£6.40/litre,Any 4 for 3 Clubcard Price - Cheapest Product Free - Selected Premix Cans,spirit,2024-11-05
UKIYO Blossom Japanese Gin 70cl,£31.00,£44.29/litre,£26.00 Clubcard Price,spirit,2024-11-05
Berkshire Botanical Morello Cherry Gin 50cl,£22.00,£44.00/litre,null,spirit,2024-11-05
Tanqueray Paradiso Spirit Drink 70cl,£20.00,£28.57/litre,£18.00 Clubcard Price,spirit,2024-11-05
Captain Morgan Spiced Gold Alcohol Free 70Cl,£15.00,£21.43/litre,null,spirit,2024-11-05
Tw Kempton Cherry Marshmallow Gin Liqueur 50Cl,£8.50,£17.00/litre,null,spirit,2024-11-05
Jack Daniel's Whiskey & Coca-Cola 330Ml,£2.20,£6.67/litre,Any 4 for 3 Clubcard Price - Cheapest Product Free - Selected Premix Cans,spirit,2024-11-05
Jack Daniel's Whiskey & Coca-Cola Zero Sugar 330Ml,£2.20,£6.67/litre,Any 4 for 3 Clubcard Price - Cheapest Product Free - Selected Premix Cans,spirit,2024-11-05
SMIRNOFF ICE 4% 0.25 L,£2.25,£9.00/litre,Any 4 for 3 Clubcard Price - Cheapest Product Free - Selected Premix Cans,spirit,2024-11-05
Dead Man's Fingers Passion Fruit Rum & Lemonade 330Ml,£2.00,£6.06/litre,Any 4 for 3 Clubcard Price - Cheapest Product Free - Selected Premix Cans,spirit,2024-11-05
Castillo De Ibiza Rosé 75Cl,£12.00,£12.00/75cl,£10.00 Clubcard Price,wine,2024-11-05
Moet & Chandon Imperial Brut Champagne 75cl,£44.00,£44.00/75cl,£36.00 Clubcard Price,wine,2024-11-05
I Heart Prosecco Rose 75Cl,£9.00,£9.00/75cl,Save 25% £6.75 Clubcard Price,wine,2024-11-05
Caparelli Italian Pinot Grigio 75Cl,£5.35,£5.35/75cl,null,wine,2024-11-05
Barefoot White Zinfandel 75Cl,£6.50,£6.50/75cl,£5.50 Clubcard Price,wine,2024-11-05
Martini Asti Spumante Non Vintage 75Cl,£8.00,£8.00/75cl,£6.50 Clubcard Price,wine,2024-11-05
Tesco Finest Pinot Grigio Blush 75Cl,£8.00,£8.00/75cl,Buy 3 or more Save 25% Clubcard Price - Save 25% On Selected Wines When You Buy 3 + Bottles,wine,2024-11-05
Casillero Del Diablo Sauvignon Blanc 75Cl,£8.00,£8.00/75cl,£7.00 Clubcard Price,wine,2024-11-05
Barefoot Pinot Grigio 75Cl,£8.00,£8.00/75cl,£7.00 Clubcard Price,wine,2024-11-05
Tesco Finest Marlborough Sauvignon Blanc 75Cl,£9.50,£9.50/75cl,Buy 3 or more Save 25% Clubcard Price - Save 25% On Selected Wines When You Buy 3 + Bottles,wine,2024-11-05
Hardys Stamp Shiraz Cabernet Red Wine 75cl,£5.25,£5.25/75cl,null,wine,2024-11-05
Isla Negra Sauvignon Blanc Px 75Cl,£5.75,£5.75/75cl,£5.00 Clubcard Price,wine,2024-11-05
Jam Shed Shiraz Red Wine 75cl,£8.00,£8.00/75cl,£7.00 Clubcard Price,wine,2024-11-05
Dino Trebbiano Pinot Grigio 75Cl,£6.00,£6.00/75cl,null,wine,2024-11-05
Tesco Finest Pinot Grigio 75Cl,£8.00,£8.00/75cl,Buy 3 or more Save 25% Clubcard Price - Save 25% On Selected Wines When You Buy 3 + Bottles,wine,2024-11-05
Casillero Del Diablo Cabernet Sauvignon 75Cl,£8.00,£8.00/75cl,£7.00 Clubcard Price,wine,2024-11-05
I Heart Prosecco 75Cl,£9.00,£9.00/75cl,Save 25% £6.75 Clubcard Price,wine,2024-11-05
Campo Viejo Rioja Tempranillo 75Cl,£8.75,£8.75/75cl,£7.00 Clubcard Price,wine,2024-11-05
Yellow Tail Chardonnay 75Cl,£7.75,£7.75/75cl,null,wine,2024-11-05
Barefoot Merlot 75Cl,£8.00,£8.00/75cl,£7.00 Clubcard Price,wine,2024-11-05
Vineyards Mulled Wine 75Cl,£3.00,£3.00/75cl,£2.50 Clubcard Price,wine,2024-11-05
Isla Negra Merlot 75Cl,£5.75,£5.75/75cl,£5.00 Clubcard Price,wine,2024-11-05
Kleine Zalze Reserve Shiraz 750Ml,£9.50,£9.50/75cl,null,wine,2024-11-05
Tesco Finest Argentinian Malbec 75Cl,£8.50,£8.50/75cl,Buy 3 or more Save 25% Clubcard Price - Save 25% On Selected Wines When You Buy 3 + Bottles,wine,2024-11-05
Tesco Finest Montepulciano D'abruzzo 75Cl,£8.00,£8.00/75cl,Buy 3 or more Save 25% Clubcard Price - Save 25% On Selected Wines When You Buy 3 + Bottles,wine,2024-11-05
Remastered Sangiovese Red Wine 75cl,£8.00,£8.00/75cl,null,wine,2024-11-05
Calvet Muscadet 75Cl,£8.00,£8.00/75cl,null,wine,2024-11-05
Finest Barossa Shiraz Red Wine 75cl,£10.00,£10.00/75cl,Buy 3 or more Save 25% Clubcard Price - Save 25% On Selected Wines When You Buy 3 + Bottles,wine,2024-11-05
Graham Norton's Own Sauvignon Blanc 75Cl,£9.00,£9.00/75cl,£7.50 Clubcard Price,wine,2024-11-05
Yellow Tail Jammy Red Roo 75Cl,£7.75,£7.75/75cl,null,wine,2024-11-05
Hardys VR Chardonnay White Wine 75cl,£5.50,£5.50/75cl,null,wine,2024-11-05
Vineyards Bucks Fizz 75Cl,£2.50,£2.50/75cl,£2.25 Clubcard Price,wine,2024-11-05
Trapiche Pure Malbec 75 cl,£9.00,£9.00/75cl,null,wine,2024-11-05
19 Crimes Red Wine 75Cl,£9.50,£9.50/75cl,null,wine,2024-11-05
Yellow Tail Shiraz 75Cl,£7.75,£7.75/75cl,null,wine,2024-11-05
Wairau Cove Sauvignon Blanc 75Cl,£8.50,£8.50/75cl,£7.00 Clubcard Price,wine,2024-11-05
Tesco Finest McClaren Vale Grenache Red Wine 75cl,£10.00,£10.00/75cl,Buy 3 or more Save 25% Clubcard Price - Save 25% On Selected Wines When You Buy 3 + Bottles,wine,2024-11-05
Hardys VR Merlot Red Wine 75cl,£5.50,£5.50/75cl,null,wine,2024-11-05
Torres Vina Sol. Sauvignon Blanc 75Cl,£7.75,£7.75/75cl,null,wine,2024-11-05
Tesco Finest Prosecco Doc 75Cl,£8.00,£8.00/75cl,Buy 3 or more Save 25% Clubcard Price - Save 25% On Selected Wines When You Buy 3 + Bottles,wine,2024-11-05
Plaza Centro Prosecco Doc Brut 20Cl,£2.50,£9.38/75cl,Any 4 for 3 Clubcard Price - Cheapest Product Free - Selected Premix Cans,wine,2024-11-05
Trivento Reserve Malbec 75Cl,£8.50,£8.50/75cl,null,wine,2024-11-05
Tesco Finest Prosecco Rose 75Cl,£8.00,£8.00/75cl,Buy 3 or more Save 25% Clubcard Price - Save 25% On Selected Wines When You Buy 3 + Bottles,wine,2024-11-05
Villa Maria Private Bin Sauvignon Blanc 75Cl,£10.50,£10.50/75cl,null,wine,2024-11-05
Canti Prosecco Spumante 75Cl,null,null,null,wine,2024-11-05
Vineyards Zesty White Wine 75Cl,£3.45,£3.45/75cl,null,wine,2024-11-05
Plaza Centro Prosecco 75Cl,£7.00,£7.00/75cl,£6.00 Clubcard Price,wine,2024-11-05
Bella Cucina Prosecco Frizzante 75Cl,£5.49,£5.49/75cl,null,wine,2024-11-05
Millefiori Appasimento Veneto 750ml,£9.00,£9.00/75cl,null,wine,2024-11-05
Freixenet Prosecco Doc 75Cl,£12.00,£12.00/75cl,null,wine,2024-11-05
Bella Cucina Prosecco 75Cl,£5.45,£5.45/75cl,null,wine,2024-11-05
Cockburns Special Reserve Port 75Cl,£14.00,£14.00/75cl,£12.00 Clubcard Price,wine,2024-11-05
Hardys Stamp Chardonnay Semillon White Wine 75cl,£5.25,£5.25/75cl,null,wine,2024-11-05
Gluhwein By Felix Solis Mulled Wine 75Cl,£6.25,£6.25/75cl,null,wine,2024-11-05
Harveys Special Edition Bristol Cream Sherry 1L,£14.75,£11.06/75cl,£13.00 Clubcard Price,wine,2024-11-05
La Vieille Ferme White Wine 750Ml,£8.50,£8.50/75cl,£7.00 Clubcard Price,wine,2024-11-05
Oyster Bay Sauvignon Blanc 75Cl,£10.50,£10.50/75cl,£9.00 Clubcard Price,wine,2024-11-05
Isla Negra Chardonnay/Px 75Cl,£5.75,£5.75/75cl,£5.00 Clubcard Price,wine,2024-11-05
Trivento Private Reserve Malbec 75Cl,£10.00,£10.00/75cl,£8.50 Clubcard Price,wine,2024-11-05
La Vieille Ferme Rose Wine 750Ml,£8.50,£8.50/75cl,£7.00 Clubcard Price,wine,2024-11-05
Plaimont Saint Mont Grande Cuvee 75Cl,£9.50,£9.50/75cl,£8.50 Clubcard Price,wine,2024-11-05
La Vieille Ferme Red Wine 750Ml,£8.50,£8.50/75cl,£7.00 Clubcard Price,wine,2024-11-05
Mud House New Zealand Sauvignon Blanc White Wine 75cl,£10.00,£10.00/75cl,£8.00 Clubcard Price,wine,2024-11-05
Barefoot Pink Moscato 75Cl,£7.00,£7.00/75cl,£6.00 Clubcard Price,wine,2024-11-05
Nozeco 750Ml,£3.50,£3.50/75cl,null,wine,2024-11-05
Jam Shed Malbec Red Wine 75cl,£8.00,£8.00/75cl,£7.00 Clubcard Price,wine,2024-11-05
Casillero Del Diablo Merlot 75Cl,£8.00,£8.00/75cl,£7.00 Clubcard Price,wine,2024-11-05
Most Wanted Pinot Grigio Fizz 200Ml,£2.50,£9.38/75cl,Any 4 for 3 Clubcard Price - Cheapest Product Free - Selected Premix Cans,wine,2024-11-05
I Heart Pinot Grigio 75Cl,£5.45,£5.45/75cl,null,wine,2024-11-05
Blossom Hill White Zinfandel 75CL,£6.50,£6.50/75cl,null,wine,2024-11-05
Mud House Chilean Sauvignon Blanc Wine 75cl,£9.50,£9.50/75cl,null,wine,2024-11-05
Yellow Tail Pinot Grigio 75Cl,£7.75,£7.75/75cl,null,wine,2024-11-05
Kleine Zalze Reserve Chardonnay 750Ml,£9.50,£9.50/75cl,null,wine,2024-11-05
Barefoot Malbec 75Cl,£8.00,£8.00/75cl,£7.00 Clubcard Price,wine,2024-11-05
Hardys Crest Chardonnay White Wine 75cl,£8.00,£8.00/75cl,null,wine,2024-11-05
Tesco Finest Wrattonbully Cabernet Sauvignon 75cl,£10.00,£10.00/75cl,Buy 3 or more Save 25% Clubcard Price - Save 25% On Selected Wines When You Buy 3 + Bottles,wine,2024-11-05
Remastered Fiano White Wine 75cl,£8.00,£8.00/75cl,null,wine,2024-11-05
Mcguigan Black Label Shiraz 75Cl,£6.50,£6.50/75cl,null,wine,2024-11-05
Isla Negra Cabernet Sauvignon 75Cl,£5.75,£5.75/75cl,£5.00 Clubcard Price,wine,2024-11-05
Freixenet Cordon Negro Brut Cava 75Cl,£10.50,£10.50/75cl,null,wine,2024-11-05
Porta 6 Lisboa Red Wine 750 ml,£8.25,£8.25/75cl,null,wine,2024-11-05
19 Crimes Australian Chardonnay 75Cl,£9.50,£9.50/75cl,null,wine,2024-11-05
Hardys Crest Cabernet Shiraz Merlot Red Wine 75cl,£8.00,£8.00/75cl,null,wine,2024-11-05
Oxford Landing Sauvignon Blanc 75Cl,£6.75,£6.75/75cl,null,wine,2024-11-05
La P'tite Pierre Blanc 75cl,£7.00,£7.00/75cl,null,wine,2024-11-05
Torres Vina Sol 75Cl,£7.75,£7.75/75cl,null,wine,2024-11-05
Yellow Tail Merlot 75Cl,£7.75,£7.75/75cl,null,wine,2024-11-05
I Heart Merlot 75Cl,£6.00,£6.00/75cl,null,wine,2024-11-05
Hardys VR Shiraz Red Wine 75cl,£5.50,£5.50/75cl,null,wine,2024-11-05
La P'tite Pierre Rouge 75cl,£7.00,£7.00/75cl,null,wine,2024-11-05
19 Crimes Sauvignon Block Sauvignon Blanc 750Ml,£9.50,£9.50/75cl,null,wine,2024-11-05
Tesco Finest Gavi 75Cl,£10.00,£10.00/75cl,Buy 3 or more Save 25% Clubcard Price - Save 25% On Selected Wines When You Buy 3 + Bottles,wine,2024-11-05
Hardys VR Sauvignon Blanc White Wine 75cl,£5.50,£5.50/75cl,null,wine,2024-11-05
Vineyards Fruity Red Wine 75Cl,£3.45,£3.45/75cl,null,wine,2024-11-05
Freixenet Italian Sparkling Rose 75Cl,null,null,null,wine,2024-11-05
Hardys VR Pinot Grigio White Wine 75cl,£5.50,£5.50/75cl,null,wine,2024-11-05
Tesco Finest Signargues Cotes du Rhone Villages 75cl,£9.00,£9.00/75cl,Buy 3 or more Save 25% Clubcard Price - Save 25% On Selected Wines When You Buy 3 + Bottles,wine,2024-11-05
Tesco Finest Premier Cru Brut Champagne 75Cl,£25.00,£25.00/75cl,Buy 3 or more Save 25% Clubcard Price - Save 25% On Selected Wines When You Buy 3 + Bottles,wine,2024-11-05
TAYLOR'S LBV PORT 75CL,£20.00,£20.00/75cl,Save 25% £15.00 Clubcard Price,wine,2024-11-05
Heidsieck Dry Monopole Non Vintage Champagne 75Cl,£30.00,£30.00/75cl,£25.00 Clubcard Price,wine,2024-11-05
Lanson Le Black Creation Champagne 75Cl,£42.00,£42.00/75cl,Save 25% £31.00 Clubcard Price,wine,2024-11-05
Moet & Chandon Imperial Brut Champagne 75cl,£44.00,£44.00/75cl,£36.00 Clubcard Price,wine,2024-11-05
Croft Original Sherry 1L,£14.75,£11.06/75cl,£12.00 Clubcard Price,wine,2024-11-05
Brancott Estate Sauvignon Blanc 75Cl,£10.00,£10.00/75cl,null,wine,2024-11-05
Stone's Original Ginger Wine 70cl,£7.50,£8.04/75cl,£6.75 Clubcard Price,wine,2024-11-05
Bolney South Downs Vintage Release 75cl,£30.00,£30.00/75cl,£26.00 Clubcard Price,wine,2024-11-05
Mionetto Prosecco Doc 75Cl,£11.00,£11.00/75cl,£9.00 Clubcard Price,wine,2024-11-05
Kylie Minogue Prosecco Rose 75Cl,£11.00,£11.00/75cl,£8.50 Clubcard Price,wine,2024-11-05
Jam Shed Chardonnay White Wine 75cl,£8.00,£8.00/75cl,£7.00 Clubcard Price,wine,2024-11-05
Mcguigan Black Label Chardonnay 75Cl,£6.50,£6.50/75cl,null,wine,2024-11-05
Casillero Del Diablo Chardonnay 75Cl,£8.00,£8.00/75cl,£7.00 Clubcard Price,wine,2024-11-05
Gallo Family Vineyards White Zinfandel 75Cl,£6.00,£6.00/75cl,null,wine,2024-11-05
Blossom Hill White 75Cl,£5.50,£5.50/75cl,null,wine,2024-11-05
Wolf Blass Yellow Label Cabernet Sauvignon 75Cl,£9.00,£9.00/75cl,null,wine,2024-11-05
Marques De Riscal Reserva 75Cl,£15.00,£15.00/75cl,null,wine,2024-11-05
Mcguigan Reserve Cabernet Sauvignon 75Cl,£7.75,£7.75/75cl,null,wine,2024-11-05
Tesco Cream Sherry 1L,£10.50,£7.88/75cl,null,wine,2024-11-05
Tesco Finest Monteforte Pinot Grigio 75Cl,£9.00,£9.00/75cl,£8.00 Clubcard Price,wine,2024-11-05
Tesco Finest Cotes De Gascogne 75Cl,£7.50,£7.50/75cl,Buy 3 or more Save 25% Clubcard Price - Save 25% On Selected Wines When You Buy 3 + Bottles,wine,2024-11-05
Apothic Red 75Cl,£10.00,£10.00/75cl,£9.00 Clubcard Price,wine,2024-11-05
Campo Viejo Blanco Rioja 75Cl,£8.75,£8.75/75cl,£7.00 Clubcard Price,wine,2024-11-05
I Heart Prosecco Rose 75Cl,£9.00,£9.00/75cl,Save 25% £6.75 Clubcard Price,wine,2024-11-05
Dino Italian Blush 75Cl,£6.00,£6.00/75cl,null,wine,2024-11-05
Blossom Hill Red 75Cl,£5.50,£5.50/75cl,null,wine,2024-11-05
Finca Las Moras Malbec 75Cl,£7.00,£7.00/75cl,£6.00 Clubcard Price,wine,2024-11-05
Tesco Green Ginger Wine 70Cl,£4.50,£4.82/75cl,null,wine,2024-11-05
Yellow Tail Sauvignon Blanc 75Cl,£7.75,£7.75/75cl,null,wine,2024-11-05
Tesco Finest Chablis 75Cl,£14.50,£14.50/75cl,Buy 3 or more Save 25% Clubcard Price - Save 25% On Selected Wines When You Buy 3 + Bottles,wine,2024-11-05
Turner Road Reserve Merlot Red Wine 75cl,£6.50,£6.50/75cl,null,wine,2024-11-05
Gallo Family Vineyards Merlot 75Cl,null,null,null,wine,2024-11-05
Tesco Finest Picpoul De Pinet 75Cl,£9.50,£9.50/75cl,Buy 3 or more Save 25% Clubcard Price - Save 25% On Selected Wines When You Buy 3 + Bottles,wine,2024-11-05
Stoneleigh Sauvignon Blanc 750Ml,£10.00,£10.00/75cl,null,wine,2024-11-05
Wairau Cove Pinot Grigio 75Cl,£8.50,£8.50/75cl,£7.00 Clubcard Price,wine,2024-11-05
Bella Cucina Asti Spumante 75Cl,£4.75,£4.75/75cl,null,wine,2024-11-05
Yellow Tail Malbec 75Cl,£7.75,£7.75/75cl,null,wine,2024-11-05
Hardys Crest Sauvignon Blanc White Wine 75cl,£8.00,£8.00/75cl,null,wine,2024-11-05
Prestige De Calvet Cotes Du Rhone Villages 75Cl,£8.00,£8.00/75cl,null,wine,2024-11-05
Lateral Chilean Merlot 75Cl,£4.19,£4.19/75cl,null,wine,2024-11-05
Taparoo Valley Australian Shiraz 75Cl,£4.15,£4.15/75cl,null,wine,2024-11-05
Taparoo Valley Australian Chardonnay 75Cl,£4.15,£4.15/75cl,null,wine,2024-11-05
Fern Bay New Zealand Sauvignon Blanc 75Cl,£7.25,£7.25/75cl,null,wine,2024-11-05
Finest Prosecco Valdobbiadene Docg 75Cl,£10.00,£10.00/75cl,Buy 3 or more Save 25% Clubcard Price - Save 25% On Selected Wines When You Buy 3 + Bottles,wine,2024-11-05
Taparoo Valley Australian Merlot 75Cl,£4.15,£4.15/75cl,null,wine,2024-11-05
Blaumeister Liebfraumilch 75Cl,£3.65,£3.65/75cl,null,wine,2024-11-05
Casillero Del Diablo Pinot Grigio 75Cl,£8.00,£8.00/75cl,£7.00 Clubcard Price,wine,2024-11-05
Caparelli Soave 75Cl 75Cl,£4.75,£4.75/75cl,null,wine,2024-11-05
Freixenet 0.0% Alcohol Free Sparkling 75Cl,£5.00,£5.00/75cl,null,wine,2024-11-05
Barefoot Jammy Red Wine 750Ml,£8.00,£8.00/75cl,£7.00 Clubcard Price,wine,2024-11-05
19 Crimes Revolutionary Rose Wine 750Ml,£9.50,£9.50/75cl,null,wine,2024-11-05
I Heart Sauvignon Blanc 75Cl,£5.45,£5.45/75cl,null,wine,2024-11-05
Nozeco Rose 750Ml,£3.50,£3.50/75cl,null,wine,2024-11-05
Babycham Sparkling Perry 4 X 200Ml,£3.50,£3.28/75cl,null,wine,2024-11-05
Black Tower Fruity White 75Cl,£5.25,£5.25/75cl,null,wine,2024-11-05
Trapiche Oak Cask Malbec 75Cl,£8.50,£8.50/75cl,£7.25 Clubcard Price,wine,2024-11-05
Tesco Finest Prosecco Brut 37.5cl,£5.00,£10.00/75cl,Buy 3 or more Save 25% Clubcard Price - Save 25% On Selected Wines When You Buy 3 + Bottles,wine,2024-11-05
Tesco Pale Cream Sherry 1L,£10.50,£7.88/75cl,null,wine,2024-11-05
Campo Viejo Rioja Garnacha 75Cl,£8.75,£8.75/75cl,£7.00 Clubcard Price,wine,2024-11-05
The Straw Hat Rose 75Cl,£4.50,£4.50/75cl,null,wine,2024-11-05
Tesco Ruby Port 75Cl,£8.50,£8.50/75cl,null,wine,2024-11-05
Gratien & Meyer Cremant De Loire Brut 75Cl,£13.00,£13.00/75cl,null,wine,2024-11-05
Tesco Finest Pecorino 75Cl,£8.00,£8.00/75cl,Buy 3 or more Save 25% Clubcard Price - Save 25% On Selected Wines When You Buy 3 + Bottles,wine,2024-11-05
Mountain Vineyards Sauvignon Blanc 75Cl,£5.00,£5.00/75cl,null,wine,2024-11-05
Casillero Del Diablo Malbec 75Cl,£8.00,£8.00/75cl,£7.00 Clubcard Price,wine,2024-11-05
Blossom Hill Rose 75cl,£5.50,£5.50/75cl,null,wine,2024-11-05
Casa Mana Chardonnay 75Cl 75Cl,£3.99,£3.99/75cl,null,wine,2024-11-05
Yellow Tail Pinot Grigio 18.7Cl,£2.75,£11.03/75cl,Any 4 for 3 Clubcard Price - Cheapest Product Free - Selected Premix Cans,wine,2024-11-05
Barefoot Sauvignon Blanc 75Cl,£8.00,£8.00/75cl,£7.00 Clubcard Price,wine,2024-11-05
Caparelli Italian Rose Blush 75Cl,£5.50,£5.50/75cl,null,wine,2024-11-05
Calvet Prestige Bordeaux Red 75Cl,£8.00,£8.00/75cl,null,wine,2024-11-05
Turner Road Reserve Chardonnay White Wine 75cl,£6.50,£6.50/75cl,null,wine,2024-11-05
Yellow Tail Jammy Red Roo 187 Ml,£2.75,£11.03/75cl,Any 4 for 3 Clubcard Price - Cheapest Product Free - Selected Premix Cans,wine,2024-11-05
Gallo Family Vineyards White Grenache 75Cl,£6.00,£6.00/75cl,null,wine,2024-11-05
Yellow Tail Shiraz 18.7Cl,£2.75,£11.03/75cl,Any 4 for 3 Clubcard Price - Cheapest Product Free - Selected Premix Cans,wine,2024-11-05
Trivento Reserve Malbec 18.7Cl,£2.75,£11.03/75cl,Any 4 for 3 Clubcard Price - Cheapest Product Free - Selected Premix Cans,wine,2024-11-05
Mcguigan Black Label Red 750Ml,£6.50,£6.50/75cl,null,wine,2024-11-05
Louis Jadot Beaujolais Villages 75Cl,£13.00,£13.00/75cl,null,wine,2024-11-05
Campo Viejo Tempranillo Rioja 187Ml,£3.00,£12.03/75cl,Any 4 for 3 Clubcard Price - Cheapest Product Free - Selected Premix Cans,wine,2024-11-05
Wairau Cove Sauvignon Blanc 187Ml,£2.75,£11.03/75cl,Any 4 for 3 Clubcard Price - Cheapest Product Free - Selected Premix Cans,wine,2024-11-05
Tesco Finest Chianti Classico DOCG 75Cl,£10.50,£10.50/75cl,Buy 3 or more Save 25% Clubcard Price - Save 25% On Selected Wines When You Buy 3 + Bottles,wine,2024-11-05
Freixenent Prosecco 20Cl,£3.75,£14.06/75cl,Any 4 for 3 Clubcard Price - Cheapest Product Free - Selected Premix Cans,wine,2024-11-05
Dark Horse Chardonnay 75Cl,£10.00,£10.00/75cl,null,wine,2024-11-05
Cono Sur Bicicleta Sauvignon Blanc 75Cl,£7.00,£7.00/75cl,null,wine,2024-11-05
Hardys Crest Shiraz Red Wine 75cl,£8.00,£8.00/75cl,null,wine,2024-11-05
Cono Sur Bicicleta Viognier 75Cl,£7.00,£7.00/75cl,null,wine,2024-11-05
Canti Prosecco Rose 75Cl,£9.00,£9.00/75cl,null,wine,2024-11-05
Vineyards Juicy Rose Wine 75Cl,£3.45,£3.45/75cl,null,wine,2024-11-05
Cape Kyala Chenin Blanc 75Cl,£3.99,£3.99/75cl,null,wine,2024-11-05
Faustino Vii Rioja 75Cl,null,null,£7.00 Clubcard Price,wine,2024-11-05
Cape Kyala Sauvignon Blanc 75Cl,£3.99,£3.99/75cl,null,wine,2024-11-05
Dow's Master Blend Finest Reserve Port 75Cl,£14.50,£14.50/75cl,null,wine,2024-11-05
Isla Negra Sauvignon Blanc Wine Box 2.25L,£16.00,£5.33/75cl,£14.00 Clubcard Price,wine,2024-11-05
Kylie Minogue Rose Wine 75Cl,£9.50,£9.50/75cl,Save 25% £7.00 Clubcard Price,wine,2024-11-05
Barefoot Cabernet Sauvignon 75Cl,£8.00,£8.00/75cl,£7.00 Clubcard Price,wine,2024-11-05
19 Crimes The Uprising Red Wine 750Ml,£10.50,£10.50/75cl,£8.50 Clubcard Price,wine,2024-11-05
Chablis Uvc 75Cl,£16.50,£16.50/75cl,£12.00 Clubcard Price,wine,2024-11-05
Chapoutier Cotes Du Rhone Villages 75Cl,£11.00,£11.00/75cl,null,wine,2024-11-05
Tesco Finest Provence Rose 75Cl,£10.00,£10.00/75cl,Buy 3 or more Save 25% Clubcard Price - Save 25% On Selected Wines When You Buy 3 + Bottles,wine,2024-11-05
Eisberg Sauvignon 75Cl Alcohol Free,£3.50,£3.50/75cl,£3.00 Clubcard Price,wine,2024-11-05
Eisberg Merlot Alcohol Free Wine 75Cl,£3.50,£3.50/75cl,£3.00 Clubcard Price,wine,2024-11-05
Tesco Medium Dry Sherry 1L,£10.50,£7.88/75cl,null,wine,2024-11-05
Kumala Reserve Malbec Red Wine 75cl,£7.75,£7.75/75cl,£6.50 Clubcard Price,wine,2024-11-05
Eisberg Mulled Alcohol Free Wine 75Cl,£3.00,£3.00/75cl,null,wine,2024-11-05
Calvet Prestige Sauvignon Blanc 75Cl,£8.00,£8.00/75cl,null,wine,2024-11-05
Lambrini Lightly Sparkling Original 125cl,£3.50,£2.10/75cl,null,wine,2024-11-05
Most Wanted Pale Rosé 187ml,£2.50,£10.03/75cl,Any 4 for 3 Clubcard Price - Cheapest Product Free - Selected Premix Cans,wine,2024-11-05
Gallo Family Vineyards Pinot Grigio 75Cl,£7.00,£7.00/75cl,null,wine,2024-11-05
Blossom Hill Soft & Fruity 18.75Cl,£2.25,£9.02/75cl,Any 4 for 3 Clubcard Price - Cheapest Product Free - Selected Premix Cans,wine,2024-11-05
Tesco Finest 1531 Blanquette De Limoux 75Cl,£10.00,£10.00/75cl,Buy 3 or more Save 25% Clubcard Price - Save 25% On Selected Wines When You Buy 3 + Bottles,wine,2024-11-05
Echo Falls Summer Berries 5.5% Fruit Fusion 75cl,£3.75,£3.75/75cl,null,wine,2024-11-05
Tesco Finest Marlborough Pinot Noir 75Cl,£10.00,£10.00/75cl,Buy 3 or more Save 25% Clubcard Price - Save 25% On Selected Wines When You Buy 3 + Bottles,wine,2024-11-05
Bouchard Grand Conseiller Pinot Noir 75Cl,£9.50,£9.50/75cl,null,wine,2024-11-05
Hardys Crest Cabernet Shiraz Merlot Red Wine 187ml,£2.50,£10.03/75cl,Any 4 for 3 Clubcard Price - Cheapest Product Free - Selected Premix Cans,wine,2024-11-05
J P Chenet Merlot 75Cl,£6.75,£6.75/75cl,null,wine,2024-11-05
Barefoot Pinot Grigio 187Ml,£2.50,£10.03/75cl,Any 4 for 3 Clubcard Price - Cheapest Product Free - Selected Premix Cans,wine,2024-11-05
Des Tourelles Claret Bordeaux 75Cl,£5.49,£5.49/75cl,null,wine,2024-11-05
Barefoot Merlot 187Ml,£2.50,£10.03/75cl,Any 4 for 3 Clubcard Price - Cheapest Product Free - Selected Premix Cans,wine,2024-11-05
J P Chenet Merlot 18.7Cl,£2.25,£9.02/75cl,Any 4 for 3 Clubcard Price - Cheapest Product Free - Selected Premix Cans,wine,2024-11-05
Campo Viejo Rioja Reserva 75Cl,£11.00,£11.00/75cl,null,wine,2024-11-05
Tesco Finest Rioja Reserva 75Cl,£10.00,£10.00/75cl,Buy 3 or more Save 25% Clubcard Price - Save 25% On Selected Wines When You Buy 3 + Bottles,wine,2024-11-05
Shallow Bay South African Sauvignon Blanc 75Cl,£6.75,£6.75/75cl,null,wine,2024-11-05
Dark Horse Cabernet Sauvignon 75Cl,£10.00,£10.00/75cl,null,wine,2024-11-05
Vinalba Reserve Malbec 75Cl,£10.00,£10.00/75cl,null,wine,2024-11-05
Dark Horse Merlot 75Cl,£10.00,£10.00/75cl,null,wine,2024-11-05
Casa Mana Tempranillo 75Cl,£3.99,£3.99/75cl,null,wine,2024-11-05
Lateral Chilean Cabernet Sauvignon 75Cl,£4.19,£4.19/75cl,null,wine,2024-11-05
La Gioiosa Prosecco Brut 75Cl,£10.00,£10.00/75cl,null,wine,2024-11-05
Firemark Argentinian Malbec 75Cl,£4.59,£4.59/75cl,null,wine,2024-11-05
Taparoo Valley Australian Sauvignon Semillon 75Cl,£4.15,£4.15/75cl,null,wine,2024-11-05
Lateral Chilean Sauvignon Blanc 75Cl,£4.19,£4.19/75cl,null,wine,2024-11-05
Tesco Finest Chateauneuf Du Pape 75Cl,£21.00,£21.00/75cl,Buy 3 or more Save 25% Clubcard Price - Save 25% On Selected Wines When You Buy 3 + Bottles,wine,2024-11-05
Cape Kyala Pinotage 75Cl,£3.99,£3.99/75cl,null,wine,2024-11-05
Taittinger Brut Reserve Non Vintage Champagne 75Cl,£43.00,£43.00/75cl,null,wine,2024-11-05
La Vielle Ferme Rose Wine 1.5L,£15.50,£7.75/75cl,null,wine,2024-11-05
Harveys The Bristol Cream Solera Sherry 75cl,£13.50,£13.50/75cl,null,wine,2024-11-05
Piper Heidsieck Brut 75Cl,£39.00,£39.00/75cl,null,wine,2024-11-05
Isla Negra Cabernet Sauvignon 2.25L,£16.00,£5.33/75cl,£14.00 Clubcard Price,wine,2024-11-05
Codorniu Vintage Cava 75Cl,£10.00,£10.00/75cl,£8.00 Clubcard Price,wine,2024-11-05
Martini Vermouth Extra Dry 75Cl,£11.00,£11.00/75cl,£8.00 Clubcard Price,wine,2024-11-05
Martini Rosso Vermouth 75Cl,£11.00,£11.00/75cl,£8.00 Clubcard Price,wine,2024-11-05
Tesco Fino Sherry 1L,£10.50,£7.88/75cl,null,wine,2024-11-05
Penfolds Koonunga Hill Shiraz 750Ml,£11.00,£11.00/75cl,null,wine,2024-11-05
Villa Maria Earth Garden Organic Sauvignon Blanc 75Cl,£12.00,£12.00/75cl,£10.00 Clubcard Price,wine,2024-11-05
Echo Falls Summer Berries 9% Fruit Fusion 75cl,£5.25,£5.25/75cl,null,wine,2024-11-05
Blaumeister Hock 75Cl,£4.25,£4.25/75cl,null,wine,2024-11-05
Tesco Extra Dry Vermouth 1Ltr,£8.00,£6.00/75cl,null,wine,2024-11-05
Patrick Chodot Fleurie 75Cl,£11.50,£11.50/75cl,null,wine,2024-11-05
Pepperbox Rose Wine 750Ml,£10.00,£10.00/75cl,null,wine,2024-11-05
Kylie Minogue Alcohol Free Sparkling Rose 75Cl,£6.00,£6.00/75cl,null,wine,2024-11-05
Mcguigan Reserve Pinot Grigio 75Cl,£7.75,£7.75/75cl,null,wine,2024-11-05
Gratien & Meyer Cremant De Loire Brut Rose 75Cl,£13.00,£13.00/75cl,null,wine,2024-11-05
Villa Maria Sauvignon Blush 750Ml,£10.50,£10.50/75cl,null,wine,2024-11-05
The Straw Hat White 75Cl,£4.50,£4.50/75cl,null,wine,2024-11-05
Barefoot Bubbly Pink Moscato 75 Cl,£8.00,£8.00/75cl,£7.00 Clubcard Price,wine,2024-11-05
Tesco Finest Saint Chinian 75Cl,£9.00,£9.00/75cl,Buy 3 or more Save 25% Clubcard Price - Save 25% On Selected Wines When You Buy 3 + Bottles,wine,2024-11-05
Tesco Finest Mosel Steep Slopes Riesling 75Cl,£7.25,£7.25/75cl,Buy 3 or more Save 25% Clubcard Price - Save 25% On Selected Wines When You Buy 3 + Bottles,wine,2024-11-05
Kumala Reserve Sauvignon Blanc White Wine 75cl,£7.75,£7.75/75cl,£6.50 Clubcard Price,wine,2024-11-05
Por Do Sol. Portuguese Rose 75Cl,£5.00,£5.00/75cl,null,wine,2024-11-05
Isla Negra Rose 75Cl,£5.75,£5.75/75cl,£5.00 Clubcard Price,wine,2024-11-05
Melini Chianti Governo Docg 75Cl,£9.75,£9.75/75cl,null,wine,2024-11-05
Tesco Finest Valpolicella Ripasso 75Cl,£12.00,£12.00/75cl,Buy 3 or more Save 25% Clubcard Price - Save 25% On Selected Wines When You Buy 3 + Bottles,wine,2024-11-05
First Cape Special Cuvee Chenin Blanc,£7.00,£7.00/75cl,null,wine,2024-11-05
Yellow Tail Rose 75Cl,£7.75,£7.75/75cl,null,wine,2024-11-05
Hardys Crest Chardonnay White Wine 187ml,£2.50,£10.03/75cl,Any 4 for 3 Clubcard Price - Cheapest Product Free - Selected Premix Cans,wine,2024-11-05
Palais St Vigny Cotes Du Rhone 75Cl,£5.45,£5.45/75cl,null,wine,2024-11-05
Mad Fish Sauvignon Blush 75Cl,£9.00,£9.00/75cl,null,wine,2024-11-05
Cono Sur Bicicleta Pinot Noir 75Cl,£7.00,£7.00/75cl,null,wine,2024-11-05
Casa Mana Cabernet Sauvignon 187Ml,£1.75,£7.02/75cl,Any 4 for 3 Clubcard Price - Cheapest Product Free - Selected Premix Cans,wine,2024-11-05
Trivento Reserve Shiraz 75Cl,£8.50,£8.50/75cl,null,wine,2024-11-05
Sundown Beach White Zinfandel 75Cl,£4.15,£4.15/75cl,null,wine,2024-11-05
Wairau Cove Merlot 75Cl,£8.50,£8.50/75cl,£7.00 Clubcard Price,wine,2024-11-05
Wairau Cove Rose 75Cl,£8.50,£8.50/75cl,£7.00 Clubcard Price,wine,2024-11-05
Trivento Reserve Pinot Grigio 75Cl,£8.50,£8.50/75cl,null,wine,2024-11-05
Marques De Los Zancos Rioja Blanco 75Cl,£6.00,£6.00/75cl,null,wine,2024-11-05
First Cape Special Cuvee Sauvignon 75Cl,£7.00,£7.00/75cl,null,wine,2024-11-05
La Gioiosa Prosecco Rose Millesimato 75Cl,£10.00,£10.00/75cl,null,wine,2024-11-05
Tesco Finest Vinas Del Rey Albarino 75Cl,£11.50,£11.50/75cl,Buy 3 or more Save 25% Clubcard Price - Save 25% On Selected Wines When You Buy 3 + Bottles,wine,2024-11-05
NOILLY PRAT VERMOUTH DRY 75CL,£13.00,£13.00/75cl,null,wine,2024-11-05
Campo Viejo Rioja Gran Reserva 75Cl,£16.50,£16.50/75cl,£14.00 Clubcard Price,wine,2024-11-05
Tesco Alcohol Free Malbec 75Cl,£3.25,£3.25/75cl,null,wine,2024-11-05
Trivento Malbec Rose Wine 75Cl,£8.50,£8.50/75cl,null,wine,2024-11-05
Mcguigan Zero Sauvignon Blanc 75Cl,£4.25,£4.25/75cl,null,wine,2024-11-05
Jam Shed Rose Wine 75cl,£8.00,£8.00/75cl,£7.00 Clubcard Price,wine,2024-11-05
Paul Mas Reserve Viognier 750Ml,£10.00,£10.00/75cl,Save 25% £7.50 Clubcard Price,wine,2024-11-05
Mcguigan Zero Shiraz 75Cl,£4.25,£4.25/75cl,null,wine,2024-11-05
Gallo Family Vineyards Moscato 75Cl,£7.00,£7.00/75cl,null,wine,2024-11-05
Ink by Grant Burge Barossa Ink Shiraz Red Wine 75cl,£11.00,£11.00/75cl,null,wine,2024-11-05
Vista Castelli Trebbiano D'abruzzo 75Cl,£4.75,£4.75/75cl,null,wine,2024-11-05
Por Do Sol. Vinho Verde 75Cl,£5.25,£5.25/75cl,null,wine,2024-11-05
Tesco Alcohol Free Sauvignon Blanc 75Cl,£3.25,£3.25/75cl,null,wine,2024-11-05
Silver Bay Point Red 75Cl,£3.95,£3.95/75cl,null,wine,2024-11-05
Silver Bay Point White 75Cl,£3.95,£3.95/75cl,null,wine,2024-11-05
Vieux Papes Red Wine 750Ml,£5.25,£5.25/75cl,null,wine,2024-11-05
Kumala Reserve Chenin Blanc White Wine 75cl,£7.75,£7.75/75cl,£6.50 Clubcard Price,wine,2024-11-05
Most Wanted Pinot Grigio Wine 75Cl,£7.25,£7.25/75cl,£6.50 Clubcard Price,wine,2024-11-05
Yellow Tail Jammy Rose Roo Wine 750Ml,£7.75,£7.75/75cl,null,wine,2024-11-05
Guigal Cotes Du Rhone Red Wine 750Ml,£13.00,£13.00/75cl,£10.00 Clubcard Price,wine,2024-11-05
Gallo Family Vineyards Chardonnay 75Cl,£7.00,£7.00/75cl,null,wine,2024-11-05
The Straw Hat Red 75Cl,£4.50,£4.50/75cl,null,wine,2024-11-05
Blaumeister Riesling 75Cl,£5.00,£5.00/75cl,null,wine,2024-11-05
Campaneo Old Vines Tempranillo 75Cl,£6.50,£6.50/75cl,£5.75 Clubcard Price,wine,2024-11-05
MARQUES DE CARANO GRAN. RESERVADO 75CL,£6.75,£6.75/75cl,null,wine,2024-11-05
Freixenet Italian Rose 20Cl,£3.75,£14.06/75cl,Any 4 for 3 Clubcard Price - Cheapest Product Free - Selected Premix Cans,wine,2024-11-05
Mirabeau Belle Annee Rose 75Cl,£9.00,£9.00/75cl,null,wine,2024-11-05
Jp Chenet Sauvignon 18.7Cl,£2.25,£9.02/75cl,Any 4 for 3 Clubcard Price - Cheapest Product Free - Selected Premix Cans,wine,2024-11-05
Freixenet Pinot Grigio 75Cl,£10.00,£10.00/75cl,null,wine,2024-11-05
Tesco Finest Passerina 75Cl,£8.00,£8.00/75cl,Buy 3 or more Save 25% Clubcard Price - Save 25% On Selected Wines When You Buy 3 + Bottles,wine,2024-11-05
Villa Maria Private Bin Chardonnay 75Cl,£10.50,£10.50/75cl,null,wine,2024-11-05
Trivento Golden Reserve Malbec 75Cl,£16.00,£16.00/75cl,null,wine,2024-11-05
Dark Horse Sauvignon Blanc 75Cl,£10.00,£10.00/75cl,null,wine,2024-11-05
Casa Mana Chardonnay 187Ml,£1.75,£7.02/75cl,Any 4 for 3 Clubcard Price - Cheapest Product Free - Selected Premix Cans,wine,2024-11-05
Villa Maria Priv. Bin Pinot Grigio 75Cl,£10.50,£10.50/75cl,null,wine,2024-11-05
Mateus Rose 75Cl,£6.00,£6.00/75cl,null,wine,2024-11-05
Marques De Los Zancos Rioja 75Cl,£6.00,£6.00/75cl,null,wine,2024-11-05
Vista Castelli Montepulciano Dabruzzo 75Cl,£5.50,£5.50/75cl,null,wine,2024-11-05
Cave Des Roches Malbec 75Cl,£4.75,£4.75/75cl,null,wine,2024-11-05
Alta Veduta Chianti 75Cl,£6.00,£6.00/75cl,null,wine,2024-11-05
Tesco Finest Pouilly Fume 75Cl,£16.00,£16.00/75cl,Buy 3 or more Save 25% Clubcard Price - Save 25% On Selected Wines When You Buy 3 + Bottles,wine,2024-11-05
Cave Des Roches Vouvray 75Cl,£8.00,£8.00/75cl,null,wine,2024-11-05
Tesco Finest Premier Cru Non Vintage Champagne 37.5Cl,£13.00,£26.00/75cl,Buy 3 or more Save 25% Clubcard Price - Save 25% On Selected Wines When You Buy 3 + Bottles,wine,2024-11-05
Veuve Clicquot Brut Yellow Label Champagne 75Cl,£48.00,£48.00/75cl,null,wine,2024-11-05
Grahams 10 Year Tawny Port 75Cl,£22.00,£22.00/75cl,£18.00 Clubcard Price,wine,2024-11-05
Trapiche Reserve Malbec 1.5L,£15.50,£7.75/75cl,null,wine,2024-11-05
Blandy's Duke Of Clarence Madeira 75Cl,£14.50,£14.50/75cl,null,wine,2024-11-05
19 Crimes Red Wine 1.5L,£15.50,£7.75/75cl,null,wine,2024-11-05
Canti Estate Gavi White Wine 750Ml,£11.50,£11.50/75cl,£10.00 Clubcard Price,wine,2024-11-05
Moet & Chandon Grand Vintage Champagne 75cl,£62.00,£62.00/75cl,£54.00 Clubcard Price,wine,2024-11-05
Mucho Mas Vino Tinto Wine 75Cl,£8.50,£8.50/75cl,£7.00 Clubcard Price,wine,2024-11-05
Wolf Blass Yellow Label Chardonnay 75Cl,£9.00,£9.00/75cl,null,wine,2024-11-05
Tesco Finest Cream Sherry 37.5Cl,£7.25,£14.50/75cl,null,wine,2024-11-05
Vallade Gavi Docg Wine 75Cl,£9.50,£9.50/75cl,£8.25 Clubcard Price,wine,2024-11-05
Tesco Finest Pedro Ximenez 37.5Cl,£7.25,£14.50/75cl,null,wine,2024-11-05
Shallow Bay South African Sauvignon Blanc 2.25L,£16.75,£5.58/75cl,null,wine,2024-11-05
Casa Roscoli Organic Pinot Grigio Doc 75Cl,£8.75,£8.75/75cl,£7.00 Clubcard Price,wine,2024-11-05
Casa Roscoli Organic Primitivo 75Cl,£8.75,£8.75/75cl,£7.00 Clubcard Price,wine,2024-11-05
Tesco Special Reserve Port 75Cl,£11.00,£11.00/75cl,null,wine,2024-11-05
Tesco Vermouth Rosso 1Ltr,£8.00,£6.00/75cl,null,wine,2024-11-05
Tesco Vermouth Bianco 1Ltr,£8.00,£6.00/75cl,null,wine,2024-11-05
The Fair Mile Sauvignon/Chenin Blanc 75Cl,£7.25,£7.25/75cl,null,wine,2024-11-05
Penfolds Max's Shiraz Cabernet 750Ml,£18.00,£18.00/75cl,null,wine,2024-11-05
Tesco Finest Cahors Malbec 75Cl,£8.50,£8.50/75cl,Buy 3 or more Save 25% Clubcard Price - Save 25% On Selected Wines When You Buy 3 + Bottles,wine,2024-11-05
Carnivor Zinfandel 75Cl,£10.50,£10.50/75cl,null,wine,2024-11-05
Lambrini Lightly Sparkling Strawberry 75cl,£3.50,£4.67/litre,null,wine,2024-11-05
Tesco Finest Primitivo Terre Di Chieti 75Cl,£8.00,£8.00/75cl,Buy 3 or more Save 25% Clubcard Price - Save 25% On Selected Wines When You Buy 3 + Bottles,wine,2024-11-05
Kumala Reserve Shiraz Red Wine 75cl,£7.75,£7.75/75cl,£6.50 Clubcard Price,wine,2024-11-05
Tesco Finest Argentinian Malbec Rose 75Cl,£8.50,£8.50/75cl,Buy 3 or more Save 25% Clubcard Price - Save 25% On Selected Wines When You Buy 3 + Bottles,wine,2024-11-05
Casillero Del Diablo Shiraz 75Cl,£8.00,£8.00/75cl,£7.00 Clubcard Price,wine,2024-11-05
Tesco British Fortified Wine Full Cream 1 Litre,£6.75,£5.06/75cl,null,wine,2024-11-05
Mateus Rose 18.7Cl,£2.75,£11.03/75cl,Any 4 for 3 Clubcard Price - Cheapest Product Free - Selected Premix Cans,wine,2024-11-05
Tesco Finest Soave Classico Superiore 75Cl,£8.25,£8.25/75cl,Buy 3 or more Save 25% Clubcard Price - Save 25% On Selected Wines When You Buy 3 + Bottles,wine,2024-11-05
Wairau Cove Gisborne Chardonnay 75Cl,£8.50,£8.50/75cl,£7.00 Clubcard Price,wine,2024-11-05
Trivento Argentina White Malbec 75Cl,£8.50,£8.50/75cl,null,wine,2024-11-05
Mad Fish Shiraz Wine 75Cl,£9.00,£9.00/75cl,null,wine,2024-11-05
Campaneo Old Vines Garnacha 75Cl,£6.50,£6.50/75cl,£5.75 Clubcard Price,wine,2024-11-05
Ramon Bilbao Rioja Crianza 75Cl,£9.75,£9.75/75cl,null,wine,2024-11-05
Alamos Malbec 75Cl,null,null,null,wine,2024-11-05
First Cape Special Cuvee Cabernet Sauvignon 75Cl,£7.00,£7.00/75cl,null,wine,2024-11-05
Casa Mana Moscatel De Valencia 75Cl,£7.00,£7.00/75cl,null,wine,2024-11-05
Piccodoro Sicilian Rosso Red 75Cl,£4.75,£4.75/75cl,null,wine,2024-11-05
Torres Sangre De Toro 75Cl,£7.75,£7.75/75cl,null,wine,2024-11-05
Tesco Finest Montagne St Emilion 75Cl,£10.00,£10.00/75cl,Buy 3 or more Save 25% Clubcard Price - Save 25% On Selected Wines When You Buy 3 + Bottles,wine,2024-11-05
Oriel Mediterranean Rose 75Cl,null,null,null,wine,2024-11-05
Dv Catena Tinto Historico Malbec 750Ml,null,null,null,wine,2024-11-05
Tesco Finest Vintage Champagne 75Cl,£30.00,£30.00/75cl,Buy 3 or more Save 25% Clubcard Price - Save 25% On Selected Wines When You Buy 3 + Bottles,wine,2024-11-05
Mirabeau Pure Provence Rose 75Cl,£16.50,£16.50/75cl,£13.00 Clubcard Price,wine,2024-11-05
Pellegrino Marsala Superiore 75Cl,£12.50,£12.50/75cl,null,wine,2024-11-05
Jam Shed Shiraz Boxed Red Wine 1.5L,£14.00,£7.00/75cl,£12.50 Clubcard Price,wine,2024-11-05
Lanson Le Rose Brut 75Cl,£46.00,£46.00/75cl,£35.00 Clubcard Price,wine,2024-11-05
Martini Vermouth Bianco 75Cl,£11.00,£11.00/75cl,£8.00 Clubcard Price,wine,2024-11-05
The Beach By Whispering Angel Rose 75Cl,£16.00,£16.00/75cl,null,wine,2024-11-05
Louis Latour Bourgogne Chardonnay 75Cl,£16.00,£16.00/75cl,£13.00 Clubcard Price,wine,2024-11-05
Studio By Miraval Mediterranean Rose Wine 750Ml,£13.00,£13.00/75cl,£10.00 Clubcard Price,wine,2024-11-05
Penfolds Koonunga Hill Chardonnay 75Cl,£11.00,£11.00/75cl,null,wine,2024-11-05
Canti Rose Extra Dry 75Cl,£7.00,£7.00/75cl,£6.00 Clubcard Price,wine,2024-11-05
Heritages Chateauneuf Du Pape Red 75Cl,£21.00,£21.00/75cl,£17.00 Clubcard Price,wine,2024-11-05
Pepperbox Shiraz Wine 750Ml,£10.00,£10.00/75cl,null,wine,2024-11-05
Piccini Memoro Red 75Cl,£8.75,£8.75/75cl,£7.50 Clubcard Price,wine,2024-11-05
Sangria Penasol 1L,£3.45,£2.59/75cl,null,wine,2024-11-05
Georges Duboeuf Fleurie 75Cl,£14.00,£14.00/75cl,null,wine,2024-11-05
Prima Luna Frascati 750Ml,£6.50,£6.50/75cl,null,wine,2024-11-05
Maschio Prosecco Extra Dry 75Cl,£9.00,£9.00/75cl,£8.00 Clubcard Price,wine,2024-11-05
Tesco Finest South African Shiraz 75Cl,£8.00,£8.00/75cl,Buy 3 or more Save 25% Clubcard Price - Save 25% On Selected Wines When You Buy 3 + Bottles,wine,2024-11-05
Vieux Papes White 75Cl,£5.25,£5.25/75cl,null,wine,2024-11-05
Tesco Tawny Port 75Cl,£8.50,£8.50/75cl,null,wine,2024-11-05
Luis Felipe Edwards Gran Reserve Pinot Noir 75Cl,£10.00,£10.00/75cl,£9.00 Clubcard Price,wine,2024-11-05
Tesco Fortified British Wine Medium Dry 1 Litre,£6.75,£5.06/75cl,null,wine,2024-11-05
Aprimondo Appassimento 750Ml,£9.25,£9.25/75cl,£8.00 Clubcard Price,wine,2024-11-05
Tesco Fortified British Wine Pale Cream 1 Litre,£6.75,£5.06/75cl,null,wine,2024-11-05
Apothic Cabernet Sauvignon 75Cl,£10.00,£10.00/75cl,null,wine,2024-11-05
Freixenet Cordon Rosado Seco 75Cl,£10.50,£10.50/75cl,null,wine,2024-11-05
Villa Maria Private Bin Pinot Noir 75Cl,£13.00,£13.00/75cl,null,wine,2024-11-05
Bouchard Grand Conseiller Chardonnay 75Cl,£9.50,£9.50/75cl,null,wine,2024-11-05
La Vieille Ferme Rose 187Ml,£2.75,£11.03/75cl,Any 4 for 3 Clubcard Price - Cheapest Product Free - Selected Premix Cans,wine,2024-11-05
Mad Fish Sauvignon Blanc Wine 75Cl,null,null,null,wine,2024-11-05
The Pebble Sauvignon Blanc 75Cl,£10.00,£10.00/75cl,null,wine,2024-11-05
Uvc Petit Chablis 75Cl,£13.50,£13.50/75cl,null,wine,2024-11-05
Italiano Lambrusco Rosso 75Cl,£3.00,£3.00/75cl,null,wine,2024-11-05
Des Tourelles Bordeaux Superieur 75Cl,£7.50,£7.50/75cl,null,wine,2024-11-05
Italiano Lambrusco Bianco 75Cl,£3.00,£3.00/75cl,null,wine,2024-11-05
Diablo Red Blend 750Ml,£10.00,£10.00/75cl,null,wine,2024-11-05
Tesco Finest Amarone Valpolicella Docg 75Cl,£20.00,£20.00/75cl,Buy 3 or more Save 25% Clubcard Price - Save 25% On Selected Wines When You Buy 3 + Bottles,wine,2024-11-05
Boschendal Sauvignon Blanc 75Cl,£10.00,£10.00/75cl,null,wine,2024-11-05
Tesco Finest Puemo Carmenere 75Cl,£8.50,£8.50/75cl,Buy 3 or more Save 25% Clubcard Price - Save 25% On Selected Wines When You Buy 3 + Bottles,wine,2024-11-05
Louis Pommery England Sparkling Wine Brut 75cl,£28.00,£28.00/75cl,£24.00 Clubcard Price,wine,2024-11-05
Tesco Finest Premier Cru Rose Champagne 75Cl,£25.00,£25.00/75cl,Buy 3 or more Save 25% Clubcard Price - Save 25% On Selected Wines When You Buy 3 + Bottles,wine,2024-11-05
Chapel Down Brut Non Vintage 75Cl,£28.50,£28.50/75cl,£22.00 Clubcard Price,wine,2024-11-05
Mumm Cordon Rouge Champagne Non Vintage 75Cl,£39.00,£39.00/75cl,null,wine,2024-11-05
Villa Borghetti Amarone 750Ml,£31.00,£31.00/75cl,null,wine,2024-11-05
Bird In Hand Sparkling Wine 750Ml,£15.00,£15.00/75cl,£12.00 Clubcard Price,wine,2024-11-05
Moet & Chandon Rose Imperial Brut Champagne 75cl,£50.00,£50.00/75cl,£40.00 Clubcard Price,wine,2024-11-05
Gonzalez Byass Tio Pepe Fino Sherry 750ml,£13.25,£13.25/75cl,£10.75 Clubcard Price,wine,2024-11-05
Cockburn's Fine White Port 75Cl,£14.00,£14.00/75cl,null,wine,2024-11-05
Bird In Hand Two In The Bush Shiraz 750Ml,£14.50,£14.50/75cl,£11.00 Clubcard Price,wine,2024-11-05
Cali. By Snoop Cali. Red Wine 750Ml,£12.00,£12.00/75cl,null,wine,2024-11-05
Tesco Finest Fino Sherry 37.5Cl,£7.25,£14.50/75cl,null,wine,2024-11-05
Oyster Bay Merlot 75Cl,£11.50,£11.50/75cl,£9.00 Clubcard Price,wine,2024-11-05
Veuve Clicquot Brut Rose Champagne 75Cl,£55.00,£55.00/75cl,null,wine,2024-11-05
Tesco Finest Ribera Del Duero 75Cl,£12.00,£12.00/75cl,Buy 3 or more Save 25% Clubcard Price - Save 25% On Selected Wines When You Buy 3 + Bottles,wine,2024-11-05
De Colmar Gewurztraminer 750Ml,£11.00,£11.00/75cl,£9.50 Clubcard Price,wine,2024-11-05
Bellingham Pinotage 75Cl,£11.00,£11.00/75cl,null,wine,2024-11-05
Grandeza Aged Red Wine 75Cl,£7.50,£7.50/75cl,£6.75 Clubcard Price,wine,2024-11-05
Rocca Alata Valpolicella 75Cl,£8.75,£8.75/75cl,£7.75 Clubcard Price,wine,2024-11-05
Banrock Station Recycled Flat Bottle Chardonnay White Wine 75cl,£7.50,£7.50/75cl,£6.50 Clubcard Price,wine,2024-11-05
Soffio Prosecco Spumante 75Cl,£9.00,£9.00/75cl,null,wine,2024-11-05
La Burgondie Macon-Villages Chardonnay 750Ml,£12.00,£12.00/75cl,£10.00 Clubcard Price,wine,2024-11-05
Rocca Alata Amarone Della Valpolicella75cl,£19.00,£19.00/75cl,null,wine,2024-11-05
Cloudy Bay Sauvignon Blanc 75Cl,£26.00,£26.00/75cl,null,wine,2024-11-05
Trapiche Reserve Cabernet Sauvignon 75Cl,£8.50,£8.50/75cl,£7.25 Clubcard Price,wine,2024-11-05
Canti Cantiseco Vino Spumante Dry 75C,£7.00,£7.00/75cl,£6.00 Clubcard Price,wine,2024-11-05
Ascheri Gavi Di Gavi Docg 75Cl,£13.00,£13.00/75cl,null,wine,2024-11-05
Tesco Finest West Australian Chardonnay 75Cl,£9.00,£9.00/75cl,Buy 3 or more Save 25% Clubcard Price - Save 25% On Selected Wines When You Buy 3 + Bottles,wine,2024-11-05
Tesco Finest Dessert Semillon 37.5Cl,£6.75,£13.50/75cl,Buy 3 or more Save 25% Clubcard Price - Save 25% On Selected Wines When You Buy 3 + Bottles,wine,2024-11-05
All Shook Up Spritz Peach & Lychee 250Ml,£1.75,£5.25/75cl,Any 4 for 3 Clubcard Price - Cheapest Product Free - Selected Premix Cans,wine,2024-11-05
Caparelli Pinot Grigio 187Ml,£2.25,£9.02/75cl,Any 4 for 3 Clubcard Price - Cheapest Product Free - Selected Premix Cans,wine,2024-11-05
Mount Impey Malborough Sauvignon Blanc 750Ml,£13.00,£13.00/75cl,null,wine,2024-11-05
Tesco Finest Valle De Colchagua Merlot 75Cl,£8.50,£8.50/75cl,Buy 3 or more Save 25% Clubcard Price - Save 25% On Selected Wines When You Buy 3 + Bottles,wine,2024-11-05
Piccodoro Nero D'avola 75Cl,£6.50,£6.50/75cl,null,wine,2024-11-05
Te Pa Signature Series Sauvignon Blanc 75Cl,£10.50,£10.50/75cl,null,wine,2024-11-05
Errazuriz Estate Sauvignon Blanc 75Cl,null,null,null,wine,2024-11-05
Bella Cucina Asti Vino Spumante 20Cl,£2.25,£8.44/75cl,Any 4 for 3 Clubcard Price - Cheapest Product Free - Selected Premix Cans,wine,2024-11-05
Kleine Zalze Shiraz Blend 750ml,£8.00,£8.00/75cl,null,wine,2024-11-05
Cave Des Roches Coteaux D'aix En Provence 75Cl,£8.50,£8.50/75cl,null,wine,2024-11-05
Tesco Finest Sancerre Rose 75Cl,£15.00,£15.00/75cl,Buy 3 or more Save 25% Clubcard Price - Save 25% On Selected Wines When You Buy 3 + Bottles,wine,2024-11-05
Castillo San Lorenzo Rioja Reserva 75cl,£8.25,£8.25/75cl,null,wine,2024-11-05
Vinalba Reserve Cabernet Sauvignon 75Cl,£10.00,£10.00/75cl,null,wine,2024-11-05
Tesco Finest Chablis Premier Cru 75Cl,£22.00,£22.00/75cl,Buy 3 or more Save 25% Clubcard Price - Save 25% On Selected Wines When You Buy 3 + Bottles,wine,2024-11-05
Freixenet Prosecco Doc 150Cl,£18.00,£9.00/75cl,null,wine,2024-11-05
Bollinger Champagne Non Vintage 75Cl,£58.00,£58.00/75cl,Save 25% £43.00 Clubcard Price,wine,2024-11-05
Penfolds Shiraz Bin 28 75Cl,£31.00,£31.00/75cl,£27.00 Clubcard Price,wine,2024-11-05
Veuve Clicquot Vintage Champagne 75Cl,£69.00,£69.00/75cl,£62.00 Clubcard Price,wine,2024-11-05
Cloudy Bay Pelorus Non Vintage Wine 75Cl,£27.50,£27.50/75cl,£22.50 Clubcard Price,wine,2024-11-05
Barefoot White Zinfandel 1.5L,£11.00,£5.50/75cl,null,wine,2024-11-05
Wynns The Siding Cabernet Sauvignon 750Ml,£15.50,£15.50/75cl,null,wine,2024-11-05
Pepperbox Chardonnay 750Ml,£10.00,£10.00/75cl,null,wine,2024-11-05
Oyster Bay Sparkling Cuvee Brut 75Cl,£13.00,£13.00/75cl,£10.00 Clubcard Price,wine,2024-11-05
Bird In Hand Two In The Bush Chardonnay 750Ml,£14.50,£14.50/75cl,£11.00 Clubcard Price,wine,2024-11-05
Vasse Felix Classic Semillon Sauvignon Blanc 750Ml,£12.50,£12.50/75cl,null,wine,2024-11-05
Mucho Mas Vino Blanco Wine 75Cl,£8.50,£8.50/75cl,£7.00 Clubcard Price,wine,2024-11-05
Mar De Frades Albarino 75Cl,£17.00,£17.00/75cl,null,wine,2024-11-05
Tesco Finest Douro 75Cl,£11.00,£11.00/75cl,Buy 3 or more Save 25% Clubcard Price - Save 25% On Selected Wines When You Buy 3 + Bottles,wine,2024-11-05
Ravenswood Lodi Zinfandel 75Cl,£14.50,£14.50/75cl,£12.00 Clubcard Price,wine,2024-11-05
Cap Royal Bordeaux Rouge 75Cl,£11.00,£11.00/75cl,£9.00 Clubcard Price,wine,2024-11-05
Tesco Finest Tingleup Riesling 75Cl,£11.00,£11.00/75cl,Buy 3 or more Save 25% Clubcard Price - Save 25% On Selected Wines When You Buy 3 + Bottles,wine,2024-11-05
Louis Latour Bourgogne Gamay 75Cl,£16.00,£16.00/75cl,£13.00 Clubcard Price,wine,2024-11-05
The Fair Mile Shiraz Malbec 75Cl,£7.25,£7.25/75cl,null,wine,2024-11-05
Castillo De Albai Rioja Reserva 75Cl,£9.75,£9.75/75cl,null,wine,2024-11-05
Faustino Rioja Gran Reserva 75Cl,£18.00,£18.00/75cl,£16.00 Clubcard Price,wine,2024-11-05
Porcupine Ridge Chardonnay 750Ml,£8.50,£8.50/75cl,£7.00 Clubcard Price,wine,2024-11-05
D'arenberg The Footbolt Shiraz 2017 75Cl,£12.50,£12.50/75cl,£11.00 Clubcard Price,wine,2024-11-05
Tesco Finest English Sparkling Wine 75Cl,£21.00,£21.00/75cl,Buy 3 or more Save 25% Clubcard Price - Save 25% On Selected Wines When You Buy 3 + Bottles,wine,2024-11-05
Soffio Prosecco Rose Spumante Extra Dry Doc 75Cl,£9.00,£9.00/75cl,null,wine,2024-11-05
Banrock Station Recycled Flat Bottle Merlot Red Wine 75cl,£7.50,£7.50/75cl,£6.50 Clubcard Price,wine,2024-11-05
Brown Brothers Orange Muscat & Flora 37.5Cl,£8.50,£17.00/75cl,null,wine,2024-11-05
Porta 6 White Wine 750Ml,£8.25,£8.25/75cl,null,wine,2024-11-05
Tesco Finest South African Chenin Blanc75cl,£8.00,£8.00/75cl,Buy 3 or more Save 25% Clubcard Price - Save 25% On Selected Wines When You Buy 3 + Bottles,wine,2024-11-05
Errazuriz Merlot 75Cl,null,null,null,wine,2024-11-05
Diablo Golden Chardonnay White Wine 75Cl,£10.00,£10.00/75cl,null,wine,2024-11-05
Kleine Zalze Chenin Sauvignon 750Ml,£8.00,£8.00/75cl,null,wine,2024-11-05
Journey's End Family Reserve Cabernet Sauvignon 75Cl,null,null,null,wine,2024-11-05
Diablo Sauvignon Blanc 75Cl,£10.00,£10.00/75cl,null,wine,2024-11-05
Arbousset Lirac 75Cl,£12.50,£12.50/75cl,null,wine,2024-11-05
Tesco Finest The Trilogy Malbec 75Cl,£13.00,£13.00/75cl,Buy 3 or more Save 25% Clubcard Price - Save 25% On Selected Wines When You Buy 3 + Bottles,wine,2024-11-05
Mirabeau La Folie Sparkling Rose 750Ml,£12.00,£12.00/75cl,null,wine,2024-11-05
Taittinger Champagne Nocturne Sec 750Ml,£43.00,£43.00/75cl,null,wine,2024-11-05
Arbousset Tavel Rose 75Cl,£12.50,£12.50/75cl,null,wine,2024-11-05
Tesco Finest Margaux 75Cl,£24.00,£24.00/75cl,Buy 3 or more Save 25% Clubcard Price - Save 25% On Selected Wines When You Buy 3 + Bottles,wine,2024-11-05
Taittinger Prestige Rose Champagne 75Cl,£48.00,£48.00/75cl,null,wine,2024-11-05
Rustenberg Wild Ferment Unwooded Chardonnay 750Ml,£13.00,£13.00/75cl,£11.00 Clubcard Price,wine,2024-11-05
Zuccardi Serie A Malbec 75Cl,£14.00,£14.00/75cl,£12.00 Clubcard Price,wine,2024-11-05
Cru Smith & Sheth Sauvignon Blanc 750Ml,£18.00,£18.00/75cl,null,wine,2024-11-05
Love By Leoube Organic Rose Wine 75Cl,£16.00,£16.00/75cl,£14.00 Clubcard Price,wine,2024-11-05
Tesco Finest Brooks Road Chardonnay 75Cl,£15.00,£15.00/75cl,Buy 3 or more Save 25% Clubcard Price - Save 25% On Selected Wines When You Buy 3 + Bottles,wine,2024-11-05
St Hallett Faith Shiraz Red Wine 75cl,£16.00,£16.00/75cl,null,wine,2024-11-05
Vinalba Patagonia Reserve Malbec 75Cl,£15.00,£15.00/75cl,£13.00 Clubcard Price,wine,2024-11-05
Graham Beck Selection Sparkling Wine 750Ml,£13.50,£13.50/75cl,null,wine,2024-11-05
Gerard Bertrand Cote Des Roses 75Cl,£12.00,£12.00/75cl,£10.00 Clubcard Price,wine,2024-11-05
1000 Stories Chardonnay 75Cl,£15.00,£15.00/75cl,£12.50 Clubcard Price,wine,2024-11-05
Don Carlo Nero D'avola 750Ml,£11.00,£11.00/75cl,£9.75 Clubcard Price,wine,2024-11-05
Pommery Brut Royal Champagne 750Ml,£43.00,£43.00/75cl,£36.00 Clubcard Price,wine,2024-11-05
Tesco Finest Saint Emilion Grand Cru 75Cl,£18.00,£18.00/75cl,Buy 3 or more Save 25% Clubcard Price - Save 25% On Selected Wines When You Buy 3 + Bottles,wine,2024-11-05
Miraval Provence Rose Wine 750Ml,£19.00,£19.00/75cl,£17.00 Clubcard Price,wine,2024-11-05
Contino Rioja Reserva 75Cl,£26.00,£26.00/75cl,null,wine,2024-11-05
La Raison Du Chateau Des Fougeres 75Cl,£16.50,£16.50/75cl,£14.00 Clubcard Price,wine,2024-11-05
Crocodile Diamante Rose 750Ml,£10.50,£10.50/75cl,£9.00 Clubcard Price,wine,2024-11-05
Porcupine Ridge Cabernet Sauvignon 750Ml,£8.50,£8.50/75cl,£7.00 Clubcard Price,wine,2024-11-05
Luis Felipe Edwards Malbec 75Cl,£10.00,£10.00/75cl,£9.00 Clubcard Price,wine,2024-11-05
Petaluma Chardonnay White Wine 75cl,£17.00,£17.00/75cl,£15.00 Clubcard Price,wine,2024-11-05
Tesco Finest North Row Vineyard Sauvignon 75Cl,£14.00,£14.00/75cl,Buy 3 or more Save 25% Clubcard Price - Save 25% On Selected Wines When You Buy 3 + Bottles,wine,2024-11-05
Tesco Finest Valle De Leyda Chardonnay 75Cl,£8.50,£8.50/75cl,Buy 3 or more Save 25% Clubcard Price - Save 25% On Selected Wines When You Buy 3 + Bottles,wine,2024-11-05
Angelica Zapata Malbec 75Cl,£29.00,£29.00/75cl,null,wine,2024-11-05
Peter Lehmann Barossa Portrait Shiraz 750Ml,£14.00,£14.00/75cl,null,wine,2024-11-05
Cono Sur Reserva Especial Riesling 75Cl,£10.50,£10.50/75cl,null,wine,2024-11-05
Tesco Finest Vina Del Cura Rioja Gran Reserva 75,£13.00,£13.00/75cl,Buy 3 or more Save 25% Clubcard Price - Save 25% On Selected Wines When You Buy 3 + Bottles,wine,2024-11-05
Tesco Finest Western Australian Sauvignon Semillon 75Cl,£9.00,£9.00/75cl,Buy 3 or more Save 25% Clubcard Price - Save 25% On Selected Wines When You Buy 3 + Bottles,wine,2024-11-05
Kanonkop Kadette Cape Blend 750Ml,£13.00,£13.00/75cl,null,wine,2024-11-05
Tipple & Treat Snowball & Chocolate Truffles Giftset,£3.00,£3.00/each,null,wine,2024-11-05
Errazuriz Estate Reserva Pinot Noir 75Cl,£9.00,£9.00/75cl,null,wine,2024-11-05
Campo V Primitivo Di Manduria 750Ml,£16.00,£16.00/75cl,£13.50 Clubcard Price,wine,2024-11-05
Gordon Ramsay Pinot Grigio 750ML,£8.50,£8.50/75cl,null,wine,2024-11-05
Caparelli Italian Blush 187Ml,£2.25,£9.02/75cl,Any 4 for 3 Clubcard Price - Cheapest Product Free - Selected Premix Cans,wine,2024-11-05
Gordon Ramsay Intenso Rosso 750Ml,£8.50,£8.50/75cl,null,wine,2024-11-05
Tesco Finest Barolo 75Cl,£20.00,£20.00/75cl,Buy 3 or more Save 25% Clubcard Price - Save 25% On Selected Wines When You Buy 3 + Bottles,wine,2024-11-05
Tesco Finest Torrontes 75Cl,£8.50,£8.50/75cl,Buy 3 or more Save 25% Clubcard Price - Save 25% On Selected Wines When You Buy 3 + Bottles,wine,2024-11-05
Ascheri Barolo D.O.C.G 75Cl,£24.00,£24.00/75cl,null,wine,2024-11-05
Bonny Doon Vineyard Cigare Volant 75Cl,£16.00,£16.00/75cl,null,wine,2024-11-05
Dv Catena Chardonnay Historico 750Ml,£13.00,£13.00/75cl,null,wine,2024-11-05
Lanson Le Vintage 75Cl,£49.50,£49.50/75cl,null,wine,2024-11-05
Gott Napa Valley Cabernet Sauvignon 750Ml,£35.00,£35.00/75cl,null,wine,2024-11-05
St Stephan's Crown Tokaj 50 Cl,£19.00,£28.50/75cl,null,wine,2024-11-05
Mollydooker The Boxer Shiraz 75Cl,£26.00,£26.00/75cl,null,wine,2024-11-05
Porta 6 Lisboa Red Wine 2.25L,£20.00,£6.67/75cl,null,wine,2024-11-05
Umani Ronchi Lacrima Di Morro Wine 750Ml,£15.50,£15.50/75cl,£12.00 Clubcard Price,wine,2024-11-05
Brancott Estate Flight Sauvignon Blanc 750Ml,£8.50,£8.50/75cl,£7.00 Clubcard Price,wine,2024-11-05
Stellenrust Barrel Fermented Chenin 750Ml,£15.00,£15.00/75cl,null,wine,2024-11-05
Luigi Bosca De Sangre Cabernet Sauvignon 75Cl,£20.00,£20.00/75cl,null,wine,2024-11-05
Babich Marlborough Sauvignon Blanc 75Cl,£13.00,£13.00/75cl,null,wine,2024-11-05
Cono Sur Reserva Sauvignon 75Cl,£10.00,£10.00/75cl,null,wine,2024-11-05
Villa Antinori Rosso Toscana 75Cl,£19.00,£19.00/75cl,null,wine,2024-11-05
Tesco Finest Vintage Port 75Cl,£22.00,£22.00/75cl,null,wine,2024-11-05
Castello Banfi Rosso Di Montalcino 750Ml,£18.00,£18.00/75cl,null,wine,2024-11-05
Tyrrell's Brookdale Semillon 750Ml,£12.00,£12.00/75cl,null,wine,2024-11-05
Yealands Sauvignon Blanc 75Cl,£10.00,£10.00/75cl,null,wine,2024-11-05
D'arenberg Broken Fishplate Sauvignon Blanc 75 Cl,£12.50,£12.50/75cl,£11.00 Clubcard Price,wine,2024-11-05
Maison Castel Touraine Sauvignon Blanc Wine 75Cl,£9.00,£9.00/75cl,£8.00 Clubcard Price,wine,2024-11-05
McGuigan Mid Sauvignon Blanc 75cl,£7.00,£7.00/75cl,null,wine,2024-11-05
Casillero Del Diablo Sauvignon Blanc 18.7Cl,£2.75,£11.03/75cl,Any 4 for 3 Clubcard Price - Cheapest Product Free - Selected Premix Cans,wine,2024-11-05
Casillero Del Diablo BeLight Sauvignon Blanc 75cl,£7.00,£7.00/75cl,null,wine,2024-11-05
Tesco Finest English Sparkling Rose Brut 75Cl,£21.00,£21.00/75cl,Buy 3 or more Save 25% Clubcard Price - Save 25% On Selected Wines When You Buy 3 + Bottles,wine,2024-11-05
J P Chenet Sauvignon Blanc 75Cl,£6.75,£6.75/75cl,null,wine,2024-11-05
Errazuriz Max Carmenere Wine 75Cl,£13.00,£13.00/75cl,null,wine,2024-11-05
"Nipozzano Chianti Rufina, Riserva 75Cl",£16.00,£16.00/75cl,null,wine,2024-11-05
Amandla Sauvignon Blanc 75CL,£9.50,£9.50/75cl,£8.00 Clubcard Price,wine,2024-11-05
Louis Latour Cote De Beaune Villages 75Cl,£21.00,£21.00/75cl,null,wine,2024-11-05
Kylie Minogue Vin De Provence Rose 75cl,£12.50,£12.50/75cl,null,wine,2024-11-05
Altano Rewilding Edition Douro Red Wine 75Cl,£10.50,£10.50/75cl,null,wine,2024-11-05
Tesco Finest Sauvignon Blanc 75Cl,£8.50,£8.50/75cl,"TESCO FINEST* Meal Deal for £12 Clubcard Price - Buy 1 Main, 1 Side 1 Dessert, & 1 Drink",wine,2024-11-05
Tesco Finest Falanghina 75Cl,£8.50,£8.50/75cl,Buy 3 or more Save 25% Clubcard Price - Save 25% On Selected Wines When You Buy 3 + Bottles,wine,2024-11-05
Tesco Finest Sauternes 37.5Cl,£13.50,£27.00/75cl,Buy 3 or more Save 25% Clubcard Price - Save 25% On Selected Wines When You Buy 3 + Bottles,wine,2024-11-05
Bollinger Rose Champagne Non Vintage 75Cl,£60.00,£60.00/75cl,£52.00 Clubcard Price,wine,2024-11-05
Tesco Finest Central Otago Pinot Noir 75Cl,£14.00,£14.00/75cl,Buy 3 or more Save 25% Clubcard Price - Save 25% On Selected Wines When You Buy 3 + Bottles,wine,2024-11-05
Louis Delaunay Champagne Brut Non Vintage 75Cl,£15.00,£15.00/75cl,null,wine,2024-11-05
Cockburn's Quinta dos Canais Vintage Port 75cl,£30.00,£30.00/75cl,null,wine,2024-11-05
Casillero Del Diablo Sauvignon Blanc 1.5L,£15.00,£7.50/75cl,null,wine,2024-11-05
Hardys HRB Riesling White Wine 75cl,£20.00,£20.00/75cl,£18.00 Clubcard Price,wine,2024-11-05
Pegasus Bay Chardonnay 75cl,£24.00,£24.00/75cl,null,wine,2024-11-05
Peter Lehmann Portrait Sauvignon Blanc 75cl,£14.00,£14.00/75cl,null,wine,2024-11-05
Saint Clair Prospector Chardonnay 75cl,£16.00,£16.00/75cl,£14.00 Clubcard Price,wine,2024-11-05
Cockburns Fine Ruby Port 75Cl,£12.00,£12.00/75cl,£10.00 Clubcard Price,wine,2024-11-05
Wine Route Chile Sauvignon Blanc 2.25L,£14.50,£4.83/75cl,null,wine,2024-11-05
Saint Clair Prospector Sauvignon Blanc 75cl,£16.00,£16.00/75cl,£14.00 Clubcard Price,wine,2024-11-05
Wine Route Chile Merlot 2.25L,£14.50,£4.83/75cl,null,wine,2024-11-05
Wairau Cove Marlborough Sauvignon Blanc 1.5L,£16.00,£8.00/75cl,null,wine,2024-11-05
Marques De Casa Concha Syrah 75Cl,£16.00,£16.00/75cl,null,wine,2024-11-05
Mascota Unanime Gran Vino Tinto 75cl,£16.00,£16.00/75cl,null,wine,2024-11-05
Devil's Corner Chardonnay 750ml,£15.00,£15.00/75cl,£13.50 Clubcard Price,wine,2024-11-05
19 Crimes The Uprising Chardonnay 750ml,£10.50,£10.50/75cl,£8.50 Clubcard Price,wine,2024-11-05
Trimbach Riesling 75cl,£18.00,£18.00/75cl,£15.00 Clubcard Price,wine,2024-11-05
D'arenberg The Witches Berry Chardonnay 75Cl,£12.50,£12.50/75cl,£11.00 Clubcard Price,wine,2024-11-05
Montes Angel's Secret Sauvignon Blanc 75CL,£15.00,£15.00/75cl,null,wine,2024-11-05
Paul Mas Sauvignon Blanc/Souvignier Gris 75cl,£10.00,£10.00/75cl,Save 25% £7.50 Clubcard Price,wine,2024-11-05
Barefoot Riesling California white wine 750ml,£6.50,£6.50/75cl,£5.50 Clubcard Price,wine,2024-11-05
Cono Sur Organic Cabernet Carmenere 75Cl,£9.50,£9.50/75cl,£8.00 Clubcard Price,wine,2024-11-05
Springfield Estate Special Cuvee Sauvignon Blanc 750ml,£13.00,£13.00/75cl,null,wine,2024-11-05
Villa Maria Reserve Coastal Awatere Sauvignon Blanc 75cl,£15.00,£15.00/75cl,£12.50 Clubcard Price,wine,2024-11-05
Paul Mas Reserve Merlot 75cl,£10.00,£10.00/75cl,Save 25% £7.50 Clubcard Price,wine,2024-11-05
Greasy Fingers Chardonnay 75Cl,£10.00,£10.00/75cl,Save 25% £7.50 Clubcard Price,wine,2024-11-05
Mcguigan Black Label Pinot Grigio75cl,£6.50,£6.50/75cl,null,wine,2024-11-05
Yealands Reserve Sauvignon Blanc 75cl,£11.00,£11.00/75cl,£9.50 Clubcard Price,wine,2024-11-05
Porcupine Ridge Sauvignon Blanc 750ml,£8.50,£8.50/75cl,null,wine,2024-11-05
Granite Hill Sauvignon Blanc 75cl,£12.00,£12.00/75cl,null,wine,2024-11-05
GARY BARLOW SAUVIGNON BLANC 750ML,£8.00,£8.00/75cl,£6.50 Clubcard Price,wine,2024-11-05
Wairau Cove Reserve Sauvignon Blanc 75cl,£9.50,£9.50/75cl,£8.50 Clubcard Price,wine,2024-11-05
Howard Park Margaret River Miamup Chardonnay 75cl,£12.00,£12.00/75cl,£10.00 Clubcard Price,wine,2024-11-05
Luis Felipe Edwards Gran Reserva Merlot 75cl,£10.00,£10.00/75cl,£9.00 Clubcard Price,wine,2024-11-05
Hardys Stamp Cabernet Merlot Red Wine 75cl,£5.25,£5.25/75cl,null,wine,2024-11-05
Hardys Stamp Chardonnay White Wine 75cl,£5.25,£5.25/75cl,null,wine,2024-11-05
Apothic Merlot 750Ml,£10.00,£10.00/75cl,null,wine,2024-11-05
Errazuriz Cabernet Sauvignon 75Cl,£9.00,£9.00/75cl,null,wine,2024-11-05
Mount Rozier Merlot 75cL,£6.50,£6.50/75cl,£5.25 Clubcard Price,wine,2024-11-05
Pegasus Bay Riesling 75cl,£18.00,£18.00/75cl,null,wine,2024-11-05
Yellow Tail Jammy White Roo 75Cl,£7.75,£7.75/75cl,null,wine,2024-11-05
Casillero Del Diablo Cabernet Sauvignon 18.7Cl,£2.75,£11.03/75cl,Any 4 for 3 Clubcard Price - Cheapest Product Free - Selected Premix Cans,wine,2024-11-05
Upturned Semillon Chardonnay 750ml,£6.50,£6.50/75cl,null,wine,2024-11-05
Wakefield Pinot Grigio 750Ml,£9.00,£9.00/75cl,null,wine,2024-11-05
SETANERA MERLOT 75CL,£5.50,£5.50/75cl,null,wine,2024-11-05
Leftfield Albarino 75cl,£13.00,£13.00/75cl,null,wine,2024-11-05
Finca Las Moras Dada Art Malbec 75Cl,£7.50,£7.50/75cl,null,wine,2024-11-05
Andrew Peace Masterpeace Chardonnay 75cl,£6.50,£6.50/75cl,£5.75 Clubcard Price,wine,2024-11-05
FirstCape Special Cuvee Merlot 750ml,£7.00,£7.00/75cl,null,wine,2024-11-05
Country Manor Medium Dry Finest Perry 2.25L,£7.50,£2.50/75cl,null,wine,2024-11-05
Wine Route Trebbiano Pinot grigio 2.25l,£14.50,£4.83/75cl,null,wine,2024-11-05
La P'tite Pierre Rose 1.5L,£11.00,£5.50/75cl,null,wine,2024-11-05
Angelica Zapata Chardonnay 75cl,£28.00,£28.00/75cl,null,wine,2024-11-05
Torres Vina Sol 1.5L,£13.00,£6.50/75cl,null,wine,2024-11-05
WINE ROUTE ZESTY WHITE WINE 3L,£17.00,£4.25/75cl,null,wine,2024-11-05
La P'tite Pierre Blanc 1.5L,£11.00,£5.50/75cl,null,wine,2024-11-05
Escarpment Pinot Noir 75cl,£25.00,£25.00/75cl,null,wine,2024-11-05
Wine Route Australian Chardonnay 2.25L,£14.50,£4.83/75cl,null,wine,2024-11-05
Zuccardi Poligonos Gualtallary Malbec 75cl,£25.00,£25.00/75cl,null,wine,2024-11-05
Wine Route Italian Rose Blush 2.25l,£14.50,£4.83/75cl,null,wine,2024-11-05
Zuccardi Q Chardonnay 75cl,£16.00,£16.00/75cl,£14.00 Clubcard Price,wine,2024-11-05
El Esteco MALBEC FairTrade 75cl,£13.00,£13.00/75cl,£10.00 Clubcard Price,wine,2024-11-05
Tesco Finest Albarino Uruguay 75cl,£13.00,£13.00/75cl,Buy 3 or more Save 25% Clubcard Price - Save 25% On Selected Wines When You Buy 3 + Bottles,wine,2024-11-05
Cono Sur 20 Barrels Pinot Noir 75Cl,£18.00,£18.00/75cl,null,wine,2024-11-05
Marques De Casa Concha Chardonnay 75Cl,£16.00,£16.00/75cl,null,wine,2024-11-05
Bonny Doon Le Cigare Orange 75cl,£15.00,£15.00/75cl,null,wine,2024-11-05
El Enemigo Semillon 75cl,£18.00,£18.00/75cl,£16.00 Clubcard Price,wine,2024-11-05
Alta Yari Gran Corte 75cl,£22.00,£22.00/75cl,null,wine,2024-11-05
Gran Mascota Malbec 75 cl,£14.00,£14.00/75cl,null,wine,2024-11-05
Tesco Finest Chenin Blanc Torrontes 75cl,£9.00,£9.00/75cl,Buy 3 or more Save 25% Clubcard Price - Save 25% On Selected Wines When You Buy 3 + Bottles,wine,2024-11-05
Granite Hill Old Vine Zinfandel 75cl,£12.00,£12.00/75cl,null,wine,2024-11-05
Trivento Private Reserve Cabernet Sauvignon 75Cl,£10.00,£10.00/75cl,£8.50 Clubcard Price,wine,2024-11-05
Wine Route Liebfraumilch Wine Box 2.25L,£12.50,£4.17/75cl,null,wine,2024-11-05
El Enemigo Cabernet Franc 75cl,£18.00,£18.00/75cl,£16.00 Clubcard Price,wine,2024-11-05
Cono Sur Organic Chardonnay 75Cl,£9.50,£9.50/75cl,£8.00 Clubcard Price,wine,2024-11-05
Echo Falls Peach & Mango 9% Fruit Fusion 75cl,£5.25,£5.25/75cl,null,wine,2024-11-05
Diablo Volcanic Cabernet Sauvignon 75Cl,£10.00,£10.00/75cl,null,wine,2024-11-05
Devil's Corner Pinot Noir 75cl,£15.00,£15.00/75cl,£13.50 Clubcard Price,wine,2024-11-05
Most Wanted Sauvignon Blanc Can 187Ml,£2.50,£10.03/75cl,Any 4 for 3 Clubcard Price - Cheapest Product Free - Selected Premix Cans,wine,2024-11-05
Diablo Carmenere 75cl,£10.00,£10.00/75cl,null,wine,2024-11-05
Barefoot Zinfandel Red Wine 750ml,£8.00,£8.00/75cl,null,wine,2024-11-05
Luis Felipe Edwards Roussanne Marsanne 75cl,£10.00,£10.00/75cl,£9.00 Clubcard Price,wine,2024-11-05
Barefoot Buttery Chardonnay 750Ml,£8.00,£8.00/75cl,£7.00 Clubcard Price,wine,2024-11-05
Yellow Tail Chardonnay 187ML,£2.75,£11.03/75cl,Any 4 for 3 Clubcard Price - Cheapest Product Free - Selected Premix Cans,wine,2024-11-05
Isla Negra Malbec 75cl,null,null,£5.00 Clubcard Price,wine,2024-11-05
Cono Sur Bicicleta Red Blend 75cl,£7.00,£7.00/75cl,null,wine,2024-11-05
Trapiche Reserve Chardonnay 75Cl 75Cl,£8.50,£8.50/75cl,£7.25 Clubcard Price,wine,2024-11-05
Domane Wachau Gruner Veltliner 75Cl,£13.00,£13.00/75cl,null,wine,2024-11-05
Six Poets Chardonnay 75cl,£8.50,£8.50/75cl,null,wine,2024-11-05
Six Poets Cabernet Sauvignon 75cl,£8.50,£8.50/75cl,null,wine,2024-11-05
Shallow Bay Chardonnay 75cl,£6.75,£6.75/75cl,null,wine,2024-11-05
Bolney Lychgate Bacchus 75Cl,£12.00,£12.00/75cl,null,wine,2024-11-05
Mark West Pinot Noir 750Ml,£11.50,£11.50/75cl,null,wine,2024-11-05
Tesco Finest Zinfandel 75cl,£9.50,£9.50/75cl,Buy 3 or more Save 25% Clubcard Price - Save 25% On Selected Wines When You Buy 3 + Bottles,wine,2024-11-05
Tesco Finest English White 750Ml,£12.00,£12.00/75cl,Buy 3 or more Save 25% Clubcard Price - Save 25% On Selected Wines When You Buy 3 + Bottles,wine,2024-11-05
Montes Angel's Secret Cabernet Sauvignon 75CL,£15.00,£15.00/75cl,null,wine,2024-11-05
Babich Gimblett Gravels Syrah 75Cl,£15.00,£15.00/75cl,null,wine,2024-11-05
Louis Jadot Pouilly Fuisse 75Cl,£32.00,£32.00/75cl,null,wine,2024-11-05
Lanson Le Blanc de Blancs Brut NV Champagne 75cl,£62.00,£62.00/75cl,null,wine,2024-11-05
Esporao Reserva Red Wine 750ml,£19.00,£19.00/75cl,null,wine,2024-11-05
WINE ROUTE FRUITY RED WINE 3L,£16.50,£4.12/75cl,null,wine,2024-11-05
J. Moreau & Fils Chablis Premier Cru 75cl,£28.00,£28.00/75cl,null,wine,2024-11-05
Cave de Lugny Macon-Lugny Chardonnay 750ml,£14.00,£14.00/75cl,null,wine,2024-11-05
Chanoine Freres Blanc de Noirs Brut NV 75cl,£34.00,£34.00/75cl,£28.00 Clubcard Price,wine,2024-11-05
Victor Blachet Hautes-Cotes-de-Beaune Blanc 75cl,£18.00,£18.00/75cl,null,wine,2024-11-05
De-Saint Gall So Dark Grand Cru 2016 Vintage Champagne 75cl,£46.00,£46.00/75cl,£40.00 Clubcard Price,wine,2024-11-05
The Long Road Syrah 75cl,£18.00,£18.00/75cl,null,wine,2024-11-05
Barcelona Hola Rose 75cl,£10.00,£10.00/75cl,£8.00 Clubcard Price,wine,2024-11-05
Castillo De Ibiza Rosé 75Cl,£12.00,£12.00/75cl,£10.00 Clubcard Price,wine,2024-11-05
La Masseria del Borgo Primitivo di Manduria 75cl,£12.50,£12.50/75cl,null,wine,2024-11-05
Garnacha Querencia Corache Red Wine 750ml,£11.00,£11.00/75cl,null,wine,2024-11-05
19 Crimes The Banished Dark Red 75Cl,£10.50,£10.50/75cl,£8.50 Clubcard Price,wine,2024-11-05
Barefoot White Zinfandel 187Ml,£2.25,£9.02/75cl,Any 4 for 3 Clubcard Price - Cheapest Product Free - Selected Premix Cans,wine,2024-11-05
Care Garnacha Nativa 75cl,£11.00,£11.00/75cl,null,wine,2024-11-05
Pata Negra Toro Roble Wine 75cl,£8.00,£8.00/75cl,null,wine,2024-11-05
Gary Barlow Sauvignon Blush 75cl,£8.00,£8.00/75cl,£7.00 Clubcard Price,wine,2024-11-05
Mountain Vineyards Shiraz 75Cl,£5.00,£5.00/75cl,null,wine,2024-11-05
Tesco Finest Rioja Crianza 75cl,£8.50,£8.50/75cl,Buy 3 or more Save 25% Clubcard Price - Save 25% On Selected Wines When You Buy 3 + Bottles,wine,2024-11-05
McGuigan Mid Rosé 75cl,£7.00,£7.00/75cl,null,wine,2024-11-05
Lanson Le White Label Sec NV Champagne 75cl,£42.00,£42.00/75cl,£32.00 Clubcard Price,wine,2024-11-05
Casillero Del Diablo BeLight Rose 75cl,£7.00,£7.00/75cl,null,wine,2024-11-05
Maison Castel Muscadet Sevre Et. Maine 750Ml,£9.00,£9.00/75cl,£8.00 Clubcard Price,wine,2024-11-05
VINCA Organic Rose Wine 187ml,£3.00,£12.03/75cl,Any 4 for 3 Clubcard Price - Cheapest Product Free - Selected Premix Cans,wine,2024-11-05
Patient Cottat The Pebble Chenin Blanc Val de Loire 750ml,£10.00,£10.00/75cl,null,wine,2024-11-05
Taittinger VIntage 75cl,£60.00,£60.00/75cl,null,wine,2024-11-05
Tesco Finest Floreal 75cl,£8.00,£8.00/75cl,Buy 3 or more Save 25% Clubcard Price - Save 25% On Selected Wines When You Buy 3 + Bottles,wine,2024-11-05
McGuigan Mid Shiraz 75cl,£7.00,£7.00/75cl,null,wine,2024-11-05
Casa Piccini Toscana Red 75cl,£8.00,£8.00/75cl,null,wine,2024-11-05
Amandla Shiraz Zinfandel 75CL,£9.50,£9.50/75cl,£8.00 Clubcard Price,wine,2024-11-05
Wakefield Shiraz Cabernet 750Ml,£9.00,£9.00/75cl,null,wine,2024-11-05
Famille Perrin Côtes du Rhône White 750ml,£11.00,£11.00/75cl,null,wine,2024-11-05
Joseph Mellot Sancerre Le Montarlet 75cl,£24.00,£24.00/75cl,null,wine,2024-11-05
Tesco Finest English Rosé 75cl,£12.00,£12.00/75cl,Buy 3 or more Save 25% Clubcard Price - Save 25% On Selected Wines When You Buy 3 + Bottles,wine,2024-11-05
Tesco Finest Cinsault Rose 75Cl,£8.50,£8.50/75cl,"TESCO FINEST* Meal Deal for £12 Clubcard Price - Buy 1 Main, 1 Side 1 Dessert, & 1 Drink",wine,2024-11-05
Tesco Finest Cotes du Rhone Villages Blanc 75cl,£9.00,£9.00/75cl,Buy 3 or more Save 25% Clubcard Price - Save 25% On Selected Wines When You Buy 3 + Bottles,wine,2024-11-05
Tapabrava Red Blend 750ml,£8.00,£8.00/75cl,null,wine,2024-11-05
First Cape Special Cuvee Chardonnay Pinot Noir Rose South Africa 75cl,£7.00,£7.00/75cl,null,wine,2024-11-05
Poggio Landi Brunello di Montalcino 750ml,£26.00,£26.00/75cl,null,wine,2024-11-05
Champagne Nicolas Feuillatte Reserve Brut 750Ml,null,null,null,wine,2024-11-05
Nicolas Feuillatte Rose Non Vintage Champ 75Cl,£32.00,£32.00/75cl,null,wine,2024-11-05
Casillero Del Diablo Cabernet Sauvignon 1.5L,£15.00,£7.50/75cl,null,wine,2024-11-05
Segura Viudas Premium Cava Brut Vintage 750Ml,£12.00,£12.00/75cl,£10.00 Clubcard Price,wine,2024-11-05
Calvet Prestige Cotes Du Rhone Red Wine 1.5L,£14.00,£7.00/75cl,null,wine,2024-11-05
Peter Lehmann Portrait Cabernet Sauvignon 75cl,£14.00,£14.00/75cl,null,wine,2024-11-05
Kingscote Sparkling 75Cl,£18.00,£18.00/75cl,null,wine,2024-11-05
Freixenet Brut Royal 75cl,£13.00,£13.00/75cl,Save 25% £9.50 Clubcard Price,wine,2024-11-05
Wine Route Aus Shiraz 2.25L,£14.50,£4.83/75cl,null,wine,2024-11-05
Freixenet Rosé Royal 75cl,£13.00,£13.00/75cl,Save 25% £9.50 Clubcard Price,wine,2024-11-05
De Chanceny Cremant de Loire Brut NV 750ml,£12.00,£12.00/75cl,£10.00 Clubcard Price,wine,2024-11-05
Kingscote Sparkling Rose 75Cl,£18.00,£18.00/75cl,null,wine,2024-11-05
De Chanceny Cremant de Loire Rose NV 750ml,£12.00,£12.00/75cl,£10.00 Clubcard Price,wine,2024-11-05
La Reserve de Sociando-Mallet 75cl,£28.00,£28.00/75cl,null,wine,2024-11-05
Cave de Lugny Cremant de Bourgogne 750ml,£15.00,£15.00/75cl,null,wine,2024-11-05
Chateau Balestard La Tonnelle St Emilion Grand Cru Classe 75cl,£30.00,£30.00/75cl,null,wine,2024-11-05
Victor Blachet Hautes-Cotes-de-Beaune Rouge 75cl,£18.00,£18.00/75cl,null,wine,2024-11-05
La P'tite Pierre Rouge 1.5L,£11.00,£5.50/75cl,null,wine,2024-11-05
Barigny Sparkling Brut Blanc De Blancs 75Cl,£5.00,£5.00/75cl,null,wine,2024-11-05
Louis Couturier Cremant de Bordeaux 75cl,£10.00,£10.00/75cl,null,wine,2024-11-05
D'arenberg Grenache Shiraz Mourvedre 75Cl,£12.50,£12.50/75cl,£11.00 Clubcard Price,wine,2024-11-05
Piccozza Pinot Bianco 75Cl,£12.00,£12.00/75cl,null,wine,2024-11-05
Greasy Fingers Luscious Red 75Cl,£10.00,£10.00/75cl,Save 25% £7.50 Clubcard Price,wine,2024-11-05
Howard Park Margaret River Cabernet Sauvignon 75Cl,£12.00,£12.00/75cl,£10.00 Clubcard Price,wine,2024-11-05
Les Terrasses St Nicolas Cabernet Franc 75Cl,£11.00,£11.00/75cl,£9.00 Clubcard Price,wine,2024-11-05
Louis Couturier Cremant de Bordeaux Brut Rose 75cl,£10.00,£10.00/75cl,null,wine,2024-11-05
Maison Castel Cotes Du Rhone Red 75Cl,£9.00,£9.00/75cl,£8.00 Clubcard Price,wine,2024-11-05
Freixenet Cordon Negro Brut 20Cl,£3.50,£13.12/75cl,Any 4 for 3 Clubcard Price - Cheapest Product Free - Selected Premix Cans,wine,2024-11-05
Piccini's Memoro Bianco 75Cl,£8.75,£8.75/75cl,£7.50 Clubcard Price,wine,2024-11-05
Upturned Shiraz Cabernet 750ml,£6.50,£6.50/75cl,null,wine,2024-11-05
Chapoutier Crozes-Hermitage 75cl,£20.00,£20.00/75cl,null,wine,2024-11-05
Cupiolo Prosecco DOC Rosé Wine 75cl,£10.00,£10.00/75cl,£9.00 Clubcard Price,wine,2024-11-05
Freixenet Asti DOCG 75cl,£12.00,£12.00/75cl,null,wine,2024-11-05
Italiano Pinot Grigio Trebbiano 75Cl,£4.50,£4.50/75cl,null,wine,2024-11-05
Piccozza Pinot Grigio Alto Adige 75Cl,£12.00,£12.00/75cl,null,wine,2024-11-05
Condesa De Flores Cava Brut 75Cl,£6.25,£6.25/75cl,null,wine,2024-11-05
Hardys Tintara Cabernet Sauvignon Red Wine 75cl,£13.00,£13.00/75cl,null,wine,2024-11-05
Millefiori Pinot Grigio 750ml,£9.00,£9.00/75cl,null,wine,2024-11-05
MUCHO MAS EXTRA DRY SPARKLING WINE 75CL,£7.00,£7.00/75cl,£6.00 Clubcard Price,wine,2024-11-05
Famille Perrin Côtes du Rhône Red 750ml,£11.00,£11.00/75cl,null,wine,2024-11-05
Shallow Bay Cabernet Sauvignon 75cl,£6.75,£6.75/75cl,null,wine,2024-11-05
Eglise Saint Jacques Bergerac 75Cl,£7.50,£7.50/75cl,null,wine,2024-11-05
Andrew Peace Masterpeace Shiraz 75cl,£6.50,£6.50/75cl,£5.75 Clubcard Price,wine,2024-11-05
Condesa De Flores Cava Rosado 75Cl,£6.25,£6.25/75cl,null,wine,2024-11-05
Plaza Prosecco Rose 75Cl,£7.00,£7.00/75cl,£6.00 Clubcard Price,wine,2024-11-05
Famille Perrin Châteauneuf-du-Pape 750ml,£26.00,£26.00/75cl,null,wine,2024-11-05
BOTTEGA Silk Prosecco DOC Extra Dry 750ml,£20.00,£20.00/75cl,Save 25% £15.00 Clubcard Price,wine,2024-11-05
Jam Shed Malbec Red Wine 1.5L,£14.00,£7.00/75cl,£12.50 Clubcard Price,wine,2024-11-05
The Long Road Viognier 75cl,£18.00,£18.00/75cl,null,wine,2024-11-05
BOTTEGA Nuance Prosecco DOC Brut 75CL,£25.00,£25.00/75cl,null,wine,2024-11-05
Kylie Minogue Prosecco 75Cl,£11.00,£11.00/75cl,£8.50 Clubcard Price,wine,2024-11-05
Spritzi Blood Orange 75cl,£5.00,£5.00/75cl,null,wine,2024-11-05
Spritzi Elderflower Aperitivo 75cl,£5.00,£5.00/75cl,null,wine,2024-11-05
Maison Castel Rose D'anjou 75Cl,£9.00,£9.00/75cl,null,wine,2024-11-05
Not Guilty Rosé 750ml,£4.75,£6.33/litre,null,wine,2024-11-05
La P'titie Pierre Rose 75cl,£7.00,£7.00/75cl,null,wine,2024-11-05
Tesco Finest Organic Rueda Verdejo 75cl,£7.50,£7.50/75cl,Buy 3 or more Save 25% Clubcard Price - Save 25% On Selected Wines When You Buy 3 + Bottles,wine,2024-11-05
"Thomson & Scott Noughty Dealcoholized Sparkling Chardonnay, 100% Chardonnay, 75cl",£9.00,£9.00/75cl,null,wine,2024-11-05
Tesco Finest Rioja Blanco 75Cl,£10.00,£10.00/75cl,Buy 3 or more Save 25% Clubcard Price - Save 25% On Selected Wines When You Buy 3 + Bottles,wine,2024-11-05
Jam Shed Black Forest Mess Red 750ml,£7.00,£7.00/75cl,null,wine,2024-11-05
Jam Shed Rhubarb & Strawberry Smash Rosé 750ml,£7.00,£7.00/75cl,null,wine,2024-11-05
Joy Orange Spritz 75cl,£7.00,£7.00/75cl,£6.00 Clubcard Price,wine,2024-11-05
Tesco Finest Prosecco Brut 20cl,£3.30,£12.38/75cl,Any 4 for 3 Clubcard Price - Cheapest Product Free - Selected Premix Cans,wine,2024-11-05
Echo Falls Watermelon and Kiwi Fruit Fusion 750ml,£5.25,£5.25/75cl,null,wine,2024-11-05
Joy Lemon Spritz 75cl,£7.00,£7.00/75cl,£6.00 Clubcard Price,wine,2024-11-05
Fleurs de Prairie Luberon Rose 75cl,£9.00,£9.00/75cl,null,wine,2024-11-05
Gary Barlow Malbec 750ml,£8.00,£8.00/75cl,£6.50 Clubcard Price,wine,2024-11-05
Fuzzy Duck Buttery Chardonnay 75cl,£6.00,£6.00/75cl,null,wine,2024-11-05
Les Sarrins Cotes de Provence Rose 75cl,£15.00,£15.00/75cl,null,wine,2024-11-05
La Ligne Rose IGP Méditerranée 75cl,£5.49,£5.49/75cl,null,wine,2024-11-05
Mirabeau Pret-a-porter Organic Rose 250ml,£3.50,£10.50/75cl,Any 4 for 3 Clubcard Price - Cheapest Product Free - Selected Premix Cans,wine,2024-11-05
Jam Shed Shiraz Red Wine 187ml,£2.50,£2.50/each,Any 4 for 3 Clubcard Price - Cheapest Product Free - Selected Premix Cans,wine,2024-11-05
Cupiolo Italian Pinot Grigio Rose Wine 75cl,£11.00,£11.00/75cl,null,wine,2024-11-05
"Marieta, Albarino 75cl",£13.00,£13.00/75cl,null,wine,2024-11-05
Tesco Finest Cote de Gascogne Rose 75cl,£7.50,£7.50/75cl,Buy 3 or more Save 25% Clubcard Price - Save 25% On Selected Wines When You Buy 3 + Bottles,wine,2024-11-05
Mount Rozier Chenin Blanc 75cL,£6.50,£6.50/75cl,£5.25 Clubcard Price,wine,2024-11-05
Patient Cottat The Pebble Rosé de Loire 750ml,£11.00,£11.00/75cl,null,wine,2024-11-05
I heart Pinot Grigio Blush 75cl,£5.75,£5.75/75cl,null,wine,2024-11-05
Arc Du Soleil AOP Sable De Camargue Rosé 750ml,£10.00,£10.00/75cl,null,wine,2024-11-05
CODORNIU HERENCIA CAVA BRUT 75CL,£8.00,£8.00/75cl,null,wine,2024-11-05
Parad'isula Ile de Beaute Rose 75cl,£9.00,£9.00/75cl,£8.00 Clubcard Price,wine,2024-11-05
Mediterranean Cave Des Roches France Rose 75cl,£6.50,£6.50/75cl,null,wine,2024-11-05
Wine Route Argentinian Malbec 2.25L,£14.50,£4.83/75cl,null,wine,2024-11-05
Tapabrava White Blend 750ml,£8.00,£8.00/75cl,null,wine,2024-11-05
Tesco Finest Malbec 75Cl,£8.50,£8.50/75cl,"TESCO FINEST* Meal Deal for £12 Clubcard Price - Buy 1 Main, 1 Side 1 Dessert, & 1 Drink",wine,2024-11-05
Château Roquefeuille Côtes de Provence St Victoire 75cl,£14.00,£14.00/75cl,null,wine,2024-11-05
Pinot Pinot Pinot Grigio Spritzer 200ml,£2.25,£8.44/75cl,Any 4 for 3 Clubcard Price - Cheapest Product Free - Selected Premix Cans,wine,2024-11-05
19 Crimes Rose 187ml,£2.50,£10.03/75cl,Any 4 for 3 Clubcard Price - Cheapest Product Free - Selected Premix Cans,wine,2024-11-05
19 Crimes Chardonnay 187ml,£2.50,£10.03/75cl,Any 4 for 3 Clubcard Price - Cheapest Product Free - Selected Premix Cans,wine,2024-11-05
The Uncommon Rosé Wine Spritzer 250ml,£3.95,£11.85/75cl,Any 4 for 3 Clubcard Price - Cheapest Product Free - Selected Premix Cans,wine,2024-11-05
The Uncommon White Wine Spritzer 250ml,£3.95,£11.85/75cl,Any 4 for 3 Clubcard Price - Cheapest Product Free - Selected Premix Cans,wine,2024-11-05
