Name,Price,Price per Unit,Nectar price,Category,Subcategory,Date
Sainsbury's Fairtrade Bananas Loose,90p / kg,90p / kg,null,fresh_food,fruits,2024-11-19
Sainsbury's Fairtrade Bananas x5,78p,16p / ea,null,fresh_food,fruits,2024-11-19
Sainsbury's Red Seedless Grapes 500g,£2.00,£4.00 / kg,null,fresh_food,fruits,2024-11-19
"Sainsbury's Easy Peelers, Taste the Difference 600g",£2.00,£3.33 / kg,null,fresh_food,fruits,2024-11-19
Sainsbury's Blueberries 150g,£2.00,£13.33 / kg,null,fresh_food,fruits,2024-11-19
Sainsbury's Strawberries 250g,£2.50,£10.00 / kg,null,fresh_food,fruits,2024-11-19
Sainsbury's Fairtrade Bananas x8,£1.25,16p / ea,null,fresh_food,fruits,2024-11-19
Sainsbury's White Seedless Grapes 500g,£2.00,£4.00 / kg,null,fresh_food,fruits,2024-11-19
Sainsbury's Raspberries 150g,£1.90,£12.67 / kg,null,fresh_food,fruits,2024-11-19
Sainsbury's Blueberries 300g,£3.40,£11.33 / kg,£2.80,fresh_food,fruits,2024-11-19
Sainsbury’s Medium Ripe & Ready Avocados x2,£1.65,83p / ea,null,fresh_food,fruits,2024-11-19
Sainsbury's Lemons,30p,30p / ea,null,fresh_food,fruits,2024-11-19
Sainsbury's Satsumas 600g,£1.35,£2.25 / kg,null,fresh_food,fruits,2024-11-19
"Sainsbury's Small Bananas, Fairtrade x8",£1.00,13p / ea,null,fresh_food,fruits,2024-11-19
Sainsbury's Royal Gala Apples x6,£1.70,28p / ea,null,fresh_food,fruits,2024-11-19
Sainsbury's Braeburn Apples x6,£1.70,28p / ea,null,fresh_food,fruits,2024-11-19
Sainsbury's Pink Lady Apples x6,£2.80,47p / ea,null,fresh_food,fruits,2024-11-19
Sainsbury's Pink Lady Apples x4,£2.30,58p / ea,null,fresh_food,fruits,2024-11-19
Sainsbury's Red & White Seedless Grapes 500g,£2.00,£4.00 / kg,null,fresh_food,fruits,2024-11-19
Sainsbury's Lemons Unwaxed minimum 5,£1.50,30p / ea,null,fresh_food,fruits,2024-11-19
Sainsbury's Easy Peelers 600g,£1.35,£2.25 / kg,null,fresh_food,fruits,2024-11-19
Sainsbury's Conference Pears x4,£1.70,43p / ea,null,fresh_food,fruits,2024-11-19
Sainsbury's Limes,24p,24p / ea,null,fresh_food,fruits,2024-11-19
"Sainsbury's Fairtrade Bananas, SO Organic x6",£1.80,30p / ea,null,fresh_food,fruits,2024-11-19
Stamford Street Co. Mini Apples x6,£1.09,18p / ea,89p,fresh_food,fruits,2024-11-19
Sainsbury's Raspberries 250g,£2.90,£11.60 / kg,null,fresh_food,fruits,2024-11-19
"Sainsbury's Oranges, Taste the Difference x4",£2.25,56p / ea,null,fresh_food,fruits,2024-11-19
"Sainsbury's Conference Pears, Ripe & Ready x4",£2.30,58p / ea,£1.75,fresh_food,fruits,2024-11-19
Stamford Street Co. Unwaxed Lemons x5,86p,17p / ea,null,fresh_food,fruits,2024-11-19
Sainsbury's Granny Smith Apples x6,£1.70,28p / ea,null,fresh_food,fruits,2024-11-19
Sainsbury's Blueberries 500g,£4.50,£9.00 / kg,null,fresh_food,fruits,2024-11-19
Sainsbury's Limes x5,£1.19,24p / ea,null,fresh_food,fruits,2024-11-19
Sainsbury's Kiwi Fruit x6,£1.19,20p / ea,null,fresh_food,fruits,2024-11-19
Sainsbury's Honeydew Melon,£1.89,£1.89 / ea,null,fresh_food,fruits,2024-11-19
Sainsbury's Plum Punnet 400g,£1.19,£2.98 / kg,null,fresh_food,fruits,2024-11-19
Sainsbury's Crownless Pineapple,£1.00,£1.00 / ea,null,fresh_food,fruits,2024-11-19
Stamford Street Co. Easy Peelers,99p,£1.65 / kg,null,fresh_food,fruits,2024-11-19
Sainsbury's Red Grapefruit,55p,55p / ea,40p,fresh_food,fruits,2024-11-19
"Sainsbury's Royal Gala Apples, SO Organic x6",£2.30,38p / ea,£1.65,fresh_food,fruits,2024-11-19
By Sainsbury’s 4 Small Ripe & Ready Avocados,£2.70,68p / ea,null,fresh_food,fruits,2024-11-19
Sainsbury's Jazz Apples x6,£2.30,38p / ea,null,fresh_food,fruits,2024-11-19
Sainsbury's Conference Pear Single,45p,45p / ea,null,fresh_food,fruits,2024-11-19
Sainsbury's British Bramley Cooking Apples Loose,£2.20 / kg,£2.20 / kg,null,fresh_food,fruits,2024-11-19
"Sainsbury's Pears, Ripe & Ready x4",£2.30,58p / ea,null,fresh_food,fruits,2024-11-19
Sainsbury's Oranges x5,£1.50,30p / ea,null,fresh_food,fruits,2024-11-19
Sainsbury's Mixed Grapes 900g,£3.75,£4.17 / kg,null,fresh_food,fruits,2024-11-19
Sainsbury's Oranges Large x4,£2.00,50p / ea,£1.50,fresh_food,fruits,2024-11-19
Stamford Street Co. Seedless Grapes,£1.59,£3.18 / kg,null,fresh_food,fruits,2024-11-19
"Sainsbury's Blueberries, SO Organic 150g",£2.80,£18.67 / kg,null,fresh_food,fruits,2024-11-19
Sainsbury's Pomegranate 80g,£1.35,£16.88 / kg,null,fresh_food,fruits,2024-11-19
Sainsbury's Ripe & Ready Kiwi x4,£1.29,32p / ea,null,fresh_food,fruits,2024-11-19
Sainsbury's Cantaloupe Melon,£2.00,£2.00 / ea,null,fresh_food,fruits,2024-11-19
Sainsbury's Apples 1kg,£2.00,£2.00 / kg,null,fresh_food,fruits,2024-11-19
Sainsbury's Mango 120g,£1.35,£11.25 / kg,null,fresh_food,fruits,2024-11-19
"Sainsbury's Black Sable Seedless Grapes, Taste the Differenc...",£2.50,£6.25 / kg,null,fresh_food,fruits,2024-11-19
"Sainsbury's Gold Kiwi, Taste the Difference",£2.50,63p / ea,null,fresh_food,fruits,2024-11-19
Sainsbury's Nectarine Punnet (Min x4),£2.00,50p / ea,null,fresh_food,fruits,2024-11-19
Sainsbury's Baby Watermelon,£2.30,£2.30 / ea,null,fresh_food,fruits,2024-11-19
Sainsbury's Oranges,30p,30p / ea,null,fresh_food,fruits,2024-11-19
Stamford Street Co. Mini Pears 550g,99p,£1.80 / kg,null,fresh_food,fruits,2024-11-19
Sainsbury's Galia Melon,£2.00,£2.00 / ea,null,fresh_food,fruits,2024-11-19
Sainsbury's Mango Single,£1.20,£1.20 / ea,90p,fresh_food,fruits,2024-11-19
"Sainsbury's Lemons Unwaxed, SO Organic x3",£1.90,63p / ea,£1.40,fresh_food,fruits,2024-11-19
"Sainsbury's Raspberries, Taste the Difference 150g",£2.50,£16.67 / kg,null,fresh_food,fruits,2024-11-19
Sainsbury's Cox Apples,£1.70,28p / ea,null,fresh_food,fruits,2024-11-19
"Sainsbury's Medjool Dates, Taste the Difference 200g",£2.50,£12.50 / kg,null,fresh_food,fruits,2024-11-19
Sainsbury's Mango 250g,£2.35,£9.40 / kg,null,fresh_food,fruits,2024-11-19
Sainsbury's Braeburn Apple Single,35p,35p / ea,null,fresh_food,fruits,2024-11-19
Sainsbury's Golden Delicious Apples x6,£1.70,28p / ea,null,fresh_food,fruits,2024-11-19
Sainsbury's Figs 140g,£2.00,67p / ea,null,fresh_food,fruits,2024-11-19
Sainsbury's Pink Lady Apple Single,50p,50p / ea,null,fresh_food,fruits,2024-11-19
Sainsbury's Pineapple 160g,£1.35,£8.44 / kg,null,fresh_food,fruits,2024-11-19
Stamford Street Co. Oranges x5,99p,20p / ea,null,fresh_food,fruits,2024-11-19
Sainsbury's Large Pineapple,£1.60,£1.60 / ea,null,fresh_food,fruits,2024-11-19
"Sainsbury's Nectarines, Ripe & Ready x4",£3.00,75p / ea,null,fresh_food,fruits,2024-11-19
Sainsbury's Kanzi Apples x6,£1.70,28p / ea,null,fresh_food,fruits,2024-11-19
Sainsbury's Watermelon,£3.50,£3.50 / ea,£3.00,fresh_food,fruits,2024-11-19
Sainsbury's Pomegranate Single,£1.25,£1.25 / ea,null,fresh_food,fruits,2024-11-19
Sainsbury's Passion Fruit Loose,40p,40p / ea,null,fresh_food,fruits,2024-11-19
Sainsbury's Large Kiwi Fruit Single,30p,30p / ea,null,fresh_food,fruits,2024-11-19
Sainsbury's Easy Peeler (each),30p,30p / ea,null,fresh_food,fruits,2024-11-19
"Sainsbury's Medjool Dates, Taste the Difference 500g",£5.00,£10.00 / kg,null,fresh_food,fruits,2024-11-19
Sainsbury's Best Of British Apples x6,£1.70,28p / ea,£1.20,fresh_food,fruits,2024-11-19
Sainsbury's Pomegranate 250g,£2.60,£10.40 / kg,null,fresh_food,fruits,2024-11-19
Sainsbury's Family Plum Punnet 1kg,£2.00,£2.00 / kg,null,fresh_food,fruits,2024-11-19
"Sainsbury's Ripe & Ready Pears, So Organic",£2.50,63p / ea,null,fresh_food,fruits,2024-11-19
Sainsbury's Sharon Fruit,£1.50,50p / ea,null,fresh_food,fruits,2024-11-19
"Sainsbury's Blueberries, Taste the Difference",£2.50,£16.67 / kg,null,fresh_food,fruits,2024-11-19
Sainsbury's Peach Punnet (Min x4),£2.00,50p / ea,null,fresh_food,fruits,2024-11-19
Sainsbury's Giant Mango,£1.70,£1.70 / ea,null,fresh_food,fruits,2024-11-19
"Sainsbury's Braeburn Apples, SO Organic x6",£2.50,42p / ea,null,fresh_food,fruits,2024-11-19
"So Kiwi, Organic x4",£1.50,38p / ea,null,fresh_food,fruits,2024-11-19
"Sainsbury's Peaches, Ripe & Ready x4",£3.00,75p / ea,null,fresh_food,fruits,2024-11-19
Sainsbury's Blackberries 225g,£3.15,£14.00 / kg,null,fresh_food,fruits,2024-11-19
Sainsbury's Royal Gala Apple Single,35p,35p / ea,null,fresh_food,fruits,2024-11-19
Sainsbury's Mango 450g,£4.00,£8.89 / kg,null,fresh_food,fruits,2024-11-19
Sainsbury's Berry Fruit Salad 240g,£2.35,£9.79 / kg,null,fresh_food,fruits,2024-11-19
Sainsbury's Ripe Mangoes x2,£2.50,£1.25 / ea,null,fresh_food,fruits,2024-11-19
Sainsbury's Watermelon 160g,£1.35,£8.44 / kg,null,fresh_food,fruits,2024-11-19
Sainsbury's Cherries 250g,£3.75,£15.00 / kg,null,fresh_food,fruits,2024-11-19
SO Organic Easy Peelers min 500g,£1.60,£3.20 / kg,£1.30,fresh_food,fruits,2024-11-19
Sainsbury's Melon & Grape 160g,£1.35,£8.44 / kg,null,fresh_food,fruits,2024-11-19
Sainsbury’s Melon 500g,£3.20,£6.40 / kg,null,fresh_food,fruits,2024-11-19
Sainsbury’s Rocha & Packham Pears Min x5,£1.50,30p / ea,null,fresh_food,fruits,2024-11-19
Sainsbury's Granny Smith Apples Single,35p,35p / ea,null,fresh_food,fruits,2024-11-19
Sainsbury's Jazz Apples x4,£2.10,53p / ea,£1.75,fresh_food,fruits,2024-11-19
"Sainsbury's Piel De Sapo Melon, Taste the Difference",£2.30,£2.30 / ea,null,fresh_food,fruits,2024-11-19
"Sainsbury's Medjool Dates, SO Organic 200g",£2.50,£12.50 / kg,null,fresh_food,fruits,2024-11-19
"Sainsbury's Raspberries, SO Organic 150g",£2.80,£18.67 / kg,null,fresh_food,fruits,2024-11-19
Sainsbury’s Pineapple 500g,£3.20,£6.40 / kg,null,fresh_food,fruits,2024-11-19
Sainsbury's Deglet Nour Dates 200g,£2.50,£12.50 / kg,null,fresh_food,fruits,2024-11-19
"Sainsbury's Apple, Pineapple & Grape 160g",£1.35,£8.44 / kg,null,fresh_food,fruits,2024-11-19
Sainsbury's Pistachio Nuts 200g,£3.00,£15.00 / kg,null,fresh_food,fruits,2024-11-19
Sainsbury's Coconut 80g,£1.35,£16.88 / kg,null,fresh_food,fruits,2024-11-19
Sainsbury's Mango & Watermelon Fingers 270g,£2.60,£9.63 / kg,null,fresh_food,fruits,2024-11-19
Sainsbury's Melon & Pineapple Fingers 260g,£2.35,£9.04 / kg,null,fresh_food,fruits,2024-11-19
Sainsbury's Melon Medley 160g,£1.35,£8.44 / kg,null,fresh_food,fruits,2024-11-19
Sainsbury's Walnut Halves 225g,£3.00,£13.33 / kg,null,fresh_food,fruits,2024-11-19
Sainsbury's Brazil Nuts 250g,£3.00,£12.00 / kg,null,fresh_food,fruits,2024-11-19
Sainsbury's Cashew Nuts 200g,£3.00,£15.00 / kg,null,fresh_food,fruits,2024-11-19
"Sainsbury's Red Candy Grapes, Taste the Difference",£2.50,£6.25 / kg,null,fresh_food,fruits,2024-11-19
Sainsbury's Watermelon Fingers 540g,£4.00,£7.41 / kg,null,fresh_food,fruits,2024-11-19
Sainsbury's Physalis 100g,£1.00,£10.00 / kg,null,fresh_food,fruits,2024-11-19
"Sainsbury's Mango, Pineapple & Passion Fruit 250g",£2.60,£10.40 / kg,null,fresh_food,fruits,2024-11-19
Sainsbury's Grapes&Berries 115g,£1.50,£13.04 / kg,null,fresh_food,fruits,2024-11-19
Dole Tropical Gold Premium Pineapple Chunks In Juice 227g,£1.00,£4.41 / kg,null,fresh_food,fruits,2024-11-19
Sainsbury's Tangerines 600g,£1.50,£2.50 / kg,null,fresh_food,fruits,2024-11-19
Sainsbury's Fruit Platter 350g,£3.00,£8.57 / kg,null,fresh_food,fruits,2024-11-19
"Sainsbury's Pink Lady Apples, SO Organic x6",£3.50,58p / ea,null,fresh_food,fruits,2024-11-19
Sainsbury's Watermelon 300g,£2.35,£7.83 / kg,null,fresh_food,fruits,2024-11-19
Sainsbury's Monkey Nuts in Shell 500g,£2.50,£5.00 / kg,null,fresh_food,fruits,2024-11-19
"Sainsbury's Zamli Dates, Taste the Difference 200g",£2.50,£12.50 / kg,null,fresh_food,fruits,2024-11-19
"Sainsbury's Peanuts, Almonds & Cashew Nuts 600g",£3.00,£5.00 / kg,null,fresh_food,fruits,2024-11-19
Sainsbury's Chestnuts 400g,£2.50,£6.25 / kg,null,fresh_food,fruits,2024-11-19
Sainsbury's Pineapple 300g,£2.35,£7.83 / kg,null,fresh_food,fruits,2024-11-19
Dole Tropical Gold Premium Pineapple Slices In Juice 227g,£1.00,£4.41 / kg,null,fresh_food,fruits,2024-11-19
Sainsbury's Exotic Fruit Salad 240g,£2.35,£9.79 / kg,null,fresh_food,fruits,2024-11-19
"Sainsbury's Apple, Mango, Strawberry & Raspberry 220g",£2.35,£10.68 / kg,null,fresh_food,fruits,2024-11-19
Sainsbury's On the Go Watermelon 160g,£1.35,£8.44 / kg,null,fresh_food,fruits,2024-11-19
Sainsbury's Shell On Mixed Nuts 350g,£3.00,£8.57 / kg,null,fresh_food,fruits,2024-11-19
Sainsbury's Cox Apple Single,30p,30p / ea,null,fresh_food,fruits,2024-11-19
"Sainsbury's Melon, Plum, Grape & Pomegranate 220g",£2.50,£11.36 / kg,null,fresh_food,fruits,2024-11-19
Sainsbury's Pecan Nuts 170g,£3.00,£17.65 / kg,null,fresh_food,fruits,2024-11-19
Sainsbury's Cranberries 300g,£2.00,£6.67 / kg,null,fresh_food,fruits,2024-11-19
Sainsbury's Pineapple & Mango 160g,£1.35,£8.44 / kg,null,fresh_food,fruits,2024-11-19
"Sainsbury's Melon, Kiwi & Strawberry 220g",£2.35,£10.68 / kg,null,fresh_food,fruits,2024-11-19
Sainsbury's Melon Medley 300g,£2.35,£7.83 / kg,null,fresh_food,fruits,2024-11-19
Sainsbury's Melon & Grape 300g,£2.35,£7.83 / kg,null,fresh_food,fruits,2024-11-19
Sainsbury's On the Go Pineapple 160g,£1.35,£8.44 / kg,null,fresh_food,fruits,2024-11-19
Sainsbury's On the Go Melon Medley 160g,£1.35,£8.44 / kg,null,fresh_food,fruits,2024-11-19
Sainsbury's Shell On Walnuts 350g,£3.00,£8.57 / kg,null,fresh_food,fruits,2024-11-19
Sainsbury's Festive Fruit & Nut Mix with Caramelised Spiced ...,£4.00,£17.78 / kg,null,fresh_food,fruits,2024-11-19
Sainsbury's Brazil Nuts in Shell 325g,£3.00,£10.00 / kg,null,fresh_food,fruits,2024-11-19
Sainsbury's Coconut Single,£1.25,£1.25 / ea,null,fresh_food,fruits,2024-11-19
Sainsbury's Apple & Grape 130g,£1.35,£10.38 / kg,null,fresh_food,fruits,2024-11-19
"Sainsbury's Apples, SO Organic",£2.80,47p / ea,null,fresh_food,fruits,2024-11-19
Sainsbury's Rhubarb 400g,£3.85,£9.63 / kg,null,fresh_food,fruits,2024-11-19
Sainsbury's Shell On Pecan Nuts 300g,£3.00,£10.00 / kg,null,fresh_food,fruits,2024-11-19
"JS Apple, Banana, Strawberry, Grape 220g",£2.35,£10.68 / kg,null,fresh_food,fruits,2024-11-19
"Sainsbury's Cocoa & Orange Flavour Nut & Fruit Mix, Taste th...",£4.00,£17.78 / kg,null,fresh_food,fruits,2024-11-19
Sainsbury's Blush Pears x4,£2.30,58p / ea,null,fresh_food,fruits,2024-11-19
"Sainsbury's Easy Peeler Box, Taste the Difference 2.3kg",£5.00,£2.17 / kg,null,fresh_food,fruits,2024-11-19
Sainsbury's Redcurrants 150g,£3.85,£25.67 / kg,null,fresh_food,fruits,2024-11-19
Sainsbury's Whole Cucumber,89p,89p / ea,null,fresh_food,vegetables,2024-11-19
Sainsbury's Broccoli Loose,£2.19 / kg,£2.19 / kg,null,fresh_food,vegetables,2024-11-19
Sainsbury's Carrots 1kg,69p,69p / kg,null,fresh_food,vegetables,2024-11-19
Sainsbury's Tenderstem Broccoli 200g,£1.60,£8.00 / kg,null,fresh_food,vegetables,2024-11-19
Sainsbury's Red Pepper,59p,59p / ea,null,fresh_food,vegetables,2024-11-19
Sainsbury's Sweet Peppers (Colours may vary) x3,£1.79,60p / ea,null,fresh_food,vegetables,2024-11-19
Sainsbury's White Closed Cup Vitamin D Mushrooms 300g,89p,£2.97 / kg,null,fresh_food,vegetables,2024-11-19
Sainsbury's Spring Onions Bunch 100g,65p,65p / ea,null,fresh_food,vegetables,2024-11-19
Sainsbury's Maris Piper Potatoes 2kg,£1.90,95p / kg,null,fresh_food,vegetables,2024-11-19
Sainsbury's Brown Onions x3,£1.10,37p / ea,null,fresh_food,vegetables,2024-11-19
"Sainsbury's Vittoria Cherry Vine Tomatoes, Taste the Differe...",£2.25,£9.00 / kg,null,fresh_food,vegetables,2024-11-19
Sainsbury’s Carrots Loose,69p / kg,69p / kg,null,fresh_food,vegetables,2024-11-19
Sainsbury's Baking Potatoes x4,79p,20p / ea,null,fresh_food,vegetables,2024-11-19
Sainsbury's Onions Loose,99p / kg,99p / kg,null,fresh_food,vegetables,2024-11-19
Sainsbury's White Potatoes 2kg,£1.35,68p / kg,null,fresh_food,vegetables,2024-11-19
Sainsbury’s Medium Ripe & Ready Avocados x2,£1.65,83p / ea,null,fresh_food,vegetables,2024-11-19
Sainsbury's Cauliflower,£1.19,£1.19 / ea,null,fresh_food,vegetables,2024-11-19
Sainsbury's Chestnut Closed Cup Vitamin D Mushrooms 300g,£1.35,£4.50 / kg,£1.00,fresh_food,vegetables,2024-11-19
Sainsbury's Red Onions Loose,95p / kg,95p / kg,null,fresh_food,vegetables,2024-11-19
Sainsbury's Baby Leaf Spinach 100g,£1.20,£1.20 / 100g,£1.00,fresh_food,vegetables,2024-11-19
Sainsbury's Baby Potatoes 1kg,£1.20,£1.20 / kg,80p,fresh_food,vegetables,2024-11-19
Sainsbury's Classic Round Tomatoes x6,95p,16p / ea,null,fresh_food,vegetables,2024-11-19
"Sainsbury's Carrots, SO Organic 700g",£1.40,£2.00 / kg,null,fresh_food,vegetables,2024-11-19
Sainsbury's Celery,75p,75p / ea,null,fresh_food,vegetables,2024-11-19
"Sainsbury's Whole Cucumber, SO Organic",£1.20,£1.20 / ea,null,fresh_food,vegetables,2024-11-19
Sainsbury's Baby Plum Tomatoes 325g,99p,£3.05 / kg,null,fresh_food,vegetables,2024-11-19
Sainsbury's Leeks 500g,£1.40,£2.80 / kg,null,fresh_food,vegetables,2024-11-19
JS Red Onions x3,£1.00,33p / ea,null,fresh_food,vegetables,2024-11-19
Sainsbury's Courgettes Loose,£2.58 / kg,£2.58 / kg,null,fresh_food,vegetables,2024-11-19
"Sainsbury's Jubilee Large Vine Tomatoes, Taste the Differenc...",£2.00,£4.44 / kg,null,fresh_food,vegetables,2024-11-19
Sainsbury's Onions 1kg,£1.00,£1.00 / kg,85p,fresh_food,vegetables,2024-11-19
Sainsbury's Brussels Sprouts 500g,£1.00,£2.00 / kg,null,fresh_food,vegetables,2024-11-19
Sainsbury's Fine Green Beans 200g,£1.30,£6.50 / kg,£1.10,fresh_food,vegetables,2024-11-19
Sainsbury's Courgettes 500g,£1.40,£2.80 / kg,null,fresh_food,vegetables,2024-11-19
Sainsbury's Carrots 500g,55p,£1.10 / kg,null,fresh_food,vegetables,2024-11-19
Sainsbury's Baking Potatoes Loose,80p / kg,80p / kg,null,fresh_food,vegetables,2024-11-19
By Sainsbury’s Medium Ripe & Ready Avocado,75p,75p / ea,65p,fresh_food,vegetables,2024-11-19
"Sainsbury's Pomodorino Baby Plum Tomatoes, Taste the Differe...",£1.85,£7.40 / kg,£1.40,fresh_food,vegetables,2024-11-19
"Sainsbury's Majestic Vine Ripened Tomatoes, Taste the Differ...",£2.00,£6.67 / kg,null,fresh_food,vegetables,2024-11-19
Sainsbury's Garlic,24p,24p / ea,null,fresh_food,vegetables,2024-11-19
Sainsbury's Sweet Potatoes Loose,£1.19 / kg,£1.19 / kg,null,fresh_food,vegetables,2024-11-19
Sainsbury's Baking Potatoes 2kg,£1.70,85p / kg,£1.35,fresh_food,vegetables,2024-11-19
Sainsbury's Aubergine,95p,95p / ea,null,fresh_food,vegetables,2024-11-19
Sainsbury's Fresh Packed Bunch Coriander 30g,52p,17p / 10g,null,fresh_food,vegetables,2024-11-19
Sainsbury's Extra Fine Beans 200g,£1.55,£7.75 / kg,null,fresh_food,vegetables,2024-11-19
Sainsbury's Yellow Pepper,59p,59p / ea,null,fresh_food,vegetables,2024-11-19
Sainsbury's Young Spinach 260g,£1.35,£5.19 / kg,null,fresh_food,vegetables,2024-11-19
Sainsbury's Parsnips Loose,£1.50 / kg,£1.50 / kg,null,fresh_food,vegetables,2024-11-19
Sainsbury's British Swede,62p,62p / ea,null,fresh_food,vegetables,2024-11-19
"Sainsbury's Broccoli, SO Organic 300g",£1.15,£3.83 / kg,null,fresh_food,vegetables,2024-11-19
Sainsbury's Large Garlic,55p,55p / ea,null,fresh_food,vegetables,2024-11-19
Sainsbury's Large Vine Tomatoes 500g,£1.40,£2.80 / kg,null,fresh_food,vegetables,2024-11-19
Sainsbury's Sweetheart Cabbage,69p,69p / ea,null,fresh_food,vegetables,2024-11-19
Sainsbury's Cherry Tomatoes 300g,£1.00,£3.33 / kg,null,fresh_food,vegetables,2024-11-19
Sainsbury's Mini Potatoes 750g,£1.30,£1.73 / kg,null,fresh_food,vegetables,2024-11-19
Sainsbury's Small Whole Cucumber,60p,£3.33 / kg,null,fresh_food,vegetables,2024-11-19
"Sainsbury's Vivaldi Baking Potatoes, Taste the Difference x4...",£1.60,40p / ea,null,fresh_food,vegetables,2024-11-19
Sainsbury's Kale 200g,85p,£4.25 / kg,null,fresh_food,vegetables,2024-11-19
Sainsbury's Sweet Potato 1.25kg,£1.49,£1.19 / kg,null,fresh_food,vegetables,2024-11-19
Sainsbury's British Parsnips 500g,75p,£1.50 / kg,null,fresh_food,vegetables,2024-11-19
Sainsbury's Fresh Packed Basil 30g,52p,17p / 10g,null,fresh_food,vegetables,2024-11-19
Sainsbury's Green Pepper,59p,59p / ea,null,fresh_food,vegetables,2024-11-19
Sainsbury's Fresh Packed Flat Leaf Parsley 30g,59p,20p / 10g,null,fresh_food,vegetables,2024-11-19
Sainsbury's Sugar Snap Peas 200g,£1.20,£6.00 / kg,null,fresh_food,vegetables,2024-11-19
Sainsbury's Sweet Gem Lettuce x2,£1.00,50p / ea,80p,fresh_food,vegetables,2024-11-19
"Sainsbury's Baby Sweet Peppers, Taste the Difference 300g",£2.25,£7.50 / kg,null,fresh_food,vegetables,2024-11-19
Sainsbury's Butternut Squash Loose,£1.50 / kg,£1.50 / kg,null,fresh_food,vegetables,2024-11-19
Sainsbury's Large Whole Cucumber,99p,99p / ea,null,fresh_food,vegetables,2024-11-19
Sainsbury's White Large Flat Vitamin D Mushrooms 250g,£1.25,£5.00 / kg,£1.00,fresh_food,vegetables,2024-11-19
Sainsbury's Baby Leaf Spinach 200g,£1.35,£6.75 / kg,null,fresh_food,vegetables,2024-11-19
Sainsbury's Red Onions 1kg,£1.00,£1.00 / kg,null,fresh_food,vegetables,2024-11-19
"Sainsbury's Vittoria Cherry Vine Tomatoes, Taste the Differe...",£3.20,£8.00 / kg,null,fresh_food,vegetables,2024-11-19
Sainsbury's Cherry Tomatoes 500g,£1.35,£2.70 / kg,null,fresh_food,vegetables,2024-11-19
Stamford Street Co. Peppers 600g,£1.60,£2.67 / kg,null,fresh_food,vegetables,2024-11-19
Sainsbury's White Baby Button Vitamin D Mushrooms 200g,£1.15,£5.75 / kg,null,fresh_food,vegetables,2024-11-19
Sainsbury's Root Ginger Loose,£5.50 / kg,£5.50 / kg,null,fresh_food,vegetables,2024-11-19
Sainsbury's Mashed Potato 400g,79p,£1.98 / kg,null,fresh_food,vegetables,2024-11-19
Sainsbury's Leeks Loose,£2.78 / kg,£2.78 / kg,null,fresh_food,vegetables,2024-11-19
Sainsbury's Garlic x4,95p,24p / ea,null,fresh_food,vegetables,2024-11-19
Sainsbury's Sweetcorn Cobettes x4,£1.29,32p / ea,null,fresh_food,vegetables,2024-11-19
Sainsbury's British King Edward Potatoes 2kg,£1.70,85p / kg,null,fresh_food,vegetables,2024-11-19
Sainsbury's Asparagus Spears 250g,£1.99,£7.96 / kg,null,fresh_food,vegetables,2024-11-19
Albert Bartlett Rooster Potatoes 2kg,£2.25,£1.13 / kg,null,fresh_food,vegetables,2024-11-19
By Sainsbury’s 4 Small Ripe & Ready Avocados,£2.70,68p / ea,null,fresh_food,vegetables,2024-11-19
Sainsbury's Beetroot Vacuum Pack 250g,55p,22p / 100g,null,fresh_food,vegetables,2024-11-19
Sainsbury's Baby Cucumbers 200g,£1.00,£5.00 / kg,null,fresh_food,vegetables,2024-11-19
Sainsbury's Free Range Fresh Egg Noodles 410g,£1.40,£3.41 / kg,null,fresh_food,vegetables,2024-11-19
"Sainsbury's White Vivaldi Potatoes, Taste the Difference 2kg",£2.30,£1.15 / kg,null,fresh_food,vegetables,2024-11-19
Sainsbury's Traditionally Sliced Runner Beans 160g,£1.75,£10.94 / kg,£1.60,fresh_food,vegetables,2024-11-19
By Sainsbury’s Large Ripe & Ready Avocado,89p,89p / ea,null,fresh_food,vegetables,2024-11-19
Sainsbury's Babycorn 175g,£1.60,£9.14 / kg,null,fresh_food,vegetables,2024-11-19
Sainsbury's Red Chillies 65g,65p,£1.00 / 100g,null,fresh_food,vegetables,2024-11-19
Sainsbury's SO Organic Cherry on the Vine Tomatoes 200g,£1.95,£9.75 / kg,null,fresh_food,vegetables,2024-11-19
Sainsbury's Savoy Cabbage,75p,75p / ea,null,fresh_food,vegetables,2024-11-19
Sainsbury's Chantenay Carrots 400g,90p,£2.25 / kg,null,fresh_food,vegetables,2024-11-19
Sainsbury's White Cabbage Each,80p,80p / ea,null,fresh_food,vegetables,2024-11-19
Sainsbury's Fresh Packed Coriander 100g,£1.25,13p / 10g,null,fresh_food,vegetables,2024-11-19
Sainsbury's Echalion Shallots 400g,£1.50,£3.75 / kg,null,fresh_food,vegetables,2024-11-19
Sainsbury's Red Potatoes 2kg,£1.65,83p / kg,null,fresh_food,vegetables,2024-11-19
Sainsbury's Orange Pepper,59p,59p / ea,null,fresh_food,vegetables,2024-11-19
Sainsbury's Asparagus Tips 100g,£1.60,£16.00 / kg,null,fresh_food,vegetables,2024-11-19
Sainsbury's Baby Corn & Mange Tout 200g,£2.00,£10.00 / kg,null,fresh_food,vegetables,2024-11-19
Sainsbury's Pak Choi 250g,£1.40,£5.60 / kg,£1.20,fresh_food,vegetables,2024-11-19
Sainsbury's Fresh Packed Mint 30g,52p,17p / 10g,null,fresh_food,vegetables,2024-11-19
Sainsbury's Brussels Sprouts 200g,£1.60,£8.00 / kg,£1.30,fresh_food,vegetables,2024-11-19
Sainsbury's Carrot Batons 400g,£1.25,£3.13 / kg,£1.00,fresh_food,vegetables,2024-11-19
Sainsbury's Chestnut Super Mushrooms 300g,£1.60,£5.33 / kg,null,fresh_food,vegetables,2024-11-19
Sainsbury's Whole Green Beans 900g,£1.07,£1.19 / kg,null,fresh_food,vegetables,2024-11-19
Sainsbury's Broccoli & Cauliflower Florets 240g,£1.20,£5.00 / kg,null,fresh_food,vegetables,2024-11-19
SO Organic Medium Ripe & Ready Avocados x2,£2.60,£1.30 / ea,null,fresh_food,vegetables,2024-11-19
Sainsbury's Red Cabbage Each,80p,80p / ea,null,fresh_food,vegetables,2024-11-19
"Sainsbury's Cavolo Nero, Black Kale 200g",£1.35,£6.75 / kg,null,fresh_food,vegetables,2024-11-19
Sainsbury's Greens 500g,75p,£1.50 / kg,null,fresh_food,vegetables,2024-11-19
"Sainsbury's Mixed Peppers, SO Organic x3 (Colours may vary)",£2.30,77p / ea,£1.95,fresh_food,vegetables,2024-11-19
Stamford Street Co. Carrots 1kg,55p,55p / kg,null,fresh_food,vegetables,2024-11-19
Sainsbury's British Fresh Salad Cress 20g,40p,20p / 10g,null,fresh_food,vegetables,2024-11-19
"Sainsbury's White Potatoes, SO Organic 1.5kg",£1.80,£1.20 / kg,null,fresh_food,vegetables,2024-11-19
Sainsbury's Ginger 100g,£1.00,£1.00 / 100g,null,fresh_food,vegetables,2024-11-19
Sainsbury's British Charlotte Potatoes 1kg,£1.40,£1.40 / kg,null,fresh_food,vegetables,2024-11-19
"Sainsbury's Salad Potatoes, Taste the Difference 1kg",£1.85,£1.85 / kg,null,fresh_food,vegetables,2024-11-19
Sainsbury's Bunched Thyme 20g,52p,26p / 10g,null,fresh_food,vegetables,2024-11-19
"Sainsbury's Celery, SO Organic",£1.25,£1.25 / ea,null,fresh_food,vegetables,2024-11-19
Sainsbury's Beetroot In Vinegar 300g,85p,28p / 100g,null,fresh_food,vegetables,2024-11-19
Sainsbury's Chestnut Baby Button Vitamin D Mushrooms 200g,£1.45,£7.25 / kg,null,fresh_food,vegetables,2024-11-19
Sainsbury's Tomatoes Loose,£1.75 / kg,£1.75 / kg,null,fresh_food,vegetables,2024-11-19
Sainsbury's Beansprouts 300g,75p,£2.50 / kg,null,fresh_food,vegetables,2024-11-19
"Sainsbury's Salad Onions, Large 130g",£1.00,£1.00 / ea,null,fresh_food,vegetables,2024-11-19
Sainsbury's Sweetcorn x2,£1.29,65p / ea,null,fresh_food,vegetables,2024-11-19
Stamford Street Co. Green Beans 220g,85p,£3.86 / kg,null,fresh_food,vegetables,2024-11-19
"Sainsbury's Sundream Plum Vine Tomatoes, Taste the Differenc...",£2.20,£8.80 / kg,null,fresh_food,vegetables,2024-11-19
"Sainsbury's Young Spinach, SO Organic 200g",£1.90,£9.50 / kg,null,fresh_food,vegetables,2024-11-19
Sainsbury's Trimmed Mange Tout 200g,£1.35,£6.75 / kg,null,fresh_food,vegetables,2024-11-19
"Sainsbury's Red Sweet Pointed Pepper Each, Taste the Differe...",65p,65p / ea,null,fresh_food,vegetables,2024-11-19
Sainsbury's Ready Prepared Mini Carrots 240g,80p,£3.33 / kg,null,fresh_food,vegetables,2024-11-19
"Sainsbury's White Closed Cup Mushrooms, SO Organic 300g",£1.65,£5.50 / kg,null,fresh_food,vegetables,2024-11-19
Sainsbury's Bunched Dill 20g,60p,30p / 10g,null,fresh_food,vegetables,2024-11-19
Sainsbury's Baby Potatoes with Herbs & Butter 385g,99p,£2.57 / kg,null,fresh_food,vegetables,2024-11-19
Sainsbury's Dwarf Beans 300g,£1.16,£3.87 / kg,null,fresh_food,vegetables,2024-11-19
Sainsbury's Stringless Beans 225g,£1.75,£7.78 / kg,£1.40,fresh_food,vegetables,2024-11-19
Birds Eye Garden Peas 375g,£1.75,£4.67 / kg,null,fresh_food,vegetables,2024-11-19
Sainsbury's Sliced White Mushrooms 250g,£1.25,£5.00 / kg,null,fresh_food,vegetables,2024-11-19
Sainsbury's Fresh Packed Rosemary 20g,52p,26p / 10g,null,fresh_food,vegetables,2024-11-19
"Sainsbury's Butternut Squash Slices, Inspired to Cook 400g",£1.25,£3.13 / kg,£1.15,fresh_food,vegetables,2024-11-19
"Sainsbury's Casserole Vegetables, Inspired to Cook 700g",£1.50,£2.14 / kg,null,fresh_food,vegetables,2024-11-19
Sainsbury's Bunched Chives 20g,£1.00,£5.00 / 100g,null,fresh_food,vegetables,2024-11-19
Sainsbury’s Baby Ripen at Home Avocados x4,£1.50,38p / ea,null,fresh_food,vegetables,2024-11-19
Sainsbury's Broccoli Florets 160g,£1.50,£9.38 / kg,null,fresh_food,vegetables,2024-11-19
Sainsbury's Oriental Vegetable Stir Fry 300g,£1.60,£5.33 / kg,null,fresh_food,vegetables,2024-11-19
Sainsbury's Ready To Roast Mediterranean Style Vegetables 40...,£2.00,£5.00 / kg,£1.60,fresh_food,vegetables,2024-11-19
"Sainsbury's Carrot, Cauliflower & Broccoli 240g",£1.10,£4.58 / kg,null,fresh_food,vegetables,2024-11-19
"Sainsbury’s Potato, Carrot & Swede Mash 400g",£1.40,£3.50 / kg,null,fresh_food,vegetables,2024-11-19
"Sainsbury's Spring Onion Bunch, SO Organic 100g",£1.00,£1.00 / ea,null,fresh_food,vegetables,2024-11-19
"Sainsbury's Large Tomatoes, SO Organic 400g",£2.00,£5.00 / kg,null,fresh_food,vegetables,2024-11-19
Sainsbury's Mixed Chillies 80g,74p,93p / 100g,null,fresh_food,vegetables,2024-11-19
Sainsbury's Sweet & Crunchy Stir Fry 600g,£1.50,£2.50 / kg,null,fresh_food,vegetables,2024-11-19
Sainsbury's White Closed Cup Vitamin D Mushrooms 500g,£1.50,£3.00 / kg,null,fresh_food,vegetables,2024-11-19
"Sainsbury's Shiitake Mushrooms, Taste the Difference",£1.65,£13.75 / kg,null,fresh_food,vegetables,2024-11-19
Sainsbury's Crispy Potato Slices 350g,£1.90,£5.43 / kg,null,fresh_food,vegetables,2024-11-19
Sainsbury's Bunched Beetroot 500g,£2.00,£4.00 / kg,null,fresh_food,vegetables,2024-11-19
Sainsbury's Runner Beans 225g,£1.75,£7.78 / kg,null,fresh_food,vegetables,2024-11-19
"Sainsbury's British Sweet Spear Carrots, Taste the Differenc...",£1.80,£4.00 / kg,null,fresh_food,vegetables,2024-11-19
"Sainsbury's Sweet Pointed Peppers, SO Organic x2 (Colours Ma...",£1.80,90p / ea,null,fresh_food,vegetables,2024-11-19
Sainsbury's Brussels Loose Sprouts,£1.50 / kg,£1.50 / kg,null,fresh_food,vegetables,2024-11-19
"Sainsbury's Diced Butternut & Sweet Potato, Inspired to Cook...",£1.30,£4.33 / kg,£1.10,fresh_food,vegetables,2024-11-19
Sainsbury's Passion Fruit Loose,40p,40p / ea,null,fresh_food,vegetables,2024-11-19
Sainsbury's Fennel Loose,£5.00 / kg,£5.00 / kg,null,fresh_food,vegetables,2024-11-19
Sainsbury's Singapore Style Noodles 300g,£1.25,£4.17 / kg,null,fresh_food,vegetables,2024-11-19
"Sainsbury's Mixed Sweet Pointed Peppers, Taste the Differenc...",£1.60,80p / ea,null,fresh_food,vegetables,2024-11-19
Sainsbury's White Closed Cup Mushrooms Loose,£2.97 / kg,£2.97 / kg,null,fresh_food,vegetables,2024-11-19
Sainsbury's Mashed Potato Seasoned with Cracked Black Pepper...,£2.50,£6.25 / kg,null,fresh_food,vegetables,2024-11-19
Sainsburys Teriyaki Stir Fry Sauce 175g,£1.20,69p / 100g,null,fresh_food,vegetables,2024-11-19
Sainsbury's Mashed Potato 400g,£1.60,£4.00 / kg,null,fresh_food,vegetables,2024-11-19
"Sainsbury's Tenderstem Broccoli, SO Organic 200g",£2.50,£12.50 / kg,null,fresh_food,vegetables,2024-11-19
Sainsbury's Ready Prepared Spring Greens 200g,£1.25,£6.25 / kg,null,fresh_food,vegetables,2024-11-19
"Sainsbury's Sweet Potato, SO Organic 750g",£2.60,£3.47 / kg,null,fresh_food,vegetables,2024-11-19
"Sainsbury's Onions, SO Organic 750g",£1.60,£2.13 / kg,null,fresh_food,vegetables,2024-11-19
"Sainsbury's Diced Onions, Inspired to Cook 200g",50p,£2.50 / kg,null,fresh_food,vegetables,2024-11-19
Stamford Street Co. Cauliflower,75p,75p / ea,null,fresh_food,vegetables,2024-11-19
Sainsbury's Mushroom Stir Fry 320g,£1.50,£4.69 / kg,null,fresh_food,vegetables,2024-11-19
Sainsbury's Tenderstem Broccoli 330g,£2.35,£7.12 / kg,null,fresh_food,vegetables,2024-11-19
"Sainsbury’s Garlic, So Organic Min x3",£1.00,33p / ea,null,fresh_food,vegetables,2024-11-19
"Sainsbury's Beetroot Vacuum Pack, SO Organic 250g",£1.00,40p / 100g,null,fresh_food,vegetables,2024-11-19
"Sainsbury's Cabbage, SO Organic",£1.30,£1.30 / ea,null,fresh_food,vegetables,2024-11-19
"Sainsbury's Baby Vegetable Stir Fry, Taste the Difference 22...",£2.65,£12.05 / kg,null,fresh_food,vegetables,2024-11-19
Sainsbury's Chinese Leaf Lettuce,£1.35,£1.35 / ea,null,fresh_food,vegetables,2024-11-19
Sainsbury's Stir Fry Vegetables 500g,£2.50,£5.00 / kg,£2.00,fresh_food,vegetables,2024-11-19
"So Chestnut Mushrooms, Organic 300g",£2.70,£9.00 / kg,null,fresh_food,vegetables,2024-11-19
Sainsbury's Fresh Packed Flat Leaf Parsley 100g,£1.25,13p / 10g,null,fresh_food,vegetables,2024-11-19
Sainsbury's Bird Eye Chillies (Red or Green) 20g,65p,£3.25 / 100g,null,fresh_food,vegetables,2024-11-19
"Sainsbury's British Heritage Baby Parsnips, Taste the Differ...",£1.60,£6.96 / kg,£1.15,fresh_food,vegetables,2024-11-19
Sainsbury's Mixed Pepper Stir Fry 300g,£1.40,£4.67 / kg,null,fresh_food,vegetables,2024-11-19
"Sainsbury's Leeks, SO Organic 400g",£2.00,£5.00 / kg,null,fresh_food,vegetables,2024-11-19
Sainsbury's Fresh Curly Parsley 30g,52p,17p / 10g,null,fresh_food,vegetables,2024-11-19
Aunt Bessie's Honey Glazed Parsnips 500g,£3.35,£6.70 / kg,null,fresh_food,vegetables,2024-11-19
"Sainsbury's Cauliflower, SO Organic",£1.80,£1.80 / ea,null,fresh_food,vegetables,2024-11-19
Sainsbury's Purple Sprouting Broccoli Spears 200g,£1.85,£9.25 / kg,£1.65,fresh_food,vegetables,2024-11-19
"Sainsbury's Bunched Carrots, SO Organic 400g",£1.80,£4.50 / kg,null,fresh_food,vegetables,2024-11-19
"Sainsbury's Courgettes, SO Organic 300g",£2.40,£8.00 / kg,null,fresh_food,vegetables,2024-11-19
Sainsbury's Plum Tomatoes 500g,£1.60,£3.20 / kg,null,fresh_food,vegetables,2024-11-19
Sainsbury's Tender Green Medley 160g,£1.85,£11.56 / kg,null,fresh_food,vegetables,2024-11-19
Sainsbury's Potato Croquettes 220g,£2.00,£9.09 / kg,null,fresh_food,vegetables,2024-11-19
Sainsbury's Sweet Chilli Stir Fry Sauce 175g,£1.20,69p / 100g,null,fresh_food,vegetables,2024-11-19
Sainsbury's Mixed Vegetable Stir Fry 325g,£1.55,£4.77 / kg,null,fresh_food,vegetables,2024-11-19
"Sainsbury's Sliced Mushrooms, Inspired to Cook 500g",99p,£1.98 / kg,null,fresh_food,vegetables,2024-11-19
Sainsbury's Celeriac,£1.60,£1.60 / ea,null,fresh_food,vegetables,2024-11-19
Sainsbury’s Plum & Hoisin Stir Fry Sauce 175g,£1.20,69p / 100g,null,fresh_food,vegetables,2024-11-19
Sainsbury's Shelled Peas 160g,£1.50,£9.38 / kg,null,fresh_food,vegetables,2024-11-19
"Sainsbury’s Spinach, SO Organic 100g",£1.50,£1.50 / 100g,null,fresh_food,vegetables,2024-11-19
"Sainsbury's Cauliflower, Extra Large",£1.80,£1.80 / ea,null,fresh_food,vegetables,2024-11-19
Sainsbury's Finger Chillies 80g,95p,£1.19 / 100g,null,fresh_food,vegetables,2024-11-19
Sainsbury's Fresh Packed Sage 20g,60p,30p / 10g,null,fresh_food,vegetables,2024-11-19
"Sainsbury's Butternut Squash, SO Organic Loose",£2.00 / kg,£2.00 / kg,null,fresh_food,vegetables,2024-11-19
"Sainsbury's Purple Sprouting Broccoli, Mangetout & Extra Fin...",£2.15,£13.44 / kg,null,fresh_food,vegetables,2024-11-19
Sainsbury's Fine Beans & Tenderstem Broccoli 200g,£2.15,£10.75 / kg,null,fresh_food,vegetables,2024-11-19
"Sainsbury's Chunky Mediterranean Style Vegetables, Inspired ...",£2.50,£4.17 / kg,£2.25,fresh_food,vegetables,2024-11-19
Sainsbury's Shallots 400g,£1.40,£3.50 / kg,£1.15,fresh_food,vegetables,2024-11-19
Sainsbury's Portabello Vitamin D Mushrooms 150g,£1.10,£7.33 / kg,null,fresh_food,vegetables,2024-11-19
Sainsbury's Fresh Living Basil Pot,£1.50,£1.50 / ea,null,fresh_food,vegetables,2024-11-19
Sainsbury's Edamame Stir Fry 300g,£1.60,£5.33 / kg,null,fresh_food,vegetables,2024-11-19
"Sainsbury's Speciality Mushroom Mix, Taste the Difference",£2.35,£11.75 / kg,null,fresh_food,vegetables,2024-11-19
Sainsbury's Mashed Potato 800g,£2.25,£2.81 / kg,£2.00,fresh_food,vegetables,2024-11-19
Sainsbury's Green Chillies 65g,60p,92p / 100g,null,fresh_food,vegetables,2024-11-19
"Sainsbury's Broccoli, Baby Corn, Carrots & Sugar Snap Peas 2...",£1.85,£7.71 / kg,£1.60,fresh_food,vegetables,2024-11-19
Sainsbury's Fresh Packed Lemongrass Sticks x2,60p,30p / ea,null,fresh_food,vegetables,2024-11-19
"Sainsbury's Sliced Red Onions, Inspired to Cook 150g",65p,£4.33 / kg,null,fresh_food,vegetables,2024-11-19
"Sainsbury's Sweet Onions, Taste the Difference x3",£1.60,53p / ea,null,fresh_food,vegetables,2024-11-19
"Sainsbury's Baby Corn, SO Organic 125g",£1.50,£12.00 / kg,null,fresh_food,vegetables,2024-11-19
"Sainsbury's Padron Peppers, Taste the Difference",£1.50,£8.33 / kg,null,fresh_food,vegetables,2024-11-19
"Sainsbury's Red Onions, SO Organic 500g",£1.40,£2.80 / kg,null,fresh_food,vegetables,2024-11-19
"Sainsbury's Asparagus, So Organic 200g",£2.50,£12.50 / kg,null,fresh_food,vegetables,2024-11-19
"Sainsbury's Pomodorino On The Vine Tomatoes, Taste the Diffe...",£2.25,£9.00 / kg,null,fresh_food,vegetables,2024-11-19
"Sainsbury's Beans, Tenderstem & Baby Corn 240g",£2.50,£10.42 / kg,null,fresh_food,vegetables,2024-11-19
"Sainsbury's Cauliflower Cheese, Taste the Difference 400g",£3.00,£7.50 / kg,null,fresh_food,vegetables,2024-11-19
Sainsbury's White Turnips Loose,£2.15 / kg,£2.15 / kg,null,fresh_food,vegetables,2024-11-19
"Sainsbury's Rainbow Chantenay Carrots, Taste the Difference",£1.00,£2.50 / kg,80p,fresh_food,vegetables,2024-11-19
Sainsbury's Carrot & Swede Mash 400g,£1.60,£4.00 / kg,null,fresh_food,vegetables,2024-11-19
"Sainsbury's Anya Potatoes, Taste the Difference 750g",£1.60,£2.13 / kg,null,fresh_food,vegetables,2024-11-19
Sainsbury's Whole Leaf Kale 250g,£1.25,£5.00 / kg,null,fresh_food,vegetables,2024-11-19
Sainsbury's Green Vegetable Selection with Mint Butter 260g,£2.65,£10.19 / kg,null,fresh_food,vegetables,2024-11-19
Sainsbury's Cauliflower Cheese 400g,£2.25,£5.63 / kg,£2.00,fresh_food,vegetables,2024-11-19
Sainsbury's Vegetable Selection with Herb Butter 340g,£2.65,£7.79 / kg,null,fresh_food,vegetables,2024-11-19
"Sainsbury's Vibrant & Sweet Diced Swede & Carrots, Inspired ...",£1.30,£2.17 / kg,null,fresh_food,vegetables,2024-11-19
Sainsbury's Sliced Leeks 700g,£1.50,£2.14 / kg,null,fresh_food,vegetables,2024-11-19
Sainsbury's Fresh Living Coriander Pot,£1.50,£1.50 / ea,null,fresh_food,vegetables,2024-11-19
Sainsbury's Baby Courgettes 200g,£1.85,£9.25 / kg,null,fresh_food,vegetables,2024-11-19
Sainsbury's Red Cabbage with Apple and Redcurrant Jelly 300g,£2.25,£7.50 / kg,£2.00,fresh_food,vegetables,2024-11-19
Sainsbury's Chinese Sauce 175g,£1.20,69p / 100g,null,fresh_food,vegetables,2024-11-19
"Sainsbury's Bellaverde Broccoli, Taste the Difference 200g",£2.00,£10.00 / kg,null,fresh_food,vegetables,2024-11-19
"Sainsbury's Potato Dauphinoise, Taste the Difference 400g",£3.00,£7.50 / kg,null,fresh_food,vegetables,2024-11-19
"Sainsbury's Tenderstem Stir Fry, Taste the Difference 220g",£2.65,£12.05 / kg,null,fresh_food,vegetables,2024-11-19
Sainsbury's Baking Sweet Potatoes x2,£1.60,£2.91 / kg,null,fresh_food,vegetables,2024-11-19
"Sainsbury's Baby Salad Potatoes, SO Organic 750g",£1.40,£1.87 / kg,null,fresh_food,vegetables,2024-11-19
Sainsbury's Baby Brussels Sprouts,£1.60,£5.33 / kg,null,fresh_food,vegetables,2024-11-19
Taj Crushed Garlic 400g,£1.25,£3.13 / kg,null,fresh_food,vegetables,2024-11-19
Sainsbury's Rice Noodles 300g,£1.25,£4.17 / kg,null,fresh_food,vegetables,2024-11-19
"Sainsbury's Baby Leeks, Taste the Difference 175g",£2.00,£11.43 / kg,null,fresh_food,vegetables,2024-11-19
Sainsbury's Butternut Squash & Spinach Croquettes 225g,£2.25,£10.00 / kg,null,fresh_food,vegetables,2024-11-19
Sainsbury's Marinated Sundried Tomatoes 140g,£3.00,£2.14 / 100g,null,fresh_food,vegetables,2024-11-19
itsu Vegetable Fusion Gyoza Dinner Dumplings 270g,£4.25,£15.74 / kg,null,fresh_food,vegetables,2024-11-19
Sainsbury's White Chicory 250g,£1.50,£6.00 / kg,null,fresh_food,vegetables,2024-11-19
Sainsbury's Cheddar Mashed Potato 400g,£2.00,£5.00 / kg,£1.75,fresh_food,vegetables,2024-11-19
Sainsbury's Thai Basil 20g,90p,45p / 10g,null,fresh_food,vegetables,2024-11-19
Sainsbury's Hot & Spicy Stir Fry 300g,£1.70,£5.67 / kg,null,fresh_food,vegetables,2024-11-19
Sainsbury's Edamame Beans 175g,£1.75,£10.00 / kg,null,fresh_food,vegetables,2024-11-19
Sainsbury's Black Bean Sauce 175g,£1.20,69p / 100g,null,fresh_food,vegetables,2024-11-19
Sainsbury's Fresh Oregano 20g,60p,30p / 10g,null,fresh_food,vegetables,2024-11-19
"Sainsbury's Chunky Roast Potatoes, Taste the Difference 450g",£2.75,£6.11 / kg,null,fresh_food,vegetables,2024-11-19
Sainsbury's Brussels Sprouts 400g,£2.00,£5.00 / kg,null,fresh_food,vegetables,2024-11-19
Sainsbury's Fresh Living Curly Parsley Pot,£1.50,£1.50 / ea,null,fresh_food,vegetables,2024-11-19
Sainsbury's Okra 175g,£1.60,£9.14 / kg,null,fresh_food,vegetables,2024-11-19
Sainsbury's Red Chicory 140g,£1.40,£10.00 / kg,null,fresh_food,vegetables,2024-11-19
"Sainsbury's Asparagus, Sugar Snaps & Tenderstem Broccoli 200...",£2.30,£11.50 / kg,null,fresh_food,vegetables,2024-11-19
Sainsbury's Inspired to Cook Vegetable Soup Mix 600g,£1.50,£2.50 / kg,null,fresh_food,vegetables,2024-11-19
Sainsbury's Broccoli Cheese 400g,£2.25,£5.63 / kg,null,fresh_food,vegetables,2024-11-19
Sainsbury's Fresh Packed Tarragon 20g,60p,30p / 10g,null,fresh_food,vegetables,2024-11-19
"Sainsbury's Carrot, Cauliflower & Broccoli 480g",£2.15,£4.48 / kg,null,fresh_food,vegetables,2024-11-19
itsu Brilliant' Broth Chicken Ramen 500ml,£2.65,53p / 100ml,null,fresh_food,vegetables,2024-11-19
Sainsbury's Cheese Stuffed Peppers 320g,£2.00,£6.25 / kg,null,fresh_food,vegetables,2024-11-19
Sainsbury's Scotch Bonnet Chillies 60g,£1.00,£1.67 / 100g,null,fresh_food,vegetables,2024-11-19
Sainsbury's Fresh Packed Bay Leaves,70p,7p / ea,null,fresh_food,vegetables,2024-11-19
"Sainsbury's Rainbow Chard, Taste the Difference 200g",£1.60,£8.00 / kg,null,fresh_food,vegetables,2024-11-19
"Sainsbury's Parsnips, SO Organic",£1.90,£3.80 / kg,null,fresh_food,vegetables,2024-11-19
"Sainsbury's Biancoli Stir Fry with Garlic & Ginger, Taste th...",£2.65,£12.05 / kg,null,fresh_food,vegetables,2024-11-19
Sainsbury's Fresh Living Mint Pot,£1.50,£1.50 / ea,null,fresh_food,vegetables,2024-11-19
"Sainsbury's Sunsoaked Tomatoes with Oregano & Garlic, Taste ...",£3.50,£1.32 / 100g,null,fresh_food,vegetables,2024-11-19
Sainsbury's Choi Sum 200g,£1.60,£8.00 / kg,null,fresh_food,vegetables,2024-11-19
"Sainsbury's Roasting Herb Mix, Inspired to Cook 30g",75p,25p / 10g,null,fresh_food,vegetables,2024-11-19
Sainsbury's Mini Jacket Potatoes 345g,£2.00,£5.80 / kg,null,fresh_food,vegetables,2024-11-19
itsu Brilliant Broth Classic Ramen 500ml,£2.65,53p / 100ml,null,fresh_food,vegetables,2024-11-19
Sainsbury's Medium Cooking Pumpkin,£1.15,£1.15 / ea,null,fresh_food,vegetables,2024-11-19
Sainsbury's Extra Large Brown Onions x2,£1.10,55p / ea,null,fresh_food,vegetables,2024-11-19
Sainsbury's Sweet Potato Mash 400g,£1.75,£4.38 / kg,null,fresh_food,vegetables,2024-11-19
Sainsbury's Baby Aubergines 200g,£1.60,£8.00 / kg,null,fresh_food,vegetables,2024-11-19
Sainsbury's Cheese & Garlic Mushrooms 200g,£2.10,£10.50 / kg,null,fresh_food,vegetables,2024-11-19
Sainsbury's Fresh Living Thyme Pot,£1.50,£1.50 / ea,null,fresh_food,vegetables,2024-11-19
Sainsbury's Roast Potatoes 400g,£2.00,£5.00 / kg,null,fresh_food,vegetables,2024-11-19
Sainsbury's Creamed Green Cabbage 250g (Serves 2),£2.25,£9.00 / kg,null,fresh_food,vegetables,2024-11-19
Sainsbury's Fresh Living Flat Leaf Parsley Pot,£1.50,£1.50 / ea,null,fresh_food,vegetables,2024-11-19
Sainsbury's Fresh Living Chives Pot,£1.50,£1.50 / ea,null,fresh_food,vegetables,2024-11-19
"Sainsbury's British Sweet Crunchino Peppers, Taste the Diffe...",£1.80,£9.00 / kg,null,fresh_food,vegetables,2024-11-19
PACK'D Ripe & Chopped Avocado 300g (Serves 6),£3.50,£11.67 / kg,null,fresh_food,vegetables,2024-11-19
Sainsbury's Minted Tenderstem Broccoli & Asparagus 260g,£2.50,£9.62 / kg,null,fresh_food,vegetables,2024-11-19
Sainsbury's Peas & Sweetcorn Layered Vegetable 350g,£2.00,£5.71 / kg,null,fresh_food,vegetables,2024-11-19
Albert Bartlett British Belle Potatoes 1.5kg,£2.10,£1.40 / kg,null,fresh_food,vegetables,2024-11-19
Sainsbury's Rumbledethumps 400g,£2.25,£5.63 / kg,£2.00,fresh_food,vegetables,2024-11-19
Sainsbury's Sprout Tree,£2.00,£2.00 / ea,null,fresh_food,vegetables,2024-11-19
Sainsbury's Sweet Potato Fries 340g,£2.25,66p / 100g,null,fresh_food,vegetables,2024-11-19
Sainsbury's Fresh Living Rosemary,£1.50,£1.50 / ea,null,fresh_food,vegetables,2024-11-19
Cofresh Bhindi Chopped Okra 300g,£1.00,£3.33 / kg,null,fresh_food,vegetables,2024-11-19
Sainsbury's Fresh Packed Lime Leaves x4,£2.00,50p / ea,null,fresh_food,vegetables,2024-11-19
Taj Crushed Ginger 400g,£1.25,£3.13 / kg,null,fresh_food,vegetables,2024-11-19
Sainsbury's Curry Leaves 5g,£1.20,£2.40 / 10g,null,fresh_food,vegetables,2024-11-19
Sainsbury's Garlic Parmentier Potatoes 400g,£1.85,£4.63 / kg,null,fresh_food,vegetables,2024-11-19
Sainsbury's Tenderstem Broccoli Extra Fine Beans & Pak Choi ...,£2.15,£13.44 / kg,null,fresh_food,vegetables,2024-11-19
"Sainsbury's Whole Leaf Spinach, SO Organic 500g",£2.00,£4.00 / kg,£1.50,fresh_food,vegetables,2024-11-19
Sainsbury's Mixed Squash Single,£1.25,£1.25 / ea,null,fresh_food,vegetables,2024-11-19
Sainsbury's Purple Sprouting Broccoli Stir Fry with Coriande...,£2.65,£13.25 / kg,null,fresh_food,vegetables,2024-11-19
Sainsbury's British Baby Onions 750g,£1.50,£2.00 / kg,null,fresh_food,vegetables,2024-11-19
Albert Bartlett Rooster Organic Potatoes 1.5kg,£2.65,£1.77 / kg,null,fresh_food,vegetables,2024-11-19
Lee Kum Kee Honey & Soy Stir Fry Sauce 70g,85p,£1.21 / 100g,null,fresh_food,vegetables,2024-11-19
"Sainsbury's Edamame & Sugarsnap Vegetable Medley, Taste the ...",£2.85,£12.67 / kg,null,fresh_food,vegetables,2024-11-19
"Sainsbury's Parmesan & Herb Potatoes with Garlic & Rosemary,...",£2.85,£7.92 / kg,null,fresh_food,vegetables,2024-11-19
Sainsbury's Fresh Turmeric 100g,£1.50,£1.50 / 100g,null,fresh_food,vegetables,2024-11-19
Sainsbury's Chunky Maris Piper Roast Potatoes with a Crispy ...,£4.75,£5.94 / kg,null,fresh_food,vegetables,2024-11-19
Sainsbury's Samphire 90g,£1.60,£1.78 / 100g,null,fresh_food,vegetables,2024-11-19
Sainsbury's Munchkin Pumpkin,£1.15,£1.15 / ea,null,fresh_food,vegetables,2024-11-19
"Sainsbury's Asian Inspired Vegetable Medley, Taste the Diffe...",£3.00,£13.33 / kg,£2.50,fresh_food,vegetables,2024-11-19
Sainsbury's White Flesh Sweet Potato 750g,£2.20,£2.93 / kg,null,fresh_food,vegetables,2024-11-19
"Sainsbury's Large Smoked Garlic Bulb, Taste the Difference",85p,85p / ea,null,fresh_food,vegetables,2024-11-19
"Sainsbury's Bombay Masala Parmentier, Taste the Difference 3...",£3.00,86p / 100g,£2.50,fresh_food,vegetables,2024-11-19
Sainsbury's Rocket Chillies,£1.70,£6.80 / kg,null,fresh_food,vegetables,2024-11-19
Sainsbury's Potato Wedges 320g,£1.85,£5.78 / kg,null,fresh_food,vegetables,2024-11-19
Sainsbury's Baby Ghost Munchkin Pumpkin,£1.15,£1.15 / ea,null,fresh_food,vegetables,2024-11-19
Lee Kum Kee Kung Pao Chicken Stir Fry Sauce 60g,85p,£1.42 / 100g,null,fresh_food,vegetables,2024-11-19
Stamford Street Co. Onions,85p,85p / kg,null,fresh_food,vegetables,2024-11-19
Cofresh Bhindi Whole Baby Okra 300g,£1.00,£3.33 / kg,null,fresh_food,vegetables,2024-11-19
Sainsbury's Freeze Dried Raspberries 6g,£2.35,£235.00 / kg,null,fresh_food,vegetables,2024-11-19
Sainsbury's Baby Cauliflowers x2,£2.30,£1.15 / ea,null,fresh_food,vegetables,2024-11-19
Root Zero Sustainable Spuds 1.5kg,£1.90,£1.27 / kg,null,fresh_food,vegetables,2024-11-19
Sainsbury's Kalettes 200g,£1.50,£7.50 / kg,null,fresh_food,vegetables,2024-11-19
Cofresh Karela Chopped Bitter Gourd 300g,£1.00,£3.33 / kg,null,fresh_food,vegetables,2024-11-19
Sainsbury's Kohlrabi Single,£1.50,£3.75 / kg,null,fresh_food,vegetables,2024-11-19
The Original Black Garlic 1 Whole Bulb,£1.75,£1.75 / ea,null,fresh_food,vegetables,2024-11-19
"Sainsbury's Middle Eastern Inspired Herb Mix, Inspired to Co...",85p,21p / 10g,null,fresh_food,vegetables,2024-11-19
"Sainsbury's Thai Style Green Curry Herb Kit, Inspired to Coo...",£1.75,22p / 10g,null,fresh_food,vegetables,2024-11-19
"Sainsbury's Spicy Tomato, Lentil & Red Pepper Soup 600g (Ser...",£1.80,30p / 100g,null,fresh_food,fresh_food_vegan,2024-11-19
Alpro Almond Milk No Sugars Chilled Dairy Alternative 1L,£2.00,£2.00 / ltr,£1.50,fresh_food,fresh_food_vegan,2024-11-19
Jus-Rol Puff Pastry Ready Rolled Sheet 320g,£1.75,£5.47 / kg,£1.25,fresh_food,fresh_food_vegan,2024-11-19
Vitalite Dairy Free Spread 500g,£2.00,£4.00 / kg,null,fresh_food,fresh_food_vegan,2024-11-19
Oatly Oat Drink Semi Chilled 1L,£2.10,£2.10 / ltr,null,fresh_food,fresh_food_vegan,2024-11-19
Alpro Oat Milk No Sugars Chilled Dairy Alternative 1L,£2.00,£2.00 / ltr,£1.50,fresh_food,fresh_food_vegan,2024-11-19
Oatly Oat Drink Whole Chilled 1L,£2.10,£2.10 / ltr,null,fresh_food,fresh_food_vegan,2024-11-19
Flora Lighter Spread  Alternative To Butter 450g,£2.50,£5.56 / kg,null,fresh_food,fresh_food_vegan,2024-11-19
Sainsbury's Minestrone Soup 600g (Serves 2),£1.80,30p / 100g,null,fresh_food,fresh_food_vegan,2024-11-19
Sainsbury's Lentil Dahl Soup 600g (Serves 2),£1.80,30p / 100g,null,fresh_food,fresh_food_vegan,2024-11-19
Califia Farms Oat Drink Barista Blend 1L,£2.10,£2.10 / ltr,null,fresh_food,fresh_food_vegan,2024-11-19
Sainsbury's Tomato & Basil Soup 600g (Serves 2),£1.80,30p / 100g,null,fresh_food,fresh_food_vegan,2024-11-19
Alpro Plain No Sugars Soya Dairy Free Yoghurt Alternative 50...,£2.10,42p / 100g,£1.50,fresh_food,fresh_food_vegan,2024-11-19
"Sainsbury's Masala Spiced Cauliflower Soup, Taste the Differ...",£3.00,50p / 100g,null,fresh_food,fresh_food_vegan,2024-11-19
Alpro Soya Milk Chilled Dairy Alternative 1L,£2.00,£2.00 / ltr,£1.50,fresh_food,fresh_food_vegan,2024-11-19
ProActiv Buttery Taste Spread 450g,£4.50,£10.00 / kg,null,fresh_food,fresh_food_vegan,2024-11-19
The Coconut Collaborative Natural Yogurt Alternative 350g,£2.50,71p / 100g,null,fresh_food,fresh_food_vegan,2024-11-19
Flora Original Spread  Alternative To Butter 450g,£2.50,£5.56 / kg,null,fresh_food,fresh_food_vegan,2024-11-19
Alpro Soya Milk No Sugars Chilled Dairy Alternative 1L,£2.00,£2.00 / ltr,£1.50,fresh_food,fresh_food_vegan,2024-11-19
Alpro Blueberry & Cherry Soya Plant Based Yoghurt Alternativ...,£2.00,40p / 100g,null,fresh_food,fresh_food_vegan,2024-11-19
Sainsbury's Vegetable Spring Rolls x16 288g,£2.50,£8.68 / kg,null,fresh_food,fresh_food_vegan,2024-11-19
Sainsbury's Tomato & Basil Sauce 350g (Serves 2),£1.90,54p / 100g,null,fresh_food,fresh_food_vegan,2024-11-19
Plenish Organic Almond Dairy Alternative Long Life Drink 1L,£2.25,£2.25 / ltr,£2.00,fresh_food,fresh_food_vegan,2024-11-19
Oatly Oat Drink Barista Edition Chilled 1L,£2.20,£2.20 / ltr,£1.70,fresh_food,fresh_food_vegan,2024-11-19
Alpro Vanilla Soya Plant Based Yoghurt Alternative 500g,£2.10,42p / 100g,£1.50,fresh_food,fresh_food_vegan,2024-11-19
Arla Jord Chilled Oat Drink 1L,£1.90,£1.90 / ltr,null,fresh_food,fresh_food_vegan,2024-11-19
Holy Moly Guacamole: Original 150g,£2.20,£1.47 / 100g,null,fresh_food,fresh_food_vegan,2024-11-19
"Sainsbury's Extra Smooth Houmous, Taste the Difference 170g",£2.70,£1.59 / 100g,£2.00,fresh_food,fresh_food_vegan,2024-11-19
Sainsbury's Four Bean Salad 250g,£1.75,70p / 100g,null,fresh_food,fresh_food_vegan,2024-11-19
Blue Dragon Original Thai Sweet Chilli Sauce 315g,£2.70,86p / 100g,null,fresh_food,fresh_food_vegan,2024-11-19
Moorish Smoked Humous 150g,£1.95,£1.30 / 100g,null,fresh_food,fresh_food_vegan,2024-11-19
"Sainsbury's Pomodoro Sauce, Taste the Difference 350g (Serve...",£2.90,83p / 100g,null,fresh_food,fresh_food_vegan,2024-11-19
ProActiv Light Spread 450g,£4.50,£10.00 / kg,null,fresh_food,fresh_food_vegan,2024-11-19
Cauldron Vegetarian Moroccan Spiced Falafels 180g,£2.60,£14.44 / kg,null,fresh_food,fresh_food_vegan,2024-11-19
Violife Original Slices Vegan Cheese Alternative 175g,£2.50,£14.29 / kg,null,fresh_food,fresh_food_vegan,2024-11-19
Jus-Rol Filo Pastry Sheets x7 270g,£1.90,£7.04 / kg,null,fresh_food,fresh_food_vegan,2024-11-19
Sainsbury's Beetroot Salad 300g,£1.75,58p / 100g,null,fresh_food,fresh_food_vegan,2024-11-19
Alpro Plain Coconut Plant Based Soya Yoghurt Alternative 500...,£2.10,42p / 100g,£1.50,fresh_food,fresh_food_vegan,2024-11-19
Clearspring Organic Japanese Silken & Smooth Tofu 300g,£1.75,£5.83 / kg,null,fresh_food,fresh_food_vegan,2024-11-19
Holy Moly Smashed Avocado 150g,£2.20,£1.47 / 100g,£1.75,fresh_food,fresh_food_vegan,2024-11-19
Alpro Barista Oat Milk Chilled Dairy Alternative 750ml,£1.75,£2.33 / ltr,null,fresh_food,fresh_food_vegan,2024-11-19
Innocent Pure Orange Juice Smooth 1.75L,£4.60,26p / 100ml,null,fresh_food,fresh_food_vegan,2024-11-19
Violife Original Grated Vegan Cheese Alternative 175g,£2.50,£14.29 / kg,null,fresh_food,fresh_food_vegan,2024-11-19
Sainsbury's Trio of Spanish Olives 160g,£3.00,£1.88 / 100g,null,fresh_food,fresh_food_vegan,2024-11-19
Alpro Strawberry Gut Health Soya Plant Based Yoghurt Alterna...,£2.50,50p / 100g,null,fresh_food,fresh_food_vegan,2024-11-19
McCain Shake Shake Fries Sea Salt and Cracked Black Pepper 3...,£2.25,£7.50 / kg,null,fresh_food,fresh_food_vegan,2024-11-19
Alpro greek Style Strawberry & Raspberry Plant Based Yogurt ...,£1.20,80p / 100g,95p,fresh_food,fresh_food_vegan,2024-11-19
Country Life Spreadable Blend of Butter & Rapeseed Oil Sprea...,£5.70,£7.60 / kg,null,fresh_food,fresh_food_vegan,2024-11-19
Cathedral City Plant Based Mature Cheddar Cheese Flavour Veg...,£2.30,£15.33 / kg,null,fresh_food,fresh_food_vegan,2024-11-19
Alpro Plain Natural Soya Plant Based Yoghurt Alternative 500...,£2.10,42p / 100g,£1.50,fresh_food,fresh_food_vegan,2024-11-19
Nakd Berry Delight Fruit & Nut Bars 4x35g,£3.00,£2.14 / 100g,£2.20,fresh_food,fresh_food_vegan,2024-11-19
Flora Plant Butter Salted Block 200g,£1.65,£8.25 / kg,null,fresh_food,fresh_food_vegan,2024-11-19
Sainsbury's Arrabiata Sauce 350g (Serves 2),£1.90,54p / 100g,null,fresh_food,fresh_food_vegan,2024-11-19
Alpro Oat Milk Chilled Dairy Alternative 1L,£2.00,£2.00 / ltr,£1.50,fresh_food,fresh_food_vegan,2024-11-19
Mighty Ultimate Barista Oat Milk Alternative Long Life 1L,£1.90,£1.90 / ltr,null,fresh_food,fresh_food_vegan,2024-11-19
"Naturli Vegan Spread, Organic 450g",£3.90,£8.67 / kg,null,fresh_food,fresh_food_vegan,2024-11-19
Alpro Coconut Milk Chilled Dairy Alternative 1L,£2.00,£2.00 / ltr,null,fresh_food,fresh_food_vegan,2024-11-19
Alpro Coconut Milk Chilled Dairy Alternative 1L,£2.00,£2.00 / ltr,null,fresh_food,fresh_food_vegan,2024-11-19
Alpro Soya Light Milk Chilled Dairy Alternative 1L,£2.00,£2.00 / ltr,£1.50,fresh_food,fresh_food_vegan,2024-11-19
Sainsbury's Indian Bombay Potato Ready Meal Side For 2 300g,£2.50,£8.33 / kg,null,fresh_food,fresh_food_vegan,2024-11-19
Violife Epic Cheddar Cheese Alternative 200g,£2.75,£13.75 / kg,null,fresh_food,fresh_food_vegan,2024-11-19
innocent Revitalise Raspberry Cranberry & Apple Super Smooth...,£4.50,60p / 100ml,null,fresh_food,fresh_food_vegan,2024-11-19
innocent Pure Apple Juice 1.75L,£4.60,26p / 100ml,null,fresh_food,fresh_food_vegan,2024-11-19
Jus-Rol Shortcrust Pastry Sheets 320g,£1.75,£5.47 / kg,£1.25,fresh_food,fresh_food_vegan,2024-11-19
Alpro Strawberry Soya Plant Based Yoghurt Alternative 500g,£2.10,42p / 100g,£1.50,fresh_food,fresh_food_vegan,2024-11-19
Oatly Oatgurt Greek 400g,£2.60,65p / 100g,null,fresh_food,fresh_food_vegan,2024-11-19
Alpro Soya Chocolate Chilled Drink 1L,£2.00,£2.00 / ltr,£1.50,fresh_food,fresh_food_vegan,2024-11-19
Stamford Street Co. Soft Spread 500g,95p,£1.90 / kg,null,fresh_food,fresh_food_vegan,2024-11-19
Gosh! Mediterranean Falafel with Chickpeas & Hint of Basil 1...,£2.20,£12.87 / kg,£1.70,fresh_food,fresh_food_vegan,2024-11-19
Vivera Plant Shawarma Kebab 175g,£2.60,£14.86 / kg,null,fresh_food,fresh_food_vegan,2024-11-19
Stamford Street Co. Apple Pie 550g,£1.80,33p / 100g,null,fresh_food,fresh_food_vegan,2024-11-19
This Isn't Roast Plant Based Chicken & Stuffing 325g,£6.35,£19.54 / kg,null,fresh_food,fresh_food_vegan,2024-11-19
Linda McCartney Sausage Roll x6 342g,£3.00,£8.77 / kg,null,fresh_food,fresh_food_vegan,2024-11-19
Plenish Organic Oat Dairy Alternative Long Life Drink 1L,£2.25,£2.25 / ltr,£1.75,fresh_food,fresh_food_vegan,2024-11-19
Alpro Almond Milk Chilled Dairy Alternative 1L,£2.00,£2.00 / ltr,£1.50,fresh_food,fresh_food_vegan,2024-11-19
Flora Plant Butter Unsalted Block 200g,£1.65,£8.25 / kg,null,fresh_food,fresh_food_vegan,2024-11-19
Alpro Peach Gut Health Dairy Free Soya Yoghurt Alternative 4...,£2.50,50p / 100g,null,fresh_food,fresh_food_vegan,2024-11-19
Sainsbury's Tomato & Basil Pasta 470g,£3.00,64p / 100g,null,fresh_food,fresh_food_vegan,2024-11-19
Plant Pioneers Vegan Tikka Masala & Pilau Rice Ready Meal fo...,£3.50,£8.75 / kg,£3.00,fresh_food,fresh_food_vegan,2024-11-19
"Naturli Vegan Block, Organic 200g",£2.00,£10.00 / kg,null,fresh_food,fresh_food_vegan,2024-11-19
Holy Moly Minis Guacamole Original 3x57g,£2.70,£1.58 / 100g,null,fresh_food,fresh_food_vegan,2024-11-19
Flora Plant Butter Spreadable Butter Alternative 400g,£3.00,£7.50 / kg,null,fresh_food,fresh_food_vegan,2024-11-19
Oatly Oat Drink Light Chilled 1L,£2.10,£2.10 / ltr,null,fresh_food,fresh_food_vegan,2024-11-19
ProActiv Olive Oil Spread 450g,£4.50,£10.00 / kg,null,fresh_food,fresh_food_vegan,2024-11-19
Vadasz Garlic & Dill Sauerkraut 400g,£4.50,£1.13 / 100g,null,fresh_food,fresh_food_vegan,2024-11-19
Califia Farms Oat Drink Barista Blend 1L,£2.10,£2.10 / ltr,null,fresh_food,fresh_food_vegan,2024-11-19
BOL Garden Pea & Spinach Protein Power Soup,£3.25,54p / 100g,£2.25,fresh_food,fresh_food_vegan,2024-11-19
Plenish Organic Cashew Dairy Alternative Long Life Drink 1L,£2.25,£2.25 / ltr,£2.00,fresh_food,fresh_food_vegan,2024-11-19
Koko Dairy Free Unsweetened Drink 1L,£1.80,£1.80 / ltr,null,fresh_food,fresh_food_vegan,2024-11-19
SO Organic Super Firm Smoked Vegan Tofu 300g,£2.50,£8.33 / kg,null,fresh_food,fresh_food_vegan,2024-11-19
Richmond Vegan & Vegetarian Quarter Pounder Burgers x2 227g,£2.50,£11.01 / kg,null,fresh_food,fresh_food_vegan,2024-11-19
Alpro Barista Coconut Milk Chilled Dairy Alternative 750ml,£1.75,£2.33 / ltr,null,fresh_food,fresh_food_vegan,2024-11-19
Vivera Plant Greek Kebab 175g,£2.60,£14.86 / kg,null,fresh_food,fresh_food_vegan,2024-11-19
Flora Plant Butter Spreadable Alternative Paper Tub 215g,£1.95,£9.07 / kg,£1.25,fresh_food,fresh_food_vegan,2024-11-19
Higgidy Porcini Mushroom & Spinach Vegan Rolls 160g,£3.40,£21.25 / kg,£2.50,fresh_food,fresh_food_vegan,2024-11-19
Vadasz Super Beet Kimchi 400g,£4.50,£1.13 / 100g,null,fresh_food,fresh_food_vegan,2024-11-19
Pukka Vegan Sausage Roll 130g,£1.75,£13.46 / kg,£1.25,fresh_food,fresh_food_vegan,2024-11-19
Blue Dragon Pad Thai Noodles Stir Fry Kit 265g,£3.20,£1.21 / 100g,null,fresh_food,fresh_food_vegan,2024-11-19
Quorn Sweet Chilli Bites 180g,£2.60,£14.44 / kg,£2.00,fresh_food,fresh_food_vegan,2024-11-19
BOL Butternut Squash & Chilli Immunity Power Soup,£3.25,54p / 100g,£2.25,fresh_food,fresh_food_vegan,2024-11-19
BOL One Pot Meal Coconut Lentil Turmeric Daal 450g,£3.25,£7.22 / kg,null,fresh_food,fresh_food_vegan,2024-11-19
I Can't Believe It's Not Butter Original Spread 500g,£1.50,£3.00 / kg,null,fresh_food,fresh_food_vegan,2024-11-19
Sainsbury's Vegetable Gyoza x10 210g,£2.50,£11.90 / kg,null,fresh_food,fresh_food_vegan,2024-11-19
Sainsbury's Sliced Black Olives 100g,£1.60,£1.60 / 100g,null,fresh_food,fresh_food_vegan,2024-11-19
"Crosta & Mollica Verdure Sourdough Pizza Grilled Vegetables,...",£5.75,£12.21 / kg,null,fresh_food,fresh_food_vegan,2024-11-19
The Coconut Collab Natural Coconut 750g,£4.75,63p / 100g,£3.95,fresh_food,fresh_food_vegan,2024-11-19
Plant Pioneers Spinach Ravioli 250g,£2.50,£10.00 / kg,null,fresh_food,fresh_food_vegan,2024-11-19
Babybel Plant-Based Vegan Snacks 5x20g,£2.15,£21.50 / kg,£1.75,fresh_food,fresh_food_vegan,2024-11-19
Oatly Oatgurt Strawberry 400g,£2.40,60p / 100g,null,fresh_food,fresh_food_vegan,2024-11-19
Quorn Brilliant Bangers 270g,£2.85,£10.56 / kg,null,fresh_food,fresh_food_vegan,2024-11-19
Gü Plant Spanish Lemon Cheesecake Dessert 2x92g,£3.95,£2.15 / 100g,£2.95,fresh_food,fresh_food_vegan,2024-11-19
Blue Dragon Reduced Sugar Sweet Chilli Dipping Sauce 295g,£2.70,92p / 100g,null,fresh_food,fresh_food_vegan,2024-11-19
Arla Jord Chilled Hemp & Oat Drink 1L,£1.90,£1.90 / ltr,null,fresh_food,fresh_food_vegan,2024-11-19
Mighty High Protein Pea Milk Alternative Unsweetened 1L,£1.90,£1.90 / ltr,null,fresh_food,fresh_food_vegan,2024-11-19
Pukka Vegan No Steak Pie 216g,£2.00,£9.39 / kg,£1.50,fresh_food,fresh_food_vegan,2024-11-19
Holy Moly Guacamole Jalapeno & Red Pepper 150g,£2.20,£1.47 / 100g,null,fresh_food,fresh_food_vegan,2024-11-19
Linda McCartney's Vegetarian Chicken Roast 400g,£3.85,£9.63 / kg,null,fresh_food,fresh_food_vegan,2024-11-19
Squeaky Bean Applewood Smoked Ham Style Slices 80g,£2.50,£31.25 / kg,null,fresh_food,fresh_food_vegan,2024-11-19
"The Coconut Collaborative Yogurt Alternative, Madagascan Van...",£2.75,79p / 100g,£1.95,fresh_food,fresh_food_vegan,2024-11-19
Cathedral City Plant Based Extra Mature Cheddar Cheese Flavo...,£3.60,£12.86 / kg,null,fresh_food,fresh_food_vegan,2024-11-19
BOL One Pot Meal Spanish Butter Bean Stew 450g,£3.25,£7.22 / kg,null,fresh_food,fresh_food_vegan,2024-11-19
BOL Sweet Potato Lentil Daal Protein Power Soup,£3.25,54p / 100g,£2.25,fresh_food,fresh_food_vegan,2024-11-19
Gosh! Moroccan Spiced Falafel with Red Pepper & Apricot 171g,£2.20,£12.87 / kg,£1.70,fresh_food,fresh_food_vegan,2024-11-19
White Rabbit Gluten Free Garlicky Focaccine Pack 2x125g,£3.50,£12.96 / kg,£2.50,fresh_food,fresh_food_vegan,2024-11-19
Violife Cheddarton Extra Mature Vegan Cheese Alternative,£2.75,£13.75 / kg,null,fresh_food,fresh_food_vegan,2024-11-19
Cathedral City Plant Based Mature Cheddar Cheese Flavour Veg...,£3.60,£12.86 / kg,null,fresh_food,fresh_food_vegan,2024-11-19
Rude Health Coconut High Calcium Chilled Drink 1L,£2.30,£2.30 / ltr,£1.80,fresh_food,fresh_food_vegan,2024-11-19
BOL Red Pepper Tomato Protein Power Soup,£3.25,54p / 100g,£2.25,fresh_food,fresh_food_vegan,2024-11-19
Higgidy Slow Roasted Tomato Broccoli & Spinach Quiche 380g,£4.60,£12.11 / kg,£3.50,fresh_food,fresh_food_vegan,2024-11-19
White Rabbit The Smokin' Vegan Pizza 353g,£5.50,£15.58 / kg,£4.00,fresh_food,fresh_food_vegan,2024-11-19
Oatly Oat Drink Chocolate Deluxe Chilled 1L,£2.20,£2.20 / ltr,null,fresh_food,fresh_food_vegan,2024-11-19
Flora Plant Cream Double 250ml,£1.55,62p / 100ml,£1.15,fresh_food,fresh_food_vegan,2024-11-19
Clive's Nut Roast with Tasty Vegetables Seeds & Herbs 280g,£5.80,£20.71 / kg,null,fresh_food,fresh_food_vegan,2024-11-19
Plant Pioneer Vegan Jumbo Roll 145g,£1.40,£9.66 / kg,null,fresh_food,fresh_food_vegan,2024-11-19
Elmlea Brandy Flavoured Alternative to Dairy Cream 250ml,£1.65,66p / 100ml,£1.10,fresh_food,fresh_food_vegan,2024-11-19
Odysea Mixed Whole Olives with Red Pepper & Garlic 190g,£3.95,£2.08 / 100g,null,fresh_food,fresh_food_vegan,2024-11-19
The Coconut Collab Raspberry Yog 350g,£2.75,79p / 100g,£1.95,fresh_food,fresh_food_vegan,2024-11-19
Linda Mccartney's Vegetarian Meatballs 240g,£3.00,£12.50 / kg,null,fresh_food,fresh_food_vegan,2024-11-19
Boursin Garlic & Herbs Vegan Cheese Alternative Spread 130g,£3.00,£23.08 / kg,null,fresh_food,fresh_food_vegan,2024-11-19
Gü Plant Chocolate & Vanilla Cheesecake Dessert 2x82g,£3.95,£2.41 / 100g,£2.95,fresh_food,fresh_food_vegan,2024-11-19
Squeaky Bean Crispy Bacon Style Strips 50g,£2.75,£55.00 / kg,null,fresh_food,fresh_food_vegan,2024-11-19
This Isn't Chicken Thighs 220g,£3.95,£17.95 / kg,null,fresh_food,fresh_food_vegan,2024-11-19
Dole Apple & Cinnamon with Plant Based Cream Dessert 4x123g,£2.50,£5.08 / kg,£1.95,fresh_food,fresh_food_vegan,2024-11-19
Huel Chocolate Flavour Ready-to-Drink Complete Meal 500ml,£3.50,70p / 100ml,null,fresh_food,fresh_food_vegan,2024-11-19
Nush Dairy Free Almond Milk Yog Strawberry 350g,£3.00,86p / 100g,null,fresh_food,fresh_food_vegan,2024-11-19
Cathedral City Plant Based Mature Cheddar Cheese Flavour Veg...,£2.30,£15.33 / kg,null,fresh_food,fresh_food_vegan,2024-11-19
Sainsbury's Vegan Falafel & Houmous Wrap,£3.15,£3.15 / ea,null,fresh_food,fresh_food_vegan,2024-11-19
Tabasco Mild Green Hot Pepper Sauce 57ml,£2.50,£4.39 / 100ml,null,fresh_food,fresh_food_vegan,2024-11-19
The Turmeric Co. Raw Turmeric & Ginger Self Shot 420ml,£5.95,£1.42 / 100ml,null,fresh_food,fresh_food_vegan,2024-11-19
Sainsbury's Sweetened Soya Drink 1L,£1.25,£1.25 / ltr,null,fresh_food,fresh_food_vegan,2024-11-19
Juicy Marbles Thick Cut Filet 2x113g,£9.00,£39.82 / kg,£8.00,fresh_food,fresh_food_vegan,2024-11-19
The Tofoo Co. Original Seitan 225g,£2.50,£11.11 / kg,null,fresh_food,fresh_food_vegan,2024-11-19
The Vegetarian Butcher Vegan Chicken Fillet Hentastic Southe...,£3.50,£17.50 / kg,£2.00,fresh_food,fresh_food_vegan,2024-11-19
Squeaky Bean Snack Sausage Rolls 8x20g,£3.00,£18.75 / kg,null,fresh_food,fresh_food_vegan,2024-11-19
Pukka Vegan No Steak Slice 170g,£1.95,£11.47 / kg,£1.25,fresh_food,fresh_food_vegan,2024-11-19
Squeaky Bean Chargrilled Steak Style Strips 120g,£3.25,£27.08 / kg,£2.60,fresh_food,fresh_food_vegan,2024-11-19
Organic Oat Drink Chilled 1L,£2.20,£2.20 / ltr,null,fresh_food,fresh_food_vegan,2024-11-19
Arla Jord Oat Vanilla use as alternative to yoghurt 400g,£2.25,56p / 100g,£1.25,fresh_food,fresh_food_vegan,2024-11-19
Vivera Plant Salmon Fillet 200g,£3.50,£17.50 / kg,null,fresh_food,fresh_food_vegan,2024-11-19
Meatless Farm Ham & Mushroom Style Sourdough Pizza 400g,£5.00,£12.50 / kg,null,fresh_food,fresh_food_vegan,2024-11-19
This Isn't Chicken Plant Based Shawarma 170g,£3.50,£20.59 / kg,null,fresh_food,fresh_food_vegan,2024-11-19
Rude Health Almond High Calcium Chilled Drink 1L,£2.30,£2.30 / ltr,£1.80,fresh_food,fresh_food_vegan,2024-11-19
The Flower Farm Spread without Palm Oil with Shea 450g,£3.00,£6.67 / kg,£1.50,fresh_food,fresh_food_vegan,2024-11-19
The Vegetarian Butcher Battered Fish Fillet Alternative Cod ...,£3.50,£19.44 / kg,£2.00,fresh_food,fresh_food_vegan,2024-11-19
Meatless Farm Spicy Pepperoni Style Sourdough Pizza 410g,£5.00,£12.20 / kg,null,fresh_food,fresh_food_vegan,2024-11-19
Koko Dairy Free Super Drink 1L,£2.30,£2.30 / ltr,null,fresh_food,fresh_food_vegan,2024-11-19
Plant Pioneers Vegan Hoisin No Duck Wrap,£3.15,£3.15 / ea,null,fresh_food,fresh_food_vegan,2024-11-19
OGGS Whole Egg Alternative 330ml,£3.25,£9.85 / ltr,null,fresh_food,fresh_food_vegan,2024-11-19
Coconut Collaborative Mango & Passionfruit Yoghurt 360g,£2.75,76p / 100g,£1.95,fresh_food,fresh_food_vegan,2024-11-19
Higgidy Spinach & Red Pepper Mini Vegan Muffins x8 160g,£3.85,£24.06 / kg,£2.75,fresh_food,fresh_food_vegan,2024-11-19
Squeaky Bean Spanish Chorizo Style Slices 90g,£3.00,£33.33 / kg,null,fresh_food,fresh_food_vegan,2024-11-19
"Sainsbury's Middle Eastern Inspired Domat Olives, Taste the ...",£3.50,£2.19 / 100g,null,fresh_food,fresh_food_vegan,2024-11-19
Odysea Muhammara Dip 200g,£3.00,£1.50 / 100g,null,fresh_food,fresh_food_vegan,2024-11-19
Innocent Pineapples Bananas & Coconuts Smoothie 750ml,£3.50,47p / 100ml,£2.00,fresh_food,fresh_food_vegan,2024-11-19
La Vie Plant Based Ham Smoked 100g,£3.00,£30.00 / kg,null,fresh_food,fresh_food_vegan,2024-11-19
Higgidy Vegetable Samosa Rolls 160g,£3.30,£2.06 / 100g,£2.50,fresh_food,fresh_food_vegan,2024-11-19
Blue Dragon Thai Green Curry Meal Kit 253g,£3.10,£1.23 / 100g,null,fresh_food,fresh_food_vegan,2024-11-19
Naked Gold Machine Passionfruit Mango & Guava Super Smoothie...,£2.60,87p / 100ml,null,fresh_food,fresh_food_vegan,2024-11-19
Sainsbury's Plant Pioneers Tofu Burrito 400g,£3.50,£8.75 / kg,null,fresh_food,fresh_food_vegan,2024-11-19
Squeaky Bean Beechwood Smoked Salmon Style Slices 80g,£3.25,£40.63 / kg,£2.18,fresh_food,fresh_food_vegan,2024-11-19
Vivera Plant Mince 220g,£2.60,£11.82 / kg,null,fresh_food,fresh_food_vegan,2024-11-19
BOL Middle Eastern Harissa Stew One Pot Meal 450g,£3.25,£7.22 / kg,null,fresh_food,fresh_food_vegan,2024-11-19
White Rabbit Aubergine Parmigiana Gluten Free Ravioli 250g,£3.50,£14.00 / kg,null,fresh_food,fresh_food_vegan,2024-11-19
Squeaky Bean Ready To Eat Chicken Style Pieces Kick of Tikka...,£3.25,£25.00 / kg,£2.60,fresh_food,fresh_food_vegan,2024-11-19
Naked Gold Machine Super Smoothie Passionfruit Mango & Guava...,£4.00,53p / 100ml,£2.00,fresh_food,fresh_food_vegan,2024-11-19
YO! Vegan Selection 222g,£4.50,£2.03 / 100g,null,fresh_food,fresh_food_vegan,2024-11-19
Odysea Kalamata Pitted Olives with Chilli & Rosemary 170g,£3.95,£2.32 / 100g,null,fresh_food,fresh_food_vegan,2024-11-19
Beyond Burger Jalapeno Flavour Plant Based Patties 2x100g,£4.50,£22.50 / kg,£2.50,fresh_food,fresh_food_vegan,2024-11-19
The Turmeric Co. Raw Turmeric Vitamin C & D3 Self Shot 420ml,£5.95,£1.42 / 100ml,null,fresh_food,fresh_food_vegan,2024-11-19
Al'Fez Lebanese Middle Eastern Falafel Kit 150g,£1.90,£1.27 / 100g,null,fresh_food,fresh_food_vegan,2024-11-19
Blue Dragon Thai Red Curry Meal Kit 253g,£3.10,£1.23 / 100g,null,fresh_food,fresh_food_vegan,2024-11-19
McCain Shake Shake Deep Ridge Spicy Chipotle 300g,£2.50,£8.33 / kg,£1.50,fresh_food,fresh_food_vegan,2024-11-19
BOL Thai Massaman Curry One Pot Meal 450g,£3.25,£7.22 / kg,null,fresh_food,fresh_food_vegan,2024-11-19
Arla Jord Oat Strawberry use as alternative to Yoghurt 400g,£2.25,56p / 100g,£1.25,fresh_food,fresh_food_vegan,2024-11-19
Gü Plant Zillionaire Cheesecake Dessert 2x91.5g,£3.75,£2.05 / 100g,£2.95,fresh_food,fresh_food_vegan,2024-11-19
Cauldron Pumpkin & Caramelised Onion Veggie Bakes x4 200g,£2.75,£13.75 / kg,null,fresh_food,fresh_food_vegan,2024-11-19
Clive's Creamy Mushroom Puff Pie with Fresh Chestnut Mushroo...,£3.80,£16.17 / kg,null,fresh_food,fresh_food_vegan,2024-11-19
The Coconut Collab Strawberry Coconut Yog 4x90g,£2.95,82p / 100g,null,fresh_food,fresh_food_vegan,2024-11-19
VFC Lean Mean Chicken Sausages 270g,£3.00,£10.00 / kg,null,fresh_food,fresh_food_vegan,2024-11-19
BOL Creamy Thai Green Curry 345g,£3.40,£9.86 / kg,null,fresh_food,fresh_food_vegan,2024-11-19
Dole Peach & Vanilla with Plant Based Cream Dessert 4x123g,£2.50,£5.08 / kg,£1.95,fresh_food,fresh_food_vegan,2024-11-19
Happiee! Plant Based Breaded Shrimpiee 180g,£3.50,£19.44 / kg,£2.80,fresh_food,fresh_food_vegan,2024-11-19
Sainsbury's Clementine Juice 1L,£2.10,21p / 100ml,null,fresh_food,fresh_food_vegan,2024-11-19
Pollen + Grace Houmous + Rainbow Veg Shawarma,£4.00,£4.00 / ea,null,fresh_food,fresh_food_vegan,2024-11-19
Happiee! Plant Based Shrimpiee 180g,£3.50,£19.44 / kg,£2.80,fresh_food,fresh_food_vegan,2024-11-19
Plant Pioneers Southern Fried No Chicken Wrap,£3.15,£3.15 / ea,null,fresh_food,fresh_food_vegan,2024-11-19
Pollen + Grace Mezze Houmous Rainbow Veg Grain Bowl 275g,£4.25,£1.55 / 100g,null,fresh_food,fresh_food_vegan,2024-11-19
Califia Farms Cold Brew Caramel Oat Coffee 750ml,£2.95,39p / 100ml,£2.00,fresh_food,fresh_food_vegan,2024-11-19
Sainsbury's Plant Pioneers No Pigs Under Blankets,£3.25,£3.25 / ea,null,fresh_food,fresh_food_vegan,2024-11-19
"One Living Gut & Immune Ginger, Grapefruit & Lime Kombucha S...",£5.95,£1.98 / 100ml,null,fresh_food,fresh_food_vegan,2024-11-19
Pollen + Grace Mexican Chipotle Burrito,£4.00,£4.00 / ea,null,fresh_food,fresh_food_vegan,2024-11-19
Sainsbury's Falafels x4 80g,£1.30,£1.63 / 100g,null,fresh_food,fresh_food_vegan,2024-11-19
Clive's Cheesy Cauliflower Pie 235g,£3.80,£16.17 / kg,null,fresh_food,fresh_food_vegan,2024-11-19
Clive's Cheesy Broccoli Quiche 380g,£4.70,£12.37 / kg,null,fresh_food,fresh_food_vegan,2024-11-19
Califia Farms Pumpkin Spice Cold Brew Coffee with Almond 750...,£2.95,£3.93 / ltr,null,fresh_food,fresh_food_vegan,2024-11-19
Mockingbird Raw Press Vitalise Virgin Smoothie 750ml,£4.50,60p / 100ml,£3.00,fresh_food,fresh_food_vegan,2024-11-19
Just Love Food Company Birthday Celebration Nut Free Cake (S...,£9.00,£15.28 / kg,null,fresh_food,fresh_food_vegan,2024-11-19
innocent Revitalise Raspberry Cranberry & Apple Super Smooth...,£2.50,83p / 100ml,null,fresh_food,fresh_food_vegan,2024-11-19
Sainsbury's Plant Pioneers Selection Pack 4x100g,£5.75,£14.38 / kg,null,fresh_food,fresh_food_vegan,2024-11-19
Odysea Baked Gigantes Beans 210g,£3.95,£1.88 / 100g,null,fresh_food,fresh_food_vegan,2024-11-19
Cauldron Spinach & Carrot Veggie Bakes x4 200g,£2.75,£13.75 / kg,null,fresh_food,fresh_food_vegan,2024-11-19
Lurpak Slightly Salted Spreadable Blend of Butter & Rapeseed...,£4.00,£10.00 / kg,£3.00,fresh_food,fresh_food_vegetarian,2024-11-19
Anchor Spreadable Blend of Butter & Rapeseed Oil Spread 400g,£3.70,£9.25 / kg,null,fresh_food,fresh_food_vegetarian,2024-11-19
"Sainsbury's Coleslaw, Taste the Difference 300g",£1.85,62p / 100g,£1.50,fresh_food,fresh_food_vegetarian,2024-11-19
Philadelphia Original Soft Cream Cheese 280g,£3.25,£11.61 / kg,null,fresh_food,fresh_food_vegetarian,2024-11-19
Müller Corner Vanilla Yogurt With Chocolate Balls 124g,90p,73p / 100g,null,fresh_food,fresh_food_vegetarian,2024-11-19
Lurpak Slightly Salted Butter 200g,£2.25,£11.25 / kg,null,fresh_food,fresh_food_vegetarian,2024-11-19
Anchor Salted Butter 200g,£2.10,£10.50 / kg,null,fresh_food,fresh_food_vegetarian,2024-11-19
"Sainsbury's Coleslaw, Taste the Difference 600g",£3.00,50p / 100g,null,fresh_food,fresh_food_vegetarian,2024-11-19
Stamford Street Co. Cheese & Tomato Pizza 101g,49p,£4.85 / kg,null,fresh_food,fresh_food_vegetarian,2024-11-19
Sainsbury's Vintage Cheddar Macaroni Cheese Ready Meal For 1...,£4.25,£11.33 / kg,null,fresh_food,fresh_food_vegetarian,2024-11-19
Lurpak Lighter Spreadable Blend of Slightly Salted Butter & ...,£4.00,£10.00 / kg,£3.00,fresh_food,fresh_food_vegetarian,2024-11-19
Müller Corner Red Cherry Yogurt 136g,90p,66p / 100g,null,fresh_food,fresh_food_vegetarian,2024-11-19
Sainsbury's Poppadoms Plain 64g,£1.50,£2.34 / 100g,£1.00,fresh_food,fresh_food_vegetarian,2024-11-19
Muller Corner Banana Yogurt with Chocolate Flakes 124g,90p,73p / 100g,null,fresh_food,fresh_food_vegetarian,2024-11-19
Müller Corner Strawberry Yogurt 136g,90p,66p / 100g,null,fresh_food,fresh_food_vegetarian,2024-11-19
Muller Corner Vanilla Yogurt With Chocolate Digestive Biscui...,90p,73p / 100g,null,fresh_food,fresh_food_vegetarian,2024-11-19
Sainsbury's Egg Custard Tarts 4x81g,£1.50,46p / 100g,null,fresh_food,fresh_food_vegetarian,2024-11-19
"Sainsbury's Coleslaw, Taste the Difference 180g",£1.30,72p / 100g,null,fresh_food,fresh_food_vegetarian,2024-11-19
Dairylea Cheese Slices 8x20.5g,£1.45,£8.84 / kg,null,fresh_food,fresh_food_vegetarian,2024-11-19
Yeo Valley Organic Greek Style Natural Yogurt 450g,£2.15,48p / 100g,£1.50,fresh_food,fresh_food_vegetarian,2024-11-19
Muller Rice Original Low Fat Pudding Dessert 170g,90p,53p / 100g,null,fresh_food,fresh_food_vegetarian,2024-11-19
Sainsbury's Garlic & Coriander Naan x2 260g,69p,27p / 100g,null,fresh_food,fresh_food_vegetarian,2024-11-19
Müller Corner Vanilla Chocolate Balls & Banana Chocolate Fla...,£4.00,54p / 100g,£2.50,fresh_food,fresh_food_vegetarian,2024-11-19
Müller Rice Vanilla Custard Low Fat Pudding Dessert 170g,90p,53p / 100g,null,fresh_food,fresh_food_vegetarian,2024-11-19
Müller Light Red Fruits Fat Free Yogurts 6x140g,£4.00,48p / 100g,null,fresh_food,fresh_food_vegetarian,2024-11-19
Yakult Original 8x65ml,£3.75,72p / 100ml,null,fresh_food,fresh_food_vegetarian,2024-11-19
Muller Corner Peach & Apricot Yogurt 136g,90p,66p / 100g,null,fresh_food,fresh_food_vegetarian,2024-11-19
Anchor Lighter Spreadable Blend of Butter & Rapeseed Oil Spr...,£3.70,£9.25 / kg,null,fresh_food,fresh_food_vegetarian,2024-11-19
"Sainsbury's Mature Cheddar Coleslaw, Taste the Difference 30...",£2.25,75p / 100g,null,fresh_food,fresh_food_vegetarian,2024-11-19
Muller Light Fat Free Yogurts With Chocolate Sprinkles 6x140...,£4.00,48p / 100g,null,fresh_food,fresh_food_vegetarian,2024-11-19
Sainsbury's Plain Naan x 2 260g,69p,27p / 100g,null,fresh_food,fresh_food_vegetarian,2024-11-19
Müller Corner Strawberry & Peach & Apricot Yogurts 6x136g,£4.00,49p / 100g,£2.50,fresh_food,fresh_food_vegetarian,2024-11-19
Ramona's Original Houmous 500g,£3.50,70p / 100g,null,fresh_food,fresh_food_vegetarian,2024-11-19
Sainsbury's Crunchy Traditional Coleslaw 180g,90p,50p / 100g,null,fresh_food,fresh_food_vegetarian,2024-11-19
Dairylea Dunkers Jumbo Tubes Cheese Snack 3x41g,£2.25,£18.29 / kg,null,fresh_food,fresh_food_vegetarian,2024-11-19
Activia Fibre Walnut & Oat Breakfast Gut Health Yoghurt 4x11...,£2.75,60p / 100g,null,fresh_food,fresh_food_vegetarian,2024-11-19
Müller Rice Strawberry Low Fat Pudding Dessert 170g,90p,53p / 100g,null,fresh_food,fresh_food_vegetarian,2024-11-19
Sainsbury's Mashed Potato Seasoned with Cracked Black Pepper...,£2.50,£6.25 / kg,null,fresh_food,fresh_food_vegetarian,2024-11-19
Sainsbury's Vegetable Spring Rolls x16 288g,£2.50,£8.68 / kg,null,fresh_food,fresh_food_vegetarian,2024-11-19
Arla Raspberry Protein Yogurt 200g,£1.10,55p / 100g,null,fresh_food,fresh_food_vegetarian,2024-11-19
Lurpak Unsalted Butter 200g,£2.25,£11.25 / kg,null,fresh_food,fresh_food_vegetarian,2024-11-19
"Sainsbury's Cauliflower Cheese, Taste the Difference 400g",£3.00,£7.50 / kg,null,fresh_food,fresh_food_vegetarian,2024-11-19
Elmlea Single Alternative To Cream 270ml,£1.25,46p / 100ml,95p,fresh_food,fresh_food_vegetarian,2024-11-19
"Sainsbury's Basil Pesto, Taste the Difference 150g",£2.90,£1.93 / 100g,null,fresh_food,fresh_food_vegetarian,2024-11-19
Oykos Raspberry Luxury Greek Style Yogurt 4x110g,£2.00,45p / 100g,null,fresh_food,fresh_food_vegetarian,2024-11-19
Sainsbury's Mini Plain Naan x4 188g,£1.00,53p / 100g,null,fresh_food,fresh_food_vegetarian,2024-11-19
Yeo Valley Organic Greek Style Natural Yogurt 950g,£3.85,41p / 100g,null,fresh_food,fresh_food_vegetarian,2024-11-19
Crème Caramel Milk Desserts with Caramel Sauce 4x100g,£1.15,29p / 100g,null,fresh_food,fresh_food_vegetarian,2024-11-19
Philadelphia Light Low Fat Soft Cream Cheese 280g,£3.25,£11.61 / kg,null,fresh_food,fresh_food_vegetarian,2024-11-19
Müller Corner Mixed Red Fruits Yogurts 6x136g,£4.00,49p / 100g,£2.50,fresh_food,fresh_food_vegetarian,2024-11-19
"Sainsbury's Dauphinoise Potatoes with Garlic and Nutmeg, Ta...",£3.00,£7.50 / kg,null,fresh_food,fresh_food_vegetarian,2024-11-19
Arla Salted Caramel Protein Yogurt 200g,£1.10,55p / 100g,null,fresh_food,fresh_food_vegetarian,2024-11-19
Sainsbury's Garlic & Coriander Mini Naan x4 188g,£1.00,53p / 100g,null,fresh_food,fresh_food_vegetarian,2024-11-19
Yakult Balance 8x65ml,£3.75,72p / 100ml,null,fresh_food,fresh_food_vegetarian,2024-11-19
"Sainsbury's St Clement's Cheesecake Slices, Taste the Differ...",£3.50,£1.82 / 100g,null,fresh_food,fresh_food_vegetarian,2024-11-19
Sainbury's Macaroni Cheese Ready Meal For 1 400g,£3.30,£8.25 / kg,£2.50,fresh_food,fresh_food_vegetarian,2024-11-19
Blue Dragon Original Thai Sweet Chilli Sauce 315g,£2.70,86p / 100g,null,fresh_food,fresh_food_vegetarian,2024-11-19
Lurpak Unsalted Spreadable Blend of Butter & Rapeseed Oil 40...,£4.00,£10.00 / kg,£3.00,fresh_food,fresh_food_vegetarian,2024-11-19
Sainsbury's Belgian Chocolate Eclairs 4x34g,£2.25,£1.65 / 100g,null,fresh_food,fresh_food_vegetarian,2024-11-19
Pukka Pies Veggie Leek & Potato Pie 213g,£2.00,94p / 100g,null,fresh_food,fresh_food_vegetarian,2024-11-19
Sainsburys Mini Macaroni Cheese Ready Meal For 1 250g,£2.00,£8.00 / kg,null,fresh_food,fresh_food_vegetarian,2024-11-19
Quorn Cocktail Sausages x14 140g,£2.00,£14.29 / kg,null,fresh_food,fresh_food_vegetarian,2024-11-19
Stamford Street Co. Cheese & Tomato Pizza 309g,£1.30,£4.33 / kg,null,fresh_food,fresh_food_vegetarian,2024-11-19
"Sainsbury's Chunky Triple Cook Chips, Taste the Difference 4...",£3.00,£7.50 / kg,null,fresh_food,fresh_food_vegetarian,2024-11-19
Port Salut French Creamy Cheese Slices 6x20g,£2.60,£21.67 / kg,null,fresh_food,fresh_food_vegetarian,2024-11-19
Cauldron Vegetarian Moroccan Spiced Falafels 180g,£2.60,£14.44 / kg,null,fresh_food,fresh_food_vegetarian,2024-11-19
Müller Light Fat Free Smooth Toffee Yogurt 160g,90p,56p / 100g,60p,fresh_food,fresh_food_vegetarian,2024-11-19
Sainsbury's Tomato & Mozzarella Pasta Bake Ready Meal For 1 ...,£3.30,£8.25 / kg,£2.50,fresh_food,fresh_food_vegetarian,2024-11-19
Quorn Picnic Eggs 140g,£2.05,£14.64 / kg,null,fresh_food,fresh_food_vegetarian,2024-11-19
Sainsbury's Garlic Slices with a Parsley Topping x8 235g,£2.25,96p / 100g,null,fresh_food,fresh_food_vegetarian,2024-11-19
Sainsbury's Takeaway Garlic & Herb Dip 90g,£1.60,£17.78 / kg,null,fresh_food,fresh_food_vegetarian,2024-11-19
Leerdammer Original Slices x8 160g,£2.35,£14.69 / kg,null,fresh_food,fresh_food_vegetarian,2024-11-19
Sainsbury's Buttermilk Pancakes x6 240g,£2.40,£1.00 / 100g,null,fresh_food,fresh_food_vegetarian,2024-11-19
Sainsbury's Rich Potato Salad 300g,£1.15,38p / 100g,null,fresh_food,fresh_food_vegetarian,2024-11-19
Ramona's Heavenly Jalapeno Houmous 500g,£3.50,70p / 100g,null,fresh_food,fresh_food_vegetarian,2024-11-19
Müller Light Greek Style Coconut With A Hint Of Vanilla Yogu...,£2.50,52p / 100g,£1.50,fresh_food,fresh_food_vegetarian,2024-11-19
"Sainsbury's Rhubarb & Custard Yogurt, Summer Edition Taste T...",95p,63p / 100g,80p,fresh_food,fresh_food_vegetarian,2024-11-19
"Sainsbury's Green Vegetable Selection, Taste the Difference ...",£3.00,£12.00 / kg,null,fresh_food,fresh_food_vegetarian,2024-11-19
Arla Strawberry Protein Yogurt Pouch 200g,£1.45,73p / 100g,null,fresh_food,fresh_food_vegetarian,2024-11-19
GetPro Blueberry High Protein Yoghurt 160g,90p,56p / 100g,null,fresh_food,fresh_food_vegetarian,2024-11-19
Sainsbury's Brandy Butter 200g,£2.50,£1.25 / 100g,null,fresh_food,fresh_food_vegetarian,2024-11-19
Anchor Unsalted Butter 200g,£2.10,£10.50 / kg,null,fresh_food,fresh_food_vegetarian,2024-11-19
Yeo Valley Organic Natural Kefir 500ml,£2.25,45p / 100ml,£1.75,fresh_food,fresh_food_vegetarian,2024-11-19
"Sainsbury's Chocolate Melting Puddings, Taste the Difference...",£3.50,£1.13 / 100g,null,fresh_food,fresh_food_vegetarian,2024-11-19
Sainsbury's Indian Vegetable Samosas x4 200g (Serves 2),£2.15,£10.75 / kg,null,fresh_food,fresh_food_vegetarian,2024-11-19
Sainsbury's Syrup Sponge Puddings 2x110g,£2.75,£1.25 / 100g,null,fresh_food,fresh_food_vegetarian,2024-11-19
"Sainsbury's Indian Aromatic Onion Bhaji, Taste the Differenc...",£2.25,£14.06 / kg,null,fresh_food,fresh_food_vegetarian,2024-11-19
"Sainsbury's British Cheeseboard Selection, Taste the Differe...",£3.50,£22.58 / kg,null,fresh_food,fresh_food_vegetarian,2024-11-19
"Sainsbury's Roasted Garlic Dip, Taste the Difference 170g",£2.50,£1.47 / 100g,null,fresh_food,fresh_food_vegetarian,2024-11-19
Sainsbury's Vegetable Selection with Herb Butter 340g,£2.65,£7.79 / kg,null,fresh_food,fresh_food_vegetarian,2024-11-19
"Sainsbury's Greek Feta, SO Organic 200g",£2.90,£14.50 / kg,null,fresh_food,fresh_food_vegetarian,2024-11-19
Müller Light Fat Free Cherry Yogurt 160g,90p,56p / 100g,60p,fresh_food,fresh_food_vegetarian,2024-11-19
Stamford Street Food Co. Cauliflower Cheese 350g,£1.25,£3.57 / kg,null,fresh_food,fresh_food_vegetarian,2024-11-19
Dairylea Light Low Fat Cheese Slices 8x20.5g,£1.45,£8.84 / kg,null,fresh_food,fresh_food_vegetarian,2024-11-19
Arla Mango Protein Yogurt Pouch 200g,£1.45,73p / 100g,null,fresh_food,fresh_food_vegetarian,2024-11-19
Dairylea Dunkers Ritz Cheese Snack 3x43g,£2.25,£17.44 / kg,null,fresh_food,fresh_food_vegetarian,2024-11-19
Muller Corner Toffee Yogurt with Chocolate Hoops 124g,90p,73p / 100g,null,fresh_food,fresh_food_vegetarian,2024-11-19
"Sainsbury's Skimmed British Milk, SO Organic 1.136L",£1.70,£1.50 / ltr,null,fresh_food,fresh_food_vegetarian,2024-11-19
Philadelphia Garlic & Herbs Soft Cream Cheese 280g,£3.25,£11.61 / kg,null,fresh_food,fresh_food_vegetarian,2024-11-19
Lindahls Pro+ Kvarg Banoffee Pie Protein Yogurt 150g,£1.40,93p / 100g,null,fresh_food,fresh_food_vegetarian,2024-11-19
Tabasco Original Red Pepper Hot Sauce 57ml,£2.50,£4.39 / 100ml,null,fresh_food,fresh_food_vegetarian,2024-11-19
Mighty Ultimate Barista Oat Milk Alternative Long Life 1L,£1.90,£1.90 / ltr,null,fresh_food,fresh_food_vegetarian,2024-11-19
"Sainsbury's Cauliflower Cheese, Taste the Difference 600g",£4.25,£7.08 / kg,null,fresh_food,fresh_food_vegetarian,2024-11-19
Quorn Picnic Eggs x12 240g,£2.60,£10.83 / kg,null,fresh_food,fresh_food_vegetarian,2024-11-19
Mini Babybel Mix Pack Cheese Snacks,£3.20,£17.78 / kg,null,fresh_food,fresh_food_vegetarian,2024-11-19
Lindahls Pro+ Kvarg Blueberry Muffin Protein Yogurt 150g,£1.40,93p / 100g,null,fresh_food,fresh_food_vegetarian,2024-11-19
Quorn Vegetarian Sausage Rolls x3 210g,£3.10,£14.76 / kg,null,fresh_food,fresh_food_vegetarian,2024-11-19
Müller Light Greek Style Sublime Strawberry Yogurt 4x115g,£2.50,54p / 100g,£1.50,fresh_food,fresh_food_vegetarian,2024-11-19
Sainsbury's Strawberry Jam & Cream Horns 98g,£2.00,£2.04 / 100g,null,fresh_food,fresh_food_vegetarian,2024-11-19
Sainsbury's Raspberry Trifle 135g,£1.85,£1.37 / 100g,null,fresh_food,fresh_food_vegetarian,2024-11-19
"Sainsbury's Aromatic Garlic & Coriander Naans, Taste Differe...",£2.00,£7.14 / kg,null,fresh_food,fresh_food_vegetarian,2024-11-19
Müller Light Fat Free Strawberry Yogurt 160g,90p,56p / 100g,60p,fresh_food,fresh_food_vegetarian,2024-11-19
"Sainsbury's Mashed Potato, Taste the Difference 400g",£2.50,£6.25 / kg,null,fresh_food,fresh_food_vegetarian,2024-11-19
Yeo Valley Organic Spreadable Blend of Butter & Rapeseed Oil...,£4.00,£10.00 / kg,£3.00,fresh_food,fresh_food_vegetarian,2024-11-19
Sainsbury's Indian Bombay Potato Ready Meal Side For 2 300g,£2.50,£8.33 / kg,null,fresh_food,fresh_food_vegetarian,2024-11-19
Sainsbury's Vegetable Lasagne Ready Meal For 1 400g,£3.30,£8.25 / kg,£2.50,fresh_food,fresh_food_vegetarian,2024-11-19
Sainsbury's Indian Aloo Saag Ready Meal Side For 2 300g,£2.50,£8.33 / kg,null,fresh_food,fresh_food_vegetarian,2024-11-19
New Covent Garden Soup Co. Creamy Tomato 560g,£2.00,36p / 100g,null,fresh_food,fresh_food_vegetarian,2024-11-19
Sainsbury's Bramley Apple Pie 550g,£3.65,66p / 100g,null,fresh_food,fresh_food_vegetarian,2024-11-19
Sainsbury's Garlic Mushroom Mascarpone & Truffle Wood Fired ...,£4.75,£11.18 / kg,null,fresh_food,fresh_food_vegetarian,2024-11-19
Sainsbury's Indian Vegetable Masala Ready Meal Side For 2 30...,£2.50,£8.33 / kg,null,fresh_food,fresh_food_vegetarian,2024-11-19
Islos Greek Feta Cheese 150g,£2.25,£15.00 / kg,null,fresh_food,fresh_food_vegetarian,2024-11-19
Stamford Street Co. Mature White Cheddar 400g,£2.49,£6.23 / kg,null,fresh_food,fresh_food_vegetarian,2024-11-19
"Sainsbury's Mediterranean Vegetable Pasta Ready Meal For 1, ...",£3.50,£9.21 / kg,null,fresh_food,fresh_food_vegetarian,2024-11-19
"Sainsbury's Green Vegetable Medley, Taste the Difference 250...",£3.00,£12.00 / kg,null,fresh_food,fresh_food_vegetarian,2024-11-19
Yeo Valley Organic Greek Style with Honey Yogurt 450g,£2.15,48p / 100g,null,fresh_food,fresh_food_vegetarian,2024-11-19
Sainsbury's Greek Feta Cubes In Brine 390g,£2.75,£15.71 / kg,null,fresh_food,fresh_food_vegetarian,2024-11-19
Sainsbury's Cheese & Garlic Slices x8 260g,£2.25,87p / 100g,null,fresh_food,fresh_food_vegetarian,2024-11-19
Sainsbury's Indian Vegetable Biryani with Basmati Rice Ready...,£3.30,£8.25 / kg,£2.50,fresh_food,fresh_food_vegetarian,2024-11-19
Sainsbury's Indian Plain Naan x2 260g,£1.50,£5.77 / kg,null,fresh_food,fresh_food_vegetarian,2024-11-19
Sainsbury's Chocolate Trifle 500g,£3.30,66p / 100g,null,fresh_food,fresh_food_vegetarian,2024-11-19
Sainsbury's Strawberry Jam & Cream Victoria Sponge 340g,£3.35,99p / 100g,null,fresh_food,fresh_food_vegetarian,2024-11-19
Activia Fibre Apple Cereals Breakfast Gut Health Yoghurt 4x1...,£2.75,60p / 100g,null,fresh_food,fresh_food_vegetarian,2024-11-19
Sainsbury's Indian Pilau Rice Ready Meal Side For 2 400g,£2.10,£5.25 / kg,null,fresh_food,fresh_food_vegetarian,2024-11-19
Activia Blueberry Acai Fusions Yogurt 4x120g,£2.75,57p / 100g,null,fresh_food,fresh_food_vegetarian,2024-11-19
Gosh! Mediterranean Falafel with Chickpeas & Hint of Basil 1...,£2.20,£12.87 / kg,£1.70,fresh_food,fresh_food_vegetarian,2024-11-19
Quorn Vegetarian Mozzarella & Pesto Escalope x2 240g,£3.15,£13.13 / kg,null,fresh_food,fresh_food_vegetarian,2024-11-19
Arla Skyr Coconut Icelandic Style Yogurt 450g,£1.85,41p / 100g,£1.25,fresh_food,fresh_food_vegetarian,2024-11-19
Muller Light Fat Free Vanilla Yogurt with Chocolate Sprinkle...,90p,56p / 100g,60p,fresh_food,fresh_food_vegetarian,2024-11-19
Dairylea Dunkers Breadsticks Cheese Snack 3x43g,£2.25,£17.44 / kg,null,fresh_food,fresh_food_vegetarian,2024-11-19
Sharwood's Mango Chutney 360g,£2.50,69p / 100g,null,fresh_food,fresh_food_vegetarian,2024-11-19
GetPro Vanilla High Protein Yoghurt 160g,90p,56p / 100g,null,fresh_food,fresh_food_vegetarian,2024-11-19
Yeo Valley Organic Kefir Mango & Passion Fruit 500ml,£2.25,45p / 100ml,£1.75,fresh_food,fresh_food_vegetarian,2024-11-19
Lurpak Softest Spreadable Blend of Slightly Salted Butter & ...,£4.00,£10.00 / kg,£3.00,fresh_food,fresh_food_vegetarian,2024-11-19
Lindahls Protein Pudding Chocolate 140g,£1.40,£1.00 / 100g,null,fresh_food,fresh_food_vegetarian,2024-11-19
Sainsbury's Indian Tadka Daal Ready Meal Side For 2 300g,£2.50,£8.33 / kg,null,fresh_food,fresh_food_vegetarian,2024-11-19
Sainsbury's Crunchy Cheese Coleslaw 300g,£1.30,43p / 100g,null,fresh_food,fresh_food_vegetarian,2024-11-19
"Sainsbury's Fresh Rigatoni, Taste the Difference 300g",£1.75,£5.83 / kg,null,fresh_food,fresh_food_vegetarian,2024-11-19
Sainsbury's Indian Snack Selection 288g (Serves 2),£2.75,£9.55 / kg,null,fresh_food,fresh_food_vegetarian,2024-11-19
This Isn't Roast Plant Based Chicken & Stuffing 325g,£6.35,£19.54 / kg,null,fresh_food,fresh_food_vegetarian,2024-11-19
Linda McCartney Sausage Roll x6 342g,£3.00,£8.77 / kg,null,fresh_food,fresh_food_vegetarian,2024-11-19
"Sainsbury's Aged Shropshire Red, Taste the Difference 200g",£3.40,£17.00 / kg,null,fresh_food,fresh_food_vegetarian,2024-11-19
Sainsbury's Lighter Mature British Cheese Slices x10 240g,£2.70,£11.25 / kg,null,fresh_food,fresh_food_vegetarian,2024-11-19
Little Dish Lasagnette Kid's Meal 1-5 yrs 200g,£2.85,£14.25 / kg,null,fresh_food,fresh_food_vegetarian,2024-11-19
"Sainsbury's Spinach & Ricotta Cannelloni Ready Meal For 1, T...",£4.25,£10.63 / kg,null,fresh_food,fresh_food_vegetarian,2024-11-19
Sainsbury's Creamy Coleslaw & Potato Salad 400g,£1.75,44p / 100g,null,fresh_food,fresh_food_vegetarian,2024-11-19
Sainsbury's Takeaway Mozzarella Sticks Sides 240g,£3.25,£13.54 / kg,null,fresh_food,fresh_food_vegetarian,2024-11-19
"Sainsbury's Cypriot Halloumi, Taste the Difference 250g",£4.00,£16.00 / kg,null,fresh_food,fresh_food_vegetarian,2024-11-19
"Sainsbury's Baking Camembert, Autumn Edition, Taste the Diff...",£4.50,£16.07 / kg,null,fresh_food,fresh_food_vegetarian,2024-11-19
Applewood Slices 160g,£2.55,£15.94 / kg,null,fresh_food,fresh_food_vegetarian,2024-11-19
Sainsbury's Chinese Egg Fried Rice Ready Meal Side For 2 400...,£2.10,£5.25 / kg,null,fresh_food,fresh_food_vegetarian,2024-11-19
Stamford Street Co. Crunchy Coleslaw 600g,£1.19,20p / 100g,null,fresh_food,fresh_food_vegetarian,2024-11-19
Pro Mlk Strawberry Protein Shake 330ml,£1.15,35p / 100ml,null,fresh_food,fresh_food_vegetarian,2024-11-19
Dairylea Cheese Spread 145g,£1.95,£13.45 / kg,£1.50,fresh_food,fresh_food_vegetarian,2024-11-19
Pro Mlk Chocolate Protein Shake 330ml,£1.15,35p / 100ml,null,fresh_food,fresh_food_vegetarian,2024-11-19
Plant Pioneers Vegan Tikka Masala & Pilau Rice Ready Meal fo...,£3.50,£8.75 / kg,£3.00,fresh_food,fresh_food_vegetarian,2024-11-19
Sainsbury's Indian Saag Paneer Ready Meal Side For 2 300g,£2.50,£8.33 / kg,null,fresh_food,fresh_food_vegetarian,2024-11-19
"Sainsbury's Quattro Cheese Bake, Autumn Edition, Taste the D...",£7.50,£25.00 / kg,null,fresh_food,fresh_food_vegetarian,2024-11-19
"Naturli Vegan Block, Organic 200g",£2.00,£10.00 / kg,null,fresh_food,fresh_food_vegetarian,2024-11-19
"Sainsbury's Greek Style Salad Cheese, Be Good to Yourself 20...",£1.80,£9.00 / kg,null,fresh_food,fresh_food_vegetarian,2024-11-19
Quorn Vegetarian Steak Style Pies 400g,£2.65,£6.63 / kg,£2.00,fresh_food,fresh_food_vegetarian,2024-11-19
Marmite Cheddar Cheese Bites 5x15g,£1.60,£21.33 / kg,null,fresh_food,fresh_food_vegetarian,2024-11-19
Graham's Quark Naturally Fat Free 250g,£1.00,£4.00 / kg,null,fresh_food,fresh_food_vegetarian,2024-11-19
Jus-Rol Cinnamon Swirls 320g,£2.60,£8.13 / kg,£1.75,fresh_food,fresh_food_vegetarian,2024-11-19
Quorn Garlic & Herb Bites 180g,£2.60,£14.44 / kg,£2.00,fresh_food,fresh_food_vegetarian,2024-11-19
The Laughing Cow Light Blue Cheese Spread Triangles x8 128g,£1.95,£15.23 / kg,null,fresh_food,fresh_food_vegetarian,2024-11-19
Rachel's Organic Greek Style Yogurt Rhubarb 450g,£2.65,59p / 100g,£1.75,fresh_food,fresh_food_vegetarian,2024-11-19
Vadasz Garlic & Dill Sauerkraut 400g,£4.50,£1.13 / 100g,null,fresh_food,fresh_food_vegetarian,2024-11-19
Patak's Lime Pickle 283g,£2.50,88p / 100g,null,fresh_food,fresh_food_vegetarian,2024-11-19
Gü Dark Chocolate Mousses with Ganache Desserts 2x70g,£2.75,£1.96 / 100g,null,fresh_food,fresh_food_vegetarian,2024-11-19
Sainsbury's New York Vanilla Cheesecake 500g,£4.45,89p / 100g,£4.00,fresh_food,fresh_food_vegetarian,2024-11-19
Renourish Restore Pea Leek & Watercress Soup 500g,£3.00,60p / 100g,null,fresh_food,fresh_food_vegetarian,2024-11-19
Somerset Valley Fruit Cocktail Trifle 600g,£2.00,33p / 100g,null,fresh_food,fresh_food_vegetarian,2024-11-19
"Sainsbury's Mushroom Pappardelle, Taste the Difference 400g",£4.25,£10.63 / kg,null,fresh_food,fresh_food_vegetarian,2024-11-19
BOL Garden Pea & Spinach Protein Power Soup,£3.25,54p / 100g,£2.25,fresh_food,fresh_food_vegetarian,2024-11-19
SO Organic Super Firm Smoked Vegan Tofu 300g,£2.50,£8.33 / kg,null,fresh_food,fresh_food_vegetarian,2024-11-19
Sainsbury's Three Cheese Pasta Bake Ready Meal For 2 750g,£4.25,£5.67 / kg,null,fresh_food,fresh_food_vegetarian,2024-11-19
Galbani Mozzarella Panini Slices x6 120g,£2.35,£19.58 / kg,null,fresh_food,fresh_food_vegetarian,2024-11-19
Sainsbury's Raspberry Turnovers 2x65g,£2.00,£1.54 / 100g,null,fresh_food,fresh_food_vegetarian,2024-11-19
Sainsbury's Rich Potato Salad 600g,£1.90,32p / 100g,null,fresh_food,fresh_food_vegetarian,2024-11-19
Müller Frijj Chocolate Flavour Milkshake 330ml,£1.50,45p / 100ml,£1.00,fresh_food,fresh_food_vegetarian,2024-11-19
Quorn Cocktail Sausages x24 240g,£2.60,£10.83 / kg,null,fresh_food,fresh_food_vegetarian,2024-11-19
Muller Light Choc Pot Chocolate Dessert 4x80g,£2.25,70p / 100g,null,fresh_food,fresh_food_vegetarian,2024-11-19
Crosta & Mollica Fiorentina Mushrooms Spinach Creamy Garlic ...,£5.75,£12.69 / kg,null,fresh_food,fresh_food_vegetarian,2024-11-19
Sainsbury's Garlic & Coriander Poppadoms 80g,£1.50,£1.88 / 100g,£1.00,fresh_food,fresh_food_vegetarian,2024-11-19
Davidstow Reserve Cornish Vintage Cheddar Cheese 250g,£4.40,£17.60 / kg,null,fresh_food,fresh_food_vegetarian,2024-11-19
Sainsbury's Lemon Meringue Pie 500g,£3.80,76p / 100g,null,fresh_food,fresh_food_vegetarian,2024-11-19
"Sainsbury's British Bramley Apple & Blackberry Crumbles, Be ...",£2.35,98p / 100g,null,fresh_food,fresh_food_vegetarian,2024-11-19
Stamford Street Co. Cheese Tortelloni 250g,£1.59,£6.36 / kg,null,fresh_food,fresh_food_vegetarian,2024-11-19
"Sainsbury's Hollandaise Sauce, Taste the Difference 200g",£2.00,£1.00 / 100g,£1.75,fresh_food,fresh_food_vegetarian,2024-11-19
Stamford Street Co. Grated Cheese 250g,£1.35,£5.40 / kg,null,fresh_food,fresh_food_vegetarian,2024-11-19
Higgidy Porcini Mushroom & Spinach Vegan Rolls 160g,£3.40,£21.25 / kg,£2.50,fresh_food,fresh_food_vegetarian,2024-11-19
Vadasz Super Beet Kimchi 400g,£4.50,£1.13 / 100g,null,fresh_food,fresh_food_vegetarian,2024-11-19
Pukka Vegan Sausage Roll 130g,£1.75,£13.46 / kg,£1.25,fresh_food,fresh_food_vegetarian,2024-11-19
"Sainsbury's Tiramisu, Be Good to Yourself 2x85g",£2.00,£1.11 / 100g,null,fresh_food,fresh_food_vegetarian,2024-11-19
Le Rustique Brie 200g,£2.60,£13.00 / kg,£2.20,fresh_food,fresh_food_vegetarian,2024-11-19
Blue Dragon Pad Thai Noodles Stir Fry Kit 265g,£3.20,£1.21 / 100g,null,fresh_food,fresh_food_vegetarian,2024-11-19
Quorn Sweet Chilli Bites 180g,£2.60,£14.44 / kg,£2.00,fresh_food,fresh_food_vegetarian,2024-11-19
BOL Butternut Squash & Chilli Immunity Power Soup,£3.25,54p / 100g,£2.25,fresh_food,fresh_food_vegetarian,2024-11-19
BOL One Pot Meal Coconut Lentil Turmeric Daal 450g,£3.25,£7.22 / kg,null,fresh_food,fresh_food_vegetarian,2024-11-19
Cully & Sully A Velvet Creamy Tomato & Basil Soup 400g,£2.30,58p / 100g,null,fresh_food,fresh_food_vegetarian,2024-11-19
Sainsbury's Vegetable Gyoza x10 210g,£2.50,£11.90 / kg,null,fresh_food,fresh_food_vegetarian,2024-11-19
Müller Light Fat Free Yogurt Limited Edition 160g,90p,56p / 100g,60p,fresh_food,fresh_food_vegetarian,2024-11-19
Sainsbury's Barrel Aged Feta 200g,£3.55,£17.75 / kg,£3.00,fresh_food,fresh_food_vegetarian,2024-11-19
Renourish Digest Roasted Carrot & Ginger Soup 500g,£3.00,60p / 100g,null,fresh_food,fresh_food_vegetarian,2024-11-19
Philadelphia Light Low Fat Soft Cream Cheese Snacks Pack x3 ...,£2.00,£15.87 / kg,£1.50,fresh_food,fresh_food_vegetarian,2024-11-19
Cathedral City Lighter Extra Mature Cheddar Cheese 350g,£3.75,£10.71 / kg,£3.00,fresh_food,fresh_food_vegetarian,2024-11-19
Mr Kipling Deliciously Good Bramley Apple Pies x6,£3.00,50p / ea,null,fresh_food,fresh_food_vegetarian,2024-11-19
"Crosta & Mollica Verdure Sourdough Pizza Grilled Vegetables,...",£5.75,£12.21 / kg,null,fresh_food,fresh_food_vegetarian,2024-11-19
Babybel Plant-Based Vegan Snacks 5x20g,£2.15,£21.50 / kg,£1.75,fresh_food,fresh_food_vegetarian,2024-11-19
Sainsbury's Indian Garlic & Coriander Naan 260g,£1.50,£5.77 / kg,null,fresh_food,fresh_food_vegetarian,2024-11-19
Gü Plant Spanish Lemon Cheesecake Dessert 2x92g,£3.95,£2.15 / 100g,£2.95,fresh_food,fresh_food_vegetarian,2024-11-19
Blue Dragon Reduced Sugar Sweet Chilli Dipping Sauce 295g,£2.70,92p / 100g,null,fresh_food,fresh_food_vegetarian,2024-11-19
Arla BOB Semi Skimmed Milk That Tastes Like Whole 2L,£2.55,£1.28 / ltr,null,fresh_food,fresh_food_vegetarian,2024-11-19
Sainsbury's Takeaway BBQ Dip 90g,£1.60,£17.78 / kg,null,fresh_food,fresh_food_vegetarian,2024-11-19
Yazoo Banana Milk Drink 400ml,£1.50,38p / 100ml,null,fresh_food,fresh_food_vegetarian,2024-11-19
Parlick Original Pure Sheep's Milk Cheese 150g,£3.50,£23.33 / kg,null,fresh_food,fresh_food_vegetarian,2024-11-19
Pro Mlk Coffee Protein Shake 330ml,£1.15,35p / 100ml,null,fresh_food,fresh_food_vegetarian,2024-11-19
"Sainsbury's Jam & Cream Scones, Summer Edition 2x60g",£2.00,£1.67 / 100g,null,fresh_food,fresh_food_vegetarian,2024-11-19
Activia Low Fat Yogurt Raspberry & Chia Seed Muesli 165g,£1.85,£1.12 / 100g,null,fresh_food,fresh_food_vegetarian,2024-11-19
Unearthed Spanish Potato Omelette 250g,£3.25,£1.30 / 100g,null,fresh_food,fresh_food_vegetarian,2024-11-19
Pukka Vegan No Steak Pie 216g,£2.00,£9.39 / kg,£1.50,fresh_food,fresh_food_vegetarian,2024-11-19
"Sainsbury's Fresh Pappardelle, Taste the Difference 300g",£1.75,£5.83 / kg,null,fresh_food,fresh_food_vegetarian,2024-11-19
Lindahls Protein Pudding Salted Caramel 140g,£1.40,£1.00 / 100g,null,fresh_food,fresh_food_vegetarian,2024-11-19
Linda McCartney's Vegetarian Chicken Roast 400g,£3.85,£9.63 / kg,null,fresh_food,fresh_food_vegetarian,2024-11-19
GetPro Strawberry High Protein Yoghurt Drink 300g,£2.00,67p / 100g,£1.50,fresh_food,fresh_food_vegetarian,2024-11-19
Lurpak Lighter Slightly Salted Butter 200g,£2.25,£11.25 / kg,null,fresh_food,fresh_food_vegetarian,2024-11-19
Blacksticks Blue Cheese 150g,£2.70,£18.00 / kg,null,fresh_food,fresh_food_vegetarian,2024-11-19
The Coconut Collab Gut Health Cultured Coconut Yog Plain 350...,£2.75,79p / 100g,null,fresh_food,fresh_food_vegetarian,2024-11-19
"Sainsbury's Oat & Apple Crumble, Taste the Difference 500g",£4.65,93p / 100g,£3.00,fresh_food,fresh_food_vegetarian,2024-11-19
Muller Plant Based Corner Vanilla & Chocolate Balls Yogurt 1...,£1.35,£1.08 / 100g,85p,fresh_food,fresh_food_vegetarian,2024-11-19
Sabra Mezze Baba Ganoush 200g,£2.50,£1.25 / 100g,null,fresh_food,fresh_food_vegetarian,2024-11-19
Unearthed Spanish Red Pepper Omelette 250g,£3.25,£1.30 / 100g,null,fresh_food,fresh_food_vegetarian,2024-11-19
Fage Fruits Strawberry Strained Yoghurt 380g,£2.50,66p / 100g,null,fresh_food,fresh_food_vegetarian,2024-11-19
Galbani Cucina Mozzarella 400g,£4.65,£11.63 / kg,null,fresh_food,fresh_food_vegetarian,2024-11-19
Yeo Valley Organic Greek Recipe Peach & Raspberry 150g,£1.35,90p / 100g,null,fresh_food,fresh_food_vegetarian,2024-11-19
Lindahls Pro+ Kvarg Raspberry & Vanilla Protein Yogurt Drink...,£1.50,60p / 100g,null,fresh_food,fresh_food_vegetarian,2024-11-19
"Sainsbury's Lemon Cheesecake, Summer Edition 500g",£4.45,89p / 100g,null,fresh_food,fresh_food_vegetarian,2024-11-19
Sainsbury's Green Veg & Mozzarella Risotto Balls x6 300g,£3.00,£10.00 / kg,null,fresh_food,fresh_food_vegetarian,2024-11-19
Muller Light Choc Pot Orange Chocolate Dessert 4x80g,£2.25,70p / 100g,null,fresh_food,fresh_food_vegetarian,2024-11-19
Renourish Immunity Kale Spinach & Turmeric Soup 500g,£3.00,60p / 100g,null,fresh_food,fresh_food_vegetarian,2024-11-19
White Rabbit Mozzarella Master Gluten Free Pizza 350g,£5.25,£14.58 / kg,null,fresh_food,fresh_food_vegetarian,2024-11-19
Fage Fruits Mango & Passion Fruit Strained Yoghurt 380g,£2.50,66p / 100g,null,fresh_food,fresh_food_vegetarian,2024-11-19
Yeo Valley Organic Greek Recipe Strawberry & Passion Fruit 1...,£1.35,90p / 100g,null,fresh_food,fresh_food_vegetarian,2024-11-19
Violife Greek White Block Vegan Alternative to Cheese 230g,£3.00,£13.04 / kg,null,fresh_food,fresh_food_vegetarian,2024-11-19
BOL One Pot Meal Spanish Butter Bean Stew 450g,£3.25,£7.22 / kg,null,fresh_food,fresh_food_vegetarian,2024-11-19
"Sainsbury's Meal for 1 Paneer Tikka Masala with Cumin Rice, ...",£3.30,£8.25 / kg,£2.50,fresh_food,fresh_food_vegetarian,2024-11-19
"Sainsbury's Parsley Sauce, Inspired to Cook 200g (Serves 2)",£1.60,80p / 100g,null,fresh_food,fresh_food_vegetarian,2024-11-19
Sainsbury's Cheddar & Onion 200g,£2.65,£13.25 / kg,£2.25,fresh_food,fresh_food_vegetarian,2024-11-19
Pots & Co Salted Caramel & Chocolate Ganache 82g,£1.90,£2.32 / 100g,null,fresh_food,fresh_food_vegetarian,2024-11-19
Cathedral City Red Leicester Cheese 300g,£3.75,£12.50 / kg,£3.00,fresh_food,fresh_food_vegetarian,2024-11-19
Cathedral City Naturally Smoked Cheddar Cheese 300g,£3.75,£12.50 / kg,£3.00,fresh_food,fresh_food_vegetarian,2024-11-19
BOL Sweet Potato Lentil Daal Protein Power Soup,£3.25,54p / 100g,£2.25,fresh_food,fresh_food_vegetarian,2024-11-19
White Rabbit Three Cheese Filled Gnocchi 350g,£3.00,£8.57 / kg,null,fresh_food,fresh_food_vegetarian,2024-11-19
Sainsbury's Lemon Tart 430g,£3.80,88p / 100g,null,fresh_food,fresh_food_vegetarian,2024-11-19
Sainsbury's Chinese Vegetable Chow Mein Ready Meal Side For ...,£2.75,£7.86 / kg,null,fresh_food,fresh_food_vegetarian,2024-11-19
Rude Health Coconut High Calcium Chilled Drink 1L,£2.30,£2.30 / ltr,£1.80,fresh_food,fresh_food_vegetarian,2024-11-19
Sainsbury's Chinese Crispy Seaweed Ready Meal Side For 2 50g,£1.50,£30.00 / kg,null,fresh_food,fresh_food_vegetarian,2024-11-19
Mr Kipling Deliciously Good Bramley Apple & Blackcurrant Pie...,£3.00,50p / ea,null,fresh_food,fresh_food_vegetarian,2024-11-19
Flora Buttery Spread Alternative To Butter 250g,£1.50,£6.00 / kg,£1.00,fresh_food,fresh_food_vegetarian,2024-11-19
Sharwood's Mango Spreadable Chutney 360g,£2.50,69p / 100g,null,fresh_food,fresh_food_vegetarian,2024-11-19
Crosta & Mollica Pinsa Roman Pizza Tomato & Mozzarella 154g,£3.50,£22.73 / kg,£3.00,fresh_food,fresh_food_vegetarian,2024-11-19
Sainsbury's Cream Rice Pudding 500g,£4.00,80p / 100g,null,fresh_food,fresh_food_vegetarian,2024-11-19
"Sainsbury's Red Leicester, SO Organic 270g",£2.75,£10.19 / kg,null,fresh_food,fresh_food_vegetarian,2024-11-19
Flora Plant Cream Double 250ml,£1.55,62p / 100ml,£1.15,fresh_food,fresh_food_vegetarian,2024-11-19
Müller Frijj Strawberry Flavour Milkshake 330ml,£1.50,45p / 100ml,£1.00,fresh_food,fresh_food_vegetarian,2024-11-19
"Wensleydale Creamery Cranberries & Orange, Limited Edition 2...",£3.50,£17.50 / kg,£2.30,fresh_food,fresh_food_vegetarian,2024-11-19
Elmlea Brandy Flavoured Alternative to Dairy Cream 250ml,£1.65,66p / 100ml,£1.10,fresh_food,fresh_food_vegetarian,2024-11-19
Gu Double Chocolate Brownie Dessert 2x79g,£3.75,£2.37 / 100g,null,fresh_food,fresh_food_vegetarian,2024-11-19
Sainsbury's Raspberry Tiramisu 2x85g,£2.00,£1.18 / 100g,null,fresh_food,fresh_food_vegetarian,2024-11-19
"Sainsbury's Fresh Radiatori, Taste the Difference 300g",£1.75,£5.83 / kg,null,fresh_food,fresh_food_vegetarian,2024-11-19
Yeo Valley Organic Greek Recipe Lemon 150g,£1.35,90p / 100g,null,fresh_food,fresh_food_vegetarian,2024-11-19
Linda Mccartney's Vegetarian Meatballs 240g,£3.00,£12.50 / kg,null,fresh_food,fresh_food_vegetarian,2024-11-19
Gü Plant Chocolate & Vanilla Cheesecake Dessert 2x82g,£3.95,£2.41 / 100g,£2.95,fresh_food,fresh_food_vegetarian,2024-11-19
"Sainsbury's Winter Berry Crumble, Limited Edition, Taste the...",£4.65,93p / 100g,null,fresh_food,fresh_food_vegetarian,2024-11-19
This Isn't Chicken Thighs 220g,£3.95,£17.95 / kg,null,fresh_food,fresh_food_vegetarian,2024-11-19
Sainsbury's Cream Cake Selection x6 300g,£4.40,£1.47 / 100g,null,fresh_food,fresh_food_vegetarian,2024-11-19
Quorn Sweet Chilli Mini Fillets 138g,£3.10,£22.46 / kg,null,fresh_food,fresh_food_vegetarian,2024-11-19
Quorn Fillet Pieces 175g,£2.55,£14.57 / kg,null,fresh_food,fresh_food_vegetarian,2024-11-19
Sainsbury's Wensleydale & Cranberry 90g,£1.25,£13.89 / kg,null,fresh_food,fresh_food_vegetarian,2024-11-19
Sainsbury's Baking Camembert with Caramelised Onion Chutney ...,£3.50,£12.50 / kg,£3.00,fresh_food,fresh_food_vegetarian,2024-11-19
"Sainsbury's Truffle Mac & Cheese, Limited Edition, Taste the...",£4.25,£11.33 / kg,null,fresh_food,fresh_food_vegetarian,2024-11-19
Tabasco Mild Green Hot Pepper Sauce 57ml,£2.50,£4.39 / 100ml,null,fresh_food,fresh_food_vegetarian,2024-11-19
Yeo Valley Organic Salted Butter 200g,£2.85,£14.25 / kg,null,fresh_food,fresh_food_vegetarian,2024-11-19
Shaken Udder Vanilla licious Milkshake 750ml,£2.45,33p / 100ml,null,fresh_food,fresh_food_vegetarian,2024-11-19
Sainsbury's On the Go Brie & Cranberry,£3.25,£3.25 / ea,null,fresh_food,fresh_food_vegetarian,2024-11-19
Muller Plant Based Corner Strawberry & Pomegranate Yogurt 13...,£1.35,99p / 100g,85p,fresh_food,fresh_food_vegetarian,2024-11-19
Primula Signature Blend Mature Cheddar Cheese 140g,£1.85,£13.21 / kg,null,fresh_food,fresh_food_vegetarian,2024-11-19
Pukka Vegan No Steak Slice 170g,£1.95,£11.47 / kg,£1.25,fresh_food,fresh_food_vegetarian,2024-11-19
Sainsbury's On The Go Vegetable Samosas x2,£1.30,£2.60 / 100g,null,fresh_food,fresh_food_vegetarian,2024-11-19
Lindahls Strawberry Sundae Pro + Kvarg 150g,£1.40,93p / 100g,null,fresh_food,fresh_food_vegetarian,2024-11-19
Violife Garlic Herb Creamy Plant Based Alternative 150g,£2.75,£18.33 / kg,£2.00,fresh_food,fresh_food_vegetarian,2024-11-19
English Cheesecake Company Toffee & Honeycomb Cheesecake Sli...,£3.75,£1.75 / 100g,null,fresh_food,fresh_food_vegetarian,2024-11-19
Odysea Tzatziki Dip 200g,£3.00,£1.50 / 100g,null,fresh_food,fresh_food_vegetarian,2024-11-19
Gü Milk Chocolate Mousse 2x52g,£2.75,£2.64 / 100g,null,fresh_food,fresh_food_vegetarian,2024-11-19
Meatless Farm Ham & Mushroom Style Sourdough Pizza 400g,£5.00,£12.50 / kg,null,fresh_food,fresh_food_vegetarian,2024-11-19
This Isn't Chicken Plant Based Shawarma 170g,£3.50,£20.59 / kg,null,fresh_food,fresh_food_vegetarian,2024-11-19
Rude Health Almond High Calcium Chilled Drink 1L,£2.30,£2.30 / ltr,£1.80,fresh_food,fresh_food_vegetarian,2024-11-19
The Vegetarian Butcher Battered Fish Fillet Alternative Cod ...,£3.50,£19.44 / kg,£2.00,fresh_food,fresh_food_vegetarian,2024-11-19
Meatless Farm Spicy Pepperoni Style Sourdough Pizza 410g,£5.00,£12.20 / kg,null,fresh_food,fresh_food_vegetarian,2024-11-19
Emmi Caffe Latte Cappuccino Iced Coffee 650ml,£3.00,46p / 100ml,null,fresh_food,fresh_food_vegetarian,2024-11-19
Higgidy Spinach & Red Pepper Mini Vegan Muffins x8 160g,£3.85,£24.06 / kg,£2.75,fresh_food,fresh_food_vegetarian,2024-11-19
President A La Carte Crispy Bakes with Brie 6x25g,£3.00,£20.00 / kg,null,fresh_food,fresh_food_vegetarian,2024-11-19
The Tofoo Co. Katsu 240g,£3.00,£12.50 / kg,null,fresh_food,fresh_food_vegetarian,2024-11-19
Sainsbury's Triple Chocolate Brookie Pudding 350g,£4.00,£1.14 / 100g,null,fresh_food,fresh_food_vegetarian,2024-11-19
Quorn Roast Mini Fillets 138g,£3.10,£22.46 / kg,null,fresh_food,fresh_food_vegetarian,2024-11-19
The Collective Great Dairy Gourmet Fudge 425g,£2.95,69p / 100g,null,fresh_food,fresh_food_vegetarian,2024-11-19
Gu Chocolate Hazelnut Praline Brownie Dessert 2x75g,£3.75,£2.50 / 100g,null,fresh_food,fresh_food_vegetarian,2024-11-19
Yeo Valley Organic Unsalted Butter 200g,£2.85,£14.25 / kg,null,fresh_food,fresh_food_vegetarian,2024-11-19
English Cheesecake Company Sea Salted Chocolate Cheesecake S...,£3.75,£1.75 / 100g,null,fresh_food,fresh_food_vegetarian,2024-11-19
Higgidy Vegetable Samosa Rolls 160g,£3.30,£2.06 / 100g,£2.50,fresh_food,fresh_food_vegetarian,2024-11-19
"Cathedral City Mature Cheddar Cheese Slices, Crackers & Pick...",£2.00,£16.39 / kg,null,fresh_food,fresh_food_vegetarian,2024-11-19
Blue Dragon Thai Green Curry Meal Kit 253g,£3.10,£1.23 / 100g,null,fresh_food,fresh_food_vegetarian,2024-11-19
Emmi Caffe Latte Skinny Iced Coffee 650ml,£3.00,46p / 100ml,null,fresh_food,fresh_food_vegetarian,2024-11-19
Cadbury Creamy Chocolate Caramel Flavour Milkshake 250ml,£2.00,80p / 100ml,null,fresh_food,fresh_food_vegetarian,2024-11-19
Odysea Ajvar Dip 200g,£3.00,£1.50 / 100g,null,fresh_food,fresh_food_vegetarian,2024-11-19
Sainsbury's Blue Stilton 400g,£4.50,£11.25 / kg,null,fresh_food,fresh_food_vegetarian,2024-11-19
Gu Chocolate & Salted Caramel Brownie Dessert 2x80g,£3.75,£2.34 / 100g,null,fresh_food,fresh_food_vegetarian,2024-11-19
Odysea Skordalia Garlic Dip 200g,£3.00,£1.50 / 100g,null,fresh_food,fresh_food_vegetarian,2024-11-19
BOL Middle Eastern Harissa Stew One Pot Meal 450g,£3.25,£7.22 / kg,null,fresh_food,fresh_food_vegetarian,2024-11-19
Fridge Raiders Meat Free Southern Style Tasty Bites 60g,£1.50,£25.00 / kg,null,fresh_food,fresh_food_vegetarian,2024-11-19
Pizza Express Classic Margherita Mozzarella & Tomato Pizza 4...,£6.50,£14.54 / kg,£5.50,fresh_food,fresh_food_vegetarian,2024-11-19
White Rabbit Sourdough Mozzarella & Garlic Flatbread 210g,£3.50,£16.67 / kg,£2.50,fresh_food,fresh_food_vegetarian,2024-11-19
"Sainsbury's Salted Caramel Brownie Pudding, Taste the Differ...",£5.00,£1.25 / 100g,£3.30,fresh_food,fresh_food_vegetarian,2024-11-19
Kidderton Ash a Speckled Ash Crusted Goat's Cheese 150g,£3.50,£23.33 / kg,null,fresh_food,fresh_food_vegetarian,2024-11-19
Wasabi Home Bento Vegetable Gyoza Ramen 305g,£4.50,£14.75 / kg,£3.75,fresh_food,fresh_food_vegetarian,2024-11-19
Renourish Tomato & Basil Soup,£3.00,60p / 100g,null,fresh_food,fresh_food_vegetarian,2024-11-19
Sainsbury's Takeaway Mini Garlic Pizza Breads x2 230g,£3.25,£14.13 / kg,null,fresh_food,fresh_food_vegetarian,2024-11-19
"Sainsbury's Vegetable Moussaka, Taste the Difference 400g (S...",£4.25,£10.63 / kg,null,fresh_food,fresh_food_vegetarian,2024-11-19
"Sainsbury's Prawn Cocktail Sauce, Taste the Difference 200g ...",£2.50,£1.25 / 100g,null,fresh_food,fresh_food_vegetarian,2024-11-19
Beyond Burger Jalapeno Flavour Plant Based Patties 2x100g,£4.50,£22.50 / kg,£2.50,fresh_food,fresh_food_vegetarian,2024-11-19
Al'Fez Lebanese Middle Eastern Falafel Kit 150g,£1.90,£1.27 / 100g,null,fresh_food,fresh_food_vegetarian,2024-11-19
Blue Dragon Thai Red Curry Meal Kit 253g,£3.10,£1.23 / 100g,null,fresh_food,fresh_food_vegetarian,2024-11-19
BOL Thai Massaman Curry One Pot Meal 450g,£3.25,£7.22 / kg,null,fresh_food,fresh_food_vegetarian,2024-11-19
Pizza Express Garlic & Mozzarella Flatbread 290g,£3.50,£12.07 / kg,£1.75,fresh_food,fresh_food_vegetarian,2024-11-19
White Rabbit Gluten Free Classic Tiramisu 2x95g,£3.75,£1.97 / 100g,null,fresh_food,fresh_food_vegetarian,2024-11-19
Sainsbury's Cheddar with Caramelised Onion 90g,£1.25,£13.89 / kg,null,fresh_food,fresh_food_vegetarian,2024-11-19
"Sainsbury's Belgian Chocolate Orange Cheesecake Slices, Tast...",£3.50,£1.90 / 100g,null,fresh_food,fresh_food_vegetarian,2024-11-19
"Sainsbury's a Very Veggie Christmas Tortilla Wrap, Taste the...",£4.25,£4.25 / ea,null,fresh_food,fresh_food_vegetarian,2024-11-19
Cauldron Pumpkin & Caramelised Onion Veggie Bakes x4 200g,£2.75,£13.75 / kg,null,fresh_food,fresh_food_vegetarian,2024-11-19
Shaken Udder Double Choc Milkshake 330ml,£1.60,48p / 100ml,null,fresh_food,fresh_food_vegetarian,2024-11-19
VFC Lean Mean Chicken Sausages 270g,£3.00,£10.00 / kg,null,fresh_food,fresh_food_vegetarian,2024-11-19
Sainsbury's Chocolate Cheesecake Slices 2x90g,£2.70,£1.50 / 100g,null,fresh_food,fresh_food_vegetarian,2024-11-19
"Sainsbury's New York Vanilla Cheesecake Slices, Taste the Di...",£3.50,£1.90 / 100g,null,fresh_food,fresh_food_vegetarian,2024-11-19
Sainsbury's Festive Cheese Selection 400g,£5.50,£13.75 / kg,null,fresh_food,fresh_food_vegetarian,2024-11-19
Sainsbury's Chocolate Yule Log 645g,£7.50,£1.16 / 100g,null,fresh_food,fresh_food_vegetarian,2024-11-19
Sainsbury's Snowman Cheesecake 585g,£7.00,£1.20 / 100g,null,fresh_food,fresh_food_vegetarian,2024-11-19
Cadbury Dairy Milk Big Pots of Joy Chocolate Orange Dessert,£3.00,86p / 100g,null,fresh_food,fresh_food_vegetarian,2024-11-19
Sainsbury's Cookie Dessert 304g,£2.65,87p / 100g,null,fresh_food,fresh_food_vegetarian,2024-11-19
"Sainsbury's Ready Meal Side For 2 Pilau Rice, Taste the Diff...",£3.00,£10.00 / kg,£2.50,fresh_food,fresh_food_vegetarian,2024-11-19
Rhokett Lemon & Raspberry Cheesecake Slices 180g,£3.35,£1.86 / 100g,null,fresh_food,fresh_food_vegetarian,2024-11-19
"Sainsbury's Truffle Gouda, Taste the Difference 180g",£4.50,£25.00 / kg,null,fresh_food,fresh_food_vegetarian,2024-11-19
"Sainsbury's Profiterole Bites, Taste the Difference 214g",£6.00,£2.80 / 100g,null,fresh_food,fresh_food_vegetarian,2024-11-19
"Sainsbury's Meal for 1 Hot Chicken Phal with Cumin Rice, Lim...",£3.30,£8.25 / kg,£2.50,fresh_food,fresh_food_vegetarian,2024-11-19
Shepherds Purse Yorkshire Blue 180g,£3.20,£17.78 / kg,null,fresh_food,fresh_food_vegetarian,2024-11-19
Pollen + Grace Houmous + Rainbow Veg Shawarma,£4.00,£4.00 / ea,null,fresh_food,fresh_food_vegetarian,2024-11-19
Pizza Express Garlic & Mozzarella Flatbread 185g,£3.00,£16.22 / kg,null,fresh_food,fresh_food_vegetarian,2024-11-19
Sainsbury's Double Gloucester & Cracked Black Pepper 90g,£1.25,£13.89 / kg,null,fresh_food,fresh_food_vegetarian,2024-11-19
"Sainsbury's Lemon Tarts, Taste the Difference 146g",£3.75,£2.57 / 100g,null,fresh_food,fresh_food_vegetarian,2024-11-19
"Sainsbury's Chocolate Mini Melting Puds, Taste the Differenc...",£6.00,£1.85 / 100g,null,fresh_food,fresh_food_vegetarian,2024-11-19
Pizza Express Cheesy Garlic Dough Balls 130g,£2.50,£1.92 / 100g,null,fresh_food,fresh_food_vegetarian,2024-11-19
Pilgrims Choice Extra Mature Lighter Big Pack 550g,£5.40,£9.82 / kg,£4.00,fresh_food,fresh_food_vegetarian,2024-11-19
Sainsbury's Large Florentine 43g,£1.35,£1.35 / ea,null,fresh_food,fresh_food_vegetarian,2024-11-19
Sainsbury's Smoky Red Leicester with Chilli 90g,£1.25,£13.89 / kg,null,fresh_food,fresh_food_vegetarian,2024-11-19
Pollen + Grace Mexican Chipotle Burrito,£4.00,£4.00 / ea,null,fresh_food,fresh_food_vegetarian,2024-11-19
Dell Ugo Ricotta & Spinach Cannelloni 300g,£4.20,£14.00 / kg,null,fresh_food,fresh_food_vegetarian,2024-11-19
Shepherds Purse Harrogate Blue 180g,£3.20,£17.78 / kg,null,fresh_food,fresh_food_vegetarian,2024-11-19
Ufit Strawberry Flavour High Protein Milkshake 500ml,£3.00,60p / 100ml,£2.25,fresh_food,fresh_food_vegetarian,2024-11-19
"Sainsbury's Chilli Cheese, Limited Edition",£2.75,£2.75 / ea,null,fresh_food,fresh_food_vegetarian,2024-11-19
Snowdonia Cheese Company Black Bomber Extra Mature Cheddar 4...,£9.50,£23.75 / kg,null,fresh_food,fresh_food_vegetarian,2024-11-19
"Sainsbury's Baking Somerset Brie, Taste the Difference 255g",£5.00,£19.61 / kg,null,fresh_food,fresh_food_vegetarian,2024-11-19
Yeo Valley Organic Free Range Fresh Milk Skimmed 1L,£1.80,£1.80 / ltr,null,fresh_food,fresh_food_vegetarian,2024-11-19
"Sainsbury's Vintage Cheddar, Taste the Difference 200g",£3.00,£15.00 / kg,null,fresh_food,fresh_food_vegetarian,2024-11-19
Shaken Udder White Chocolate Milkshake 330ml,£1.60,48p / 100ml,null,fresh_food,fresh_food_vegetarian,2024-11-19
"Sainsbury's Ready Meal Side For 2 Gunpowder Potatoes, Taste ...",£3.00,£12.00 / kg,£2.50,fresh_food,fresh_food_vegetarian,2024-11-19
Ilchester Cheese Advent Calendar 24x15g,£10.00,£27.78 / kg,£9.00,fresh_food,fresh_food_vegetarian,2024-11-19
Riya's Paneer 250g,£3.00,£12.00 / kg,null,fresh_food,fresh_food_vegetarian,2024-11-19
Snowdonia Cheese Company Green Thunder Mature Cheddar with G...,£5.00,£25.00 / kg,null,fresh_food,fresh_food_vegetarian,2024-11-19
Cauldron Spinach & Carrot Veggie Bakes x4 200g,£2.75,£13.75 / kg,null,fresh_food,fresh_food_vegetarian,2024-11-19
Pizza Express Margherita Formaggi 393g,£6.00,£15.27 / kg,null,fresh_food,fresh_food_vegetarian,2024-11-19
Soreen Malt Loaf Slices x2 45g,£1.30,£2.89 / 100g,null,fresh_food,fresh_food_vegetarian,2024-11-19
Snowdonia Cheese Company Devil Red Leicester with Habanero C...,£5.00,£25.00 / kg,null,fresh_food,fresh_food_vegetarian,2024-11-19
Sainsbury's Long Clawson Blue Stilton 225g,£6.50,£28.89 / kg,null,fresh_food,fresh_food_vegetarian,2024-11-19
Smug Dairy Spreadable Blended Oat & Dairy Butter 400g,£3.75,£9.38 / kg,£2.00,fresh_food,fresh_food_vegetarian,2024-11-19
"Maxi Babybel the Big Cheese, Limited Edition 200g",£3.50,£17.50 / kg,null,fresh_food,fresh_food_vegetarian,2024-11-19
"Sainsbury's Cheesemonger Selection, Taste the Difference 495...",£15.00,£30.30 / kg,null,fresh_food,fresh_food_vegetarian,2024-11-19
"Sainsbury's Teriyaki King Oyster Mushrooms, Taste the Differ...",£5.00,£12.99 / kg,£4.25,fresh_food,fresh_food_vegetarian,2024-11-19
Mahi Bhut Jolokia Hot Pepper Sauce 165g,£1.70,£1.03 / 100g,null,fresh_food,fresh_food_vegetarian,2024-11-19
"Sainsbury's British Cheese Gift Set, Taste the Difference 51...",£12.00,£24.74 / kg,null,fresh_food,fresh_food_vegetarian,2024-11-19
Churn'd Bourbon Vanilla Blondie with White Choc Chips 250ml,£1.60,64p / 100ml,null,fresh_food,fresh_food_vegetarian,2024-11-19
Churn'd Malted Chocolate with Chocolate Chips 250ml,£1.60,64p / 100ml,null,fresh_food,fresh_food_vegetarian,2024-11-19
"Sainsbury's Barber's Mature Cruncher Cheese, Taste the Diffe...",£3.80,£10.86 / kg,null,fresh_food,milk_butter_eggs,2024-11-19
Sainsbury's Brandy Butter 200g,£2.50,£1.25 / 100g,null,fresh_food,milk_butter_eggs,2024-11-19
Cathedral City Mature Cheddar Cheese 550g,£5.00,£9.09 / kg,null,fresh_food,milk_butter_eggs,2024-11-19
"Sainsbury's Quattro Cheese Bake, Autumn Edition, Taste the D...",£7.50,£25.00 / kg,null,fresh_food,milk_butter_eggs,2024-11-19
"Sainsbury's Roquefort Blue Cheese, Taste the Difference 100g",£3.00,£30.00 / kg,null,fresh_food,milk_butter_eggs,2024-11-19
Sainsbury's British Semi Skimmed Milk 2.27L (4 pint),£1.45,64p / ltr,null,fresh_food,milk_butter_eggs,2024-11-19
Sainsbury's British Free Range Eggs Large x12,£3.15,26p / ea,null,fresh_food,milk_butter_eggs,2024-11-19
Sainsbury's British Semi Skimmed Milk 1.13L (2 pint),£1.20,£1.06 / ltr,null,fresh_food,milk_butter_eggs,2024-11-19
"Sainsbury's British Butter, Salted 250g",£1.89,£7.56 / kg,null,fresh_food,milk_butter_eggs,2024-11-19
Sainsbury's British Whole Milk 2.27L (4 pint),£1.45,64p / ltr,null,fresh_food,milk_butter_eggs,2024-11-19
Sainsbury's British Free Range Eggs Medium x12,£2.65,22p / ea,null,fresh_food,milk_butter_eggs,2024-11-19
Sainsbury's British Free Range Eggs Large x6,£1.95,33p / ea,null,fresh_food,milk_butter_eggs,2024-11-19
Sainsbury's British Free Range Eggs Medium x6,£1.60,27p / ea,null,fresh_food,milk_butter_eggs,2024-11-19
"Sainsbury's British Butter, Unsalted 250g",£1.89,£7.56 / kg,null,fresh_food,milk_butter_eggs,2024-11-19
Sainsbury's British Skimmed Milk 2.27L (4 pint),£1.45,64p / ltr,null,fresh_food,milk_butter_eggs,2024-11-19
Stamford Street Co. Mixed Size British Eggs Free Range x10 4...,£1.73,17p / ea,null,fresh_food,milk_butter_eggs,2024-11-19
Sainsbury's British Mature Cheddar Cheese 400g,£3.10,£7.75 / kg,null,fresh_food,milk_butter_eggs,2024-11-19
Sainsbury's Greek Style Natural Yogurt 500g,£1.10,22p / 100g,null,fresh_food,milk_butter_eggs,2024-11-19
Cravendale Filtered Fresh Semi Skimmed Milk 2L Fresher for L...,£2.55,£1.28 / ltr,null,fresh_food,milk_butter_eggs,2024-11-19
Sainsbury's Double Cream 300ml,£1.35,45p / 100ml,null,fresh_food,milk_butter_eggs,2024-11-19
Sainsbury's Greek Style Natural Yogurt 1kg,£1.95,20p / 100g,null,fresh_food,milk_butter_eggs,2024-11-19
Sainsbury's British Semi Skimmed Milk 3.4L (6 pint),£2.15,63p / ltr,null,fresh_food,milk_butter_eggs,2024-11-19
Sainsbury's British Skimmed Milk 1.13L (2 pint),£1.20,£1.06 / ltr,null,fresh_food,milk_butter_eggs,2024-11-19
Sainsbury's British Whole Milk 1.13L (2 pint),£1.20,£1.06 / ltr,null,fresh_food,milk_butter_eggs,2024-11-19
Sainsbury's British Filtered Semi Skimmed Milk 2L,£1.90,95p / ltr,null,fresh_food,milk_butter_eggs,2024-11-19
Oatly Oat Drink Barista Edition Long Life 1L,£2.10,£2.10 / ltr,null,fresh_food,milk_butter_eggs,2024-11-19
Sainsbury's Greek Feta Cheese 200g,£2.10,£10.50 / kg,null,fresh_food,milk_butter_eggs,2024-11-19
"Sainsbury's British Semi Skimmed Milk, SO Organic 2.27L (4 p...",£2.15,95p / ltr,null,fresh_food,milk_butter_eggs,2024-11-19
Lurpak Slightly Salted Spreadable Blend of Butter & Rapeseed...,£4.00,£10.00 / kg,£3.00,fresh_food,milk_butter_eggs,2024-11-19
Lurpak Spreadable Blend of Butter and Rapeseed Oil 750g,£7.25,£9.67 / kg,null,fresh_food,milk_butter_eggs,2024-11-19
Sainsbury's British Extra Mature Cheddar Cheese 400g,£3.10,£7.75 / kg,null,fresh_food,milk_butter_eggs,2024-11-19
Stamford Street Co. Mature Cheddar Cheese 600g,£3.70,£6.17 / kg,null,fresh_food,milk_butter_eggs,2024-11-19
Anchor Spreadable Blend of Butter & Rapeseed Oil Spread 400g,£3.70,£9.25 / kg,null,fresh_food,milk_butter_eggs,2024-11-19
Sainsbury's Cypriot Halloumi Cheese 225g,£2.15,£9.56 / kg,null,fresh_food,milk_butter_eggs,2024-11-19
Sainsbury's British Semi Skimmed Milk 1 Pint,85p,£1.50 / ltr,null,fresh_food,milk_butter_eggs,2024-11-19
Sainsbury's British Medium Cheddar Cheese 400g,£3.10,£7.75 / kg,null,fresh_food,milk_butter_eggs,2024-11-19
Stamford Street Co. Mozzarella Cheese Ball 125g,69p,£5.52 / kg,null,fresh_food,milk_butter_eggs,2024-11-19
Sainsbury's Free Range British Eggs Medium x15,£3.20,21p / ea,null,fresh_food,milk_butter_eggs,2024-11-19
Sainsbury's Soured Cream 300ml,99p,33p / 100ml,null,fresh_food,milk_butter_eggs,2024-11-19
Sainsbury's British Mature Grated Cheddar Cheese 250g,£2.65,£10.60 / kg,null,fresh_food,milk_butter_eggs,2024-11-19
Sainsbury's Parmigiano Reggiano Cheese 200g,£3.40,£17.00 / kg,null,fresh_food,milk_butter_eggs,2024-11-19
Sainsbury's Double Cream 600ml,£2.30,38p / 100ml,null,fresh_food,milk_butter_eggs,2024-11-19
Sainsbury's British Crème Fraîche 300ml,85p,28p / 100ml,null,fresh_food,milk_butter_eggs,2024-11-19
"Sainsbury's Authentic Greek Yogurt, Taste the Difference 500...",£2.30,46p / 100g,null,fresh_food,milk_butter_eggs,2024-11-19
Philadelphia Original Soft Cream Cheese 280g,£3.25,£11.61 / kg,null,fresh_food,milk_butter_eggs,2024-11-19
Sainsbury's Sheet Puff Pastry x1 320g,£1.20,£3.75 / kg,null,fresh_food,milk_butter_eggs,2024-11-19
Sainsbury's Greek Style Fat Free Natural Yogurt 500g,£1.10,22p / 100g,null,fresh_food,milk_butter_eggs,2024-11-19
Sainsbury's Grated Mozzarella Cheese 250g,£2.65,£10.60 / kg,null,fresh_food,milk_butter_eggs,2024-11-19
Cravendale Filtered Fresh Semi Skimmed Milk Fresher for Long...,£1.60,£1.60 / ltr,£1.35,fresh_food,milk_butter_eggs,2024-11-19
Sainsbury's Everyday Lactose Free Semi Skimmed Dairy Drink 1...,£1.35,£1.35 / ltr,null,fresh_food,milk_butter_eggs,2024-11-19
"Frubes Kids Strawberry, Red Berry & Peach Yoghurt Tubes 9x37...",£2.25,68p / 100g,null,fresh_food,milk_butter_eggs,2024-11-19
Sainsbury's Mozzarella Cheese 150g,£1.35,£9.00 / kg,null,fresh_food,milk_butter_eggs,2024-11-19
Sainsbury's British Whole Milk 3.4L (6 pint),£2.15,63p / ltr,null,fresh_food,milk_butter_eggs,2024-11-19
Flora Buttery Spread Alternative To Butter 450g,£2.50,£5.56 / kg,null,fresh_food,milk_butter_eggs,2024-11-19
Stamford Street Co. Soft Cheese 200g,85p,£4.25 / kg,null,fresh_food,milk_butter_eggs,2024-11-19
Cathedral City Extra Mature Cheddar Cheese 550g,£5.00,£9.09 / kg,null,fresh_food,milk_butter_eggs,2024-11-19
Sainsbury's British Lighter Crème Fraîche 300ml,85p,28p / 100ml,null,fresh_food,milk_butter_eggs,2024-11-19
Stamford Street Co. Mature Cheddar Cheese 900g,£4.88,£5.42 / kg,null,fresh_food,milk_butter_eggs,2024-11-19
Stamford Street Co. Grated Cheddar 500g,£2.99,£5.98 / kg,null,fresh_food,milk_butter_eggs,2024-11-19
FAGE Total 5% Fat Natural Greek Recipe Strained Yoghurt 950g,£5.50,58p / 100g,null,fresh_food,milk_butter_eggs,2024-11-19
Sainsbury's Buttersoft Spreadable Butter 500g,£2.09,£4.18 / kg,null,fresh_food,milk_butter_eggs,2024-11-19
Müller Corner Vanilla Yogurt With Chocolate Balls 124g,90p,73p / 100g,null,fresh_food,milk_butter_eggs,2024-11-19
Cathedral City Mature Cheddar Cheese 350g,£3.75,£10.71 / kg,£3.00,fresh_food,milk_butter_eggs,2024-11-19
Petits Filous Kids Strawberry & Raspberry Yoghurt 4x85g,£1.95,57p / 100g,null,fresh_food,milk_butter_eggs,2024-11-19
FAGE Total 0% Fat Natural Fat Free Greek Recipe Strained Yog...,£5.50,58p / 100g,null,fresh_food,milk_butter_eggs,2024-11-19
Yeo Valley Organic Kefir Natural Yogurt 350g,£2.00,57p / 100g,null,fresh_food,milk_butter_eggs,2024-11-19
Sainsbury's British Mild Cheddar Cheese 400g,£3.10,£7.75 / kg,null,fresh_food,milk_butter_eggs,2024-11-19
Clarence Court Mabel Pearmans's Burford Browns Large Free Ra...,£3.45,58p / ea,null,fresh_food,milk_butter_eggs,2024-11-19
"Sainsbury's Woodland Free Range Large Eggs, SO Organic x6",£2.85,48p / ea,null,fresh_food,milk_butter_eggs,2024-11-19
Boursin Garlic & Herb Soft French Cream Cheese 150g,£2.75,£18.33 / kg,null,fresh_food,milk_butter_eggs,2024-11-19
Lurpak Slightly Salted Butter 200g,£2.25,£11.25 / kg,null,fresh_food,milk_butter_eggs,2024-11-19
Cravendale Filtered Fresh Whole Milk 2L Fresher for Longer,£2.55,£1.28 / ltr,null,fresh_food,milk_butter_eggs,2024-11-19
"Wildlife Choobs Kids Strawberry, Raspberry & Apricot Yoghurt...",£1.20,54p / 100g,£1.00,fresh_food,milk_butter_eggs,2024-11-19
Sainsbury's British Double Cream 150ml,£1.00,67p / 100ml,null,fresh_food,milk_butter_eggs,2024-11-19
Sainsbury's Mixed Red Fruit Yogurt 6x125g,£1.50,20p / 100g,null,fresh_food,milk_butter_eggs,2024-11-19
Pilgrims Choice Extra Mature Cheddar Cheese 350g,£4.20,£12.00 / kg,null,fresh_food,milk_butter_eggs,2024-11-19
Sainsbury's Cottage Cheese 300g,£1.30,£4.33 / kg,null,fresh_food,milk_butter_eggs,2024-11-19
Strings & Things Cheestrings Cheese Snack x8 160g,£2.49,£15.56 / kg,null,fresh_food,milk_butter_eggs,2024-11-19
"Sainsbury's Free Range White Golden Yolk Egg, Taste the Diff...",£2.65,44p / ea,null,fresh_food,milk_butter_eggs,2024-11-19
Sainsbury's British Mature Cheddar Cheese Slices 240g,£2.70,£11.25 / kg,null,fresh_food,milk_butter_eggs,2024-11-19
"Activia Strawberry, Raspberry, Cherry & Blueberry No Added S...",£4.00,43p / 100g,null,fresh_food,milk_butter_eggs,2024-11-19
Sainsbury's West Country Farmhouse Mature Cheddar Cheese 400...,£3.00,£7.50 / kg,null,fresh_food,milk_butter_eggs,2024-11-19
Anchor Salted Butter 200g,£2.10,£10.50 / kg,null,fresh_food,milk_butter_eggs,2024-11-19
Sainsbury's British Free Range Eggs Extra Large x6,£2.25,38p / ea,null,fresh_food,milk_butter_eggs,2024-11-19
Sainsbury's Red Leicester Cheese 250g,£2.85,£11.40 / kg,null,fresh_food,milk_butter_eggs,2024-11-19
Yeo Valley Organic Yogurt Greek Style With Honey 4x100g,£2.50,63p / 100g,null,fresh_food,milk_butter_eggs,2024-11-19
Arla Bob Skimmed Milk Tastes like Semi Skimmed 2L,£2.55,£1.28 / ltr,null,fresh_food,milk_butter_eggs,2024-11-19
"Sainsbury's British Butter, Salted 500g",£3.75,£7.50 / kg,null,fresh_food,milk_butter_eggs,2024-11-19
"Sainsbury's Cottage Cheese, Fat Free 300g",£1.30,£4.33 / kg,null,fresh_food,milk_butter_eggs,2024-11-19
Sainsbury's British Single Cream 300ml,99p,33p / 100ml,null,fresh_food,milk_butter_eggs,2024-11-19
Sainsbury's Fresh Grated Parmigiano Cheese 60g,£1.60,£26.67 / kg,null,fresh_food,milk_butter_eggs,2024-11-19
Activia Rhubarb Yogurt 4x115g,£2.50,54p / 100g,£1.75,fresh_food,milk_butter_eggs,2024-11-19
Sainsbury's French Mild Brie Cheese 200g,£1.69,£8.45 / kg,null,fresh_food,milk_butter_eggs,2024-11-19
"Sainsbury's Woodland Free Range Medium Eggs, SO Organic x6",£2.60,43p / ea,null,fresh_food,milk_butter_eggs,2024-11-19
Activia Strawberry Yogurt 4x115g,£2.50,54p / 100g,£1.75,fresh_food,milk_butter_eggs,2024-11-19
Rachel's Luscious Multipack Yogurt 4x110g,£2.75,63p / 100g,null,fresh_food,milk_butter_eggs,2024-11-19
Sainsbury's Fat Free Greek Style Natural Yogurt 1kg,£1.95,20p / 100g,null,fresh_food,milk_butter_eggs,2024-11-19
"Sainsbury's British Semi Skimmed Milk, SO Organic 1.13L (2 p...",£1.70,£1.50 / ltr,null,fresh_food,milk_butter_eggs,2024-11-19
Cadbury Flake Chocolate Dessert 75g,£1.15,£1.53 / 100g,null,fresh_food,milk_butter_eggs,2024-11-19
Actimel Strawberry Cultured Yogurt Drink 8x100g,£3.75,47p / 100g,null,fresh_food,milk_butter_eggs,2024-11-19
"Activia Mango, Strawberry, Kiwi & Apricot Multipack Yogurt 8...",£4.00,43p / 100g,null,fresh_food,milk_butter_eggs,2024-11-19
Sainsbury's Grated Parmesan Cheese 120g,£3.00,£25.00 / kg,null,fresh_food,milk_butter_eggs,2024-11-19
Petits Filous Kids Strawberry & Apricot Yoghurt 4x85g,£1.95,57p / 100g,null,fresh_food,milk_butter_eggs,2024-11-19
Elmlea Double Alternative to Cream 270ml,£1.40,52p / 100ml,£1.10,fresh_food,milk_butter_eggs,2024-11-19
Sainsbury's White Soft Cheese 300g,£1.65,£5.50 / kg,null,fresh_food,milk_butter_eggs,2024-11-19
Alpro Almond Milk No Sugars Chilled Dairy Alternative 1L,£2.00,£2.00 / ltr,£1.50,fresh_food,milk_butter_eggs,2024-11-19
Lurpak Lighter Spreadable Blend of Slightly Salted Butter & ...,£4.00,£10.00 / kg,£3.00,fresh_food,milk_butter_eggs,2024-11-19
Alpro Almond Milk No Sugars Long Life Dairy Alternative 1L,£2.10,£2.10 / ltr,null,fresh_food,milk_butter_eggs,2024-11-19
Sainsbury's Stilton Blue Cheese 220g,£2.50,£11.36 / kg,null,fresh_food,milk_butter_eggs,2024-11-19
Yeo Valley Organic Fresh Whole Milk 2L,£2.75,£1.38 / ltr,null,fresh_food,milk_butter_eggs,2024-11-19
Yeo Valley Organic Greek Style Natural Yogurt 4x110g,£2.50,57p / 100g,null,fresh_food,milk_butter_eggs,2024-11-19
Müller Corner Red Cherry Yogurt 136g,90p,66p / 100g,null,fresh_food,milk_butter_eggs,2024-11-19
Bertolli Olive Oil Spread 450g,£2.85,£6.33 / kg,£2.00,fresh_food,milk_butter_eggs,2024-11-19
Jus-Rol Puff Pastry Ready Rolled Sheet 320g,£1.75,£5.47 / kg,£1.25,fresh_food,milk_butter_eggs,2024-11-19
Clover Spread Alternative to Butter 1kg,£4.00,£4.00 / kg,null,fresh_food,milk_butter_eggs,2024-11-19
President Brie Cheese 200g,£2.85,£14.25 / kg,null,fresh_food,milk_butter_eggs,2024-11-19
Yeo Valley Organic Natural Yogurt 450g,£2.00,44p / 100g,£1.50,fresh_food,milk_butter_eggs,2024-11-19
Actimel Multifruit Cultured Yogurt Drink 8x100g,£3.75,47p / 100g,null,fresh_food,milk_butter_eggs,2024-11-19
Muller Corner Banana Yogurt with Chocolate Flakes 124g,90p,73p / 100g,null,fresh_food,milk_butter_eggs,2024-11-19
Sainsbury's British Whole Milk 568ml (1 pint),85p,£1.50 / ltr,null,fresh_food,milk_butter_eggs,2024-11-19
Sainsbury's Semi Skimmed Long Life Milk 6x1L,£5.34,89p / ltr,null,fresh_food,milk_butter_eggs,2024-11-19
Sainsbury's Mousse Chocolate 6x60g,£1.15,32p / 100g,null,fresh_food,milk_butter_eggs,2024-11-19
Müller Corner Strawberry Yogurt 136g,90p,66p / 100g,null,fresh_food,milk_butter_eggs,2024-11-19
Cadbury Dairy Milk Buttons Chocolate Dessert 75g,£1.15,£1.53 / 100g,null,fresh_food,milk_butter_eggs,2024-11-19
Cathedral City Mini Mature Cheddar Cheeses 6x20g,£2.10,£17.50 / kg,null,fresh_food,milk_butter_eggs,2024-11-19
Vitalite Dairy Free Spread 500g,£2.00,£4.00 / kg,null,fresh_food,milk_butter_eggs,2024-11-19
Muller Corner Vanilla Yogurt With Chocolate Digestive Biscui...,90p,73p / 100g,null,fresh_food,milk_butter_eggs,2024-11-19
Stamford Street Co. Low Fat Natural Yogurt 500g,35p,7p / 100g,null,fresh_food,milk_butter_eggs,2024-11-19
Oatly Oat Drink Semi Chilled 1L,£2.10,£2.10 / ltr,null,fresh_food,milk_butter_eggs,2024-11-19
Arla Lactofree Semi Skimmed Milk Drink 1L,£1.85,£1.85 / ltr,null,fresh_food,milk_butter_eggs,2024-11-19
"Sainsbury's British Whole Milk, SO Organic 1.13L (2 pint)",£1.70,£1.50 / ltr,null,fresh_food,milk_butter_eggs,2024-11-19
Cravendale Filtered Fresh Skimmed Milk Fresher for Longer 2L,£2.55,£1.28 / ltr,null,fresh_food,milk_butter_eggs,2024-11-19
Philadelphia Original Soft Cream Cheese 165g,£2.20,£13.33 / kg,£1.25,fresh_food,milk_butter_eggs,2024-11-19
"Sainsbury's Woodland Free Range Mixed Weight Eggs, SO Organi...",£4.65,39p / ea,null,fresh_food,milk_butter_eggs,2024-11-19
Alpro Oat Milk No Sugars Long Life Dairy Alternative 1L,£2.30,£2.30 / ltr,null,fresh_food,milk_butter_eggs,2024-11-19
Sainsbury's Gouda Cheese Slices 250g,£2.80,£11.20 / kg,null,fresh_food,milk_butter_eggs,2024-11-19
Anchor Original Real Cream Spray 250g,£2.25,90p / 100g,null,fresh_food,milk_butter_eggs,2024-11-19
Alpro Oat Milk No Sugars Chilled Dairy Alternative 1L,£2.00,£2.00 / ltr,£1.50,fresh_food,milk_butter_eggs,2024-11-19
Rachel's Organic Divine Rice Puddings 2x150g,£2.25,75p / 100g,null,fresh_food,milk_butter_eggs,2024-11-19
Stamford Street Co. Grated Mozzarella 500g,£2.99,£5.98 / kg,null,fresh_food,milk_butter_eggs,2024-11-19
Clover Spread Alternative to Butter 500g,£2.45,£4.90 / kg,£1.75,fresh_food,milk_butter_eggs,2024-11-19
Dairylea Cheese Slices 8x20.5g,£1.45,£8.84 / kg,null,fresh_food,milk_butter_eggs,2024-11-19
Clarence Court Mabel Pearmans's Burford Brown Medium Free Ra...,£3.20,53p / ea,null,fresh_food,milk_butter_eggs,2024-11-19
Sainsbury's Semi Skimmed British Milk 1L,89p,89p / ltr,null,fresh_food,milk_butter_eggs,2024-11-19
Mini Babybel Light Cheese Snacks 12x20g,£3.55,£14.79 / kg,null,fresh_food,milk_butter_eggs,2024-11-19
"Onken Mango, Papaya & Passionfruit Biopot Yogurt 450g",£1.95,43p / 100g,null,fresh_food,milk_butter_eggs,2024-11-19
Sainsbury's Grated Four Cheese Mix 250g,£2.65,£10.60 / kg,null,fresh_food,milk_butter_eggs,2024-11-19
Kerrygold Pure Irish Butter 250g,£2.60,£10.40 / kg,null,fresh_food,milk_butter_eggs,2024-11-19
Oykos Strawberry Luxury Greek Style Yogurt 4x110g,£2.00,45p / 100g,null,fresh_food,milk_butter_eggs,2024-11-19
Arla Skyr Natural Icelandic Style Yogurt 450g,£2.25,50p / 100g,£1.25,fresh_food,milk_butter_eggs,2024-11-19
Rolo Milk Chocolate & Toffee Dessert 2 x65g,£1.85,£1.42 / 100g,null,fresh_food,milk_butter_eggs,2024-11-19
Sainsbury's Natural Yogurt 500g,£1.10,22p / 100g,null,fresh_food,milk_butter_eggs,2024-11-19
Kerrygold Pure Irish Butter Tub 250g,£2.65,£10.60 / kg,null,fresh_food,milk_butter_eggs,2024-11-19
Sainsbury's British Mature Grated Cheddar Cheese 500g,£4.65,£9.30 / kg,null,fresh_food,milk_butter_eggs,2024-11-19
FAGE Total 0% Natural Fat Free Greek Recipe Strained Yogurt ...,£3.50,78p / 100g,£2.75,fresh_food,milk_butter_eggs,2024-11-19
Yeo Valley Organic Greek Style Natural Yogurt 450g,£2.15,48p / 100g,£1.50,fresh_food,milk_butter_eggs,2024-11-19
Oatly Oat Drink Whole Chilled 1L,£2.10,£2.10 / ltr,null,fresh_food,milk_butter_eggs,2024-11-19
Arla Strawberry Protein Yogurt 200g,£1.10,55p / 100g,null,fresh_food,milk_butter_eggs,2024-11-19
The Collective Suckies Peach + Apricot Kids Yoghurt Pouch 90...,95p,£1.06 / 100g,null,fresh_food,milk_butter_eggs,2024-11-19
Sainsbury's Lighter Mature Cheese 400g,£3.10,£7.75 / kg,null,fresh_food,milk_butter_eggs,2024-11-19
Muller Rice Original Low Fat Pudding Dessert 170g,90p,53p / 100g,null,fresh_food,milk_butter_eggs,2024-11-19
FAGE Total 5% Fat Natural Greek Recipe Strained Yoghurt 450g,£3.50,78p / 100g,£2.75,fresh_food,milk_butter_eggs,2024-11-19
"Sainsbury's West Country Black Cherry Yogurt, Taste the Diff...",95p,63p / 100g,80p,fresh_food,milk_butter_eggs,2024-11-19
Davidstow Crackler Cornish Extra Mature Cheddar Cheese 320g,£4.75,£14.84 / kg,null,fresh_food,milk_butter_eggs,2024-11-19
Flora Lighter Spread  Alternative To Butter 450g,£2.50,£5.56 / kg,null,fresh_food,milk_butter_eggs,2024-11-19
Müller Corner Vanilla Chocolate Balls & Banana Chocolate Fla...,£4.00,54p / 100g,£2.50,fresh_food,milk_butter_eggs,2024-11-19
Leerdammer Light Dutch Cheese Slices x8 160g,£2.35,£14.69 / kg,null,fresh_food,milk_butter_eggs,2024-11-19
Müller Rice Vanilla Custard Low Fat Pudding Dessert 170g,90p,53p / 100g,null,fresh_food,milk_butter_eggs,2024-11-19
Müller Light Red Fruits Fat Free Yogurts 6x140g,£4.00,48p / 100g,null,fresh_food,milk_butter_eggs,2024-11-19
Oykos Peach Luxury Greek Style Yogurt 4x110g,£2.00,45p / 100g,null,fresh_food,milk_butter_eggs,2024-11-19
Yakult Original 8x65ml,£3.75,72p / 100ml,null,fresh_food,milk_butter_eggs,2024-11-19
Arla Lactofree Mature Cheddar Cheese 200g,£2.50,£12.50 / kg,null,fresh_food,milk_butter_eggs,2024-11-19
Strings & Things Cheestrings Cheese Snack x4 80g,£1.75,£21.88 / kg,£1.25,fresh_food,milk_butter_eggs,2024-11-19
Activia Vanilla No Added Sugar Fat Free Yogurt 4x115g,£2.50,54p / 100g,£1.75,fresh_food,milk_butter_eggs,2024-11-19
Sainsbury's British Filtered Whole Milk 2L,£1.90,95p / ltr,null,fresh_food,milk_butter_eggs,2024-11-19
Cathedral City Mature Cheddar Cheese Slices x6 150g,£2.40,£16.00 / kg,null,fresh_food,milk_butter_eggs,2024-11-19
Country Life Spreadable Blend of Butter & Rapeseed Oil Sprea...,£4.10,£8.20 / kg,null,fresh_food,milk_butter_eggs,2024-11-19
Aero Milk Chocolate Mousse 4x59g,£1.85,78p / 100g,null,fresh_food,milk_butter_eggs,2024-11-19
Mini Babybel Original Cheese Snacks 6x20g,£2.45,£20.42 / kg,£1.50,fresh_food,milk_butter_eggs,2024-11-19
Sainsbury's Grana Padano Cheese 200g,£3.00,£15.00 / kg,null,fresh_food,milk_butter_eggs,2024-11-19
Yeo Valley Organic Natural Creamy Bio Live Yogurt 950g,£3.60,38p / 100g,null,fresh_food,milk_butter_eggs,2024-11-19
Activia Cherry No Added Sugar Fat Free Yogurt 4x115g,£2.50,54p / 100g,£1.75,fresh_food,milk_butter_eggs,2024-11-19
Muller Corner Peach & Apricot Yogurt 136g,90p,66p / 100g,null,fresh_food,milk_butter_eggs,2024-11-19
Sainsbury's British Skimmed Milk 568ml (1 pint),85p,£1.50 / ltr,null,fresh_food,milk_butter_eggs,2024-11-19
Muller Corner Bliss Lemon Greek Style Yogurt 4x105g,£3.00,68p / 100g,null,fresh_food,milk_butter_eggs,2024-11-19
"Sainsbury's West Country Lemon Curd Yogurt, Taste the Differ...",95p,63p / 100g,80p,fresh_food,milk_butter_eggs,2024-11-19
Anchor Lighter Spreadable Blend of Butter & Rapeseed Oil Spr...,£3.70,£9.25 / kg,null,fresh_food,milk_butter_eggs,2024-11-19
"Sainsbury's Mature Cheddar Cheese, SO Organic 270g",£3.20,£11.85 / kg,null,fresh_food,milk_butter_eggs,2024-11-19
"Sainsbury's British Butter Slightly Salted, SO Organic 250g",£3.00,£12.00 / kg,null,fresh_food,milk_butter_eggs,2024-11-19
The Collective Suckies Raspberry Kids Yoghurt Pouch 90g,95p,£1.06 / 100g,null,fresh_food,milk_butter_eggs,2024-11-19
Müller Corner Strawberry Yogurt With White Chocolate Shortca...,90p,73p / 100g,null,fresh_food,milk_butter_eggs,2024-11-19
Sainsbury's Butterlicious Spread 500g,£1.25,£2.50 / kg,null,fresh_food,milk_butter_eggs,2024-11-19
Dairy Pride Semi-Skimmed Longer Lasting UHT Milk 1 Litre,69p,69p / ltr,null,fresh_food,milk_butter_eggs,2024-11-19
Stamford Street Co. Greek Style Salad Cheese 200g,89p,£4.45 / kg,null,fresh_food,milk_butter_eggs,2024-11-19
The Collective Suckies Banana Kids Yoghurt Pouch 90g,95p,£1.06 / 100g,null,fresh_food,milk_butter_eggs,2024-11-19
Sainsbury's Emmental Cheese Slices 250g,£2.65,£10.60 / kg,null,fresh_food,milk_butter_eggs,2024-11-19
Muller Light Fat Free Yogurts With Chocolate Sprinkles 6x140...,£4.00,48p / 100g,null,fresh_food,milk_butter_eggs,2024-11-19
Sainsbury's Mascarpone Cheese 250g,£1.90,£7.60 / kg,null,fresh_food,milk_butter_eggs,2024-11-19
Sainsbury's Olive Spread 500g,£1.40,£2.80 / kg,null,fresh_food,milk_butter_eggs,2024-11-19
Country Life British Salted Butter 250g,£3.10,£12.40 / kg,null,fresh_food,milk_butter_eggs,2024-11-19
Sainsbury's Fat Free Natural Yogurt 500g,£1.10,22p / 100g,null,fresh_food,milk_butter_eggs,2024-11-19
Califia Farms Oat Drink Barista Blend 1L,£2.10,£2.10 / ltr,null,fresh_food,milk_butter_eggs,2024-11-19
Munch Bunch Double Up Fromage Frais Strawberry & Vanilla 4x8...,£2.00,59p / 100g,£1.50,fresh_food,milk_butter_eggs,2024-11-19
Benecol Raspberry No Added Sugar Yogurt Drink 6x67.5g,£4.30,£1.06 / 100g,£3.75,fresh_food,milk_butter_eggs,2024-11-19
Müller Corner Strawberry & Peach & Apricot Yogurts 6x136g,£4.00,49p / 100g,£2.50,fresh_food,milk_butter_eggs,2024-11-19
Alpro Plain No Sugars Soya Dairy Free Yoghurt Alternative 50...,£2.10,42p / 100g,£1.50,fresh_food,milk_butter_eggs,2024-11-19
Alpro Soya Milk Chilled Dairy Alternative 1L,£2.00,£2.00 / ltr,£1.50,fresh_food,milk_butter_eggs,2024-11-19
Sainsbury's Somerset Brie Cheese 230g,£3.00,£13.04 / kg,null,fresh_food,milk_butter_eggs,2024-11-19
Sainsbury's Mixed Yellow Fruit Yogurt 6x125g,£1.50,20p / 100g,null,fresh_food,milk_butter_eggs,2024-11-19
Dairylea Dunkers Jumbo Tubes Cheese Snack 3x41g,£2.25,£18.29 / kg,null,fresh_food,milk_butter_eggs,2024-11-19
Activia Gut Health 920g,£4.00,43p / 100g,null,fresh_food,milk_butter_eggs,2024-11-19
Yeo Valley Organic Little Yeos Fruity Favourites Kids Yogurt...,£2.15,63p / 100g,£1.50,fresh_food,milk_butter_eggs,2024-11-19
Oykos Blueberry Luxury greek Style Yogurt 4x110g,£2.00,45p / 100g,null,fresh_food,milk_butter_eggs,2024-11-19
ProActiv Buttery Taste Spread 450g,£4.50,£10.00 / kg,null,fresh_food,milk_butter_eggs,2024-11-19
Sainsbury's Cheesy Slices x10 200g,£1.40,£7.00 / kg,null,fresh_food,milk_butter_eggs,2024-11-19
The Coconut Collaborative Natural Yogurt Alternative 350g,£2.50,71p / 100g,null,fresh_food,milk_butter_eggs,2024-11-19
Flora Original Spread  Alternative To Butter 450g,£2.50,£5.56 / kg,null,fresh_food,milk_butter_eggs,2024-11-19
Activia Fibre Walnut & Oat Breakfast Gut Health Yoghurt 4x11...,£2.75,60p / 100g,null,fresh_food,milk_butter_eggs,2024-11-19
Petits Filous Kids Strawberry & Raspberry Yoghurt 6x47g,£1.95,69p / 100g,£1.50,fresh_food,milk_butter_eggs,2024-11-19
Alpro Soya Milk No Sugars Chilled Dairy Alternative 1L,£2.00,£2.00 / ltr,£1.50,fresh_food,milk_butter_eggs,2024-11-19
Le Rustique Camembert Cheese 250g,£2.90,£11.60 / kg,null,fresh_food,milk_butter_eggs,2024-11-19
Sainsbury's Wensleydale Cheese with Cranberries 200g,£2.65,£13.25 / kg,£2.25,fresh_food,milk_butter_eggs,2024-11-19
Fruit Bowl Strawberry Yogurt Flakes 5x21g,£2.25,£2.50 / 100g,null,fresh_food,milk_butter_eggs,2024-11-19
Sainsbury's Grated Cheddar & Mozzarella Mix 250g,£2.65,£10.60 / kg,null,fresh_food,milk_butter_eggs,2024-11-19
Sainsbury's British Single Cream 150ml,80p,53p / 100ml,null,fresh_food,milk_butter_eggs,2024-11-19
Cathedral City Grated Mature Cheddar Cheese 180g,£2.40,£13.33 / kg,null,fresh_food,milk_butter_eggs,2024-11-19
Lindahls Kvarg Raspberry Protein Yogurt 150g,£1.25,83p / 100g,null,fresh_food,milk_butter_eggs,2024-11-19
Castello Creamy Blue Cheese 150g,£2.80,£18.67 / kg,null,fresh_food,milk_butter_eggs,2024-11-19
Biotiful Gut Health Kefir Milk Drink Original 1L,£3.50,35p / 100ml,£3.00,fresh_food,milk_butter_eggs,2024-11-19
Müller Rice Strawberry Low Fat Pudding Dessert 170g,90p,53p / 100g,null,fresh_food,milk_butter_eggs,2024-11-19
Alpro Blueberry & Cherry Soya Plant Based Yoghurt Alternativ...,£2.00,40p / 100g,null,fresh_food,milk_butter_eggs,2024-11-19
Lurpak Lighter Spreadable Blend of Butter and Rapeseed Oil 7...,£7.25,£9.67 / kg,null,fresh_food,milk_butter_eggs,2024-11-19
Ski Smooth Strawberry & Raspberry Yogurt 4x120g,£1.45,30p / 100g,null,fresh_food,milk_butter_eggs,2024-11-19
Alpro Strawberry Banana Peach Pear Soya Plant Based Yoghurt ...,£2.00,40p / 100g,null,fresh_food,milk_butter_eggs,2024-11-19
Sainsbury's Lard 250g,60p,£2.40 / kg,null,fresh_food,milk_butter_eggs,2024-11-19
Stork Baking Spread Alternative to Butter 500g,£2.30,£4.60 / kg,null,fresh_food,milk_butter_eggs,2024-11-19
Activia Peach No Added Sugar Fat Free Yogurt 4x115g,£2.50,54p / 100g,£1.75,fresh_food,milk_butter_eggs,2024-11-19
Dairylea Cheese Spread Triangles x8 125g,£1.75,£14.00 / kg,null,fresh_food,milk_butter_eggs,2024-11-19
Cravendale Filtered Fresh Whole Milk Fresher for Longer 1L,£1.60,£1.60 / ltr,£1.35,fresh_food,milk_butter_eggs,2024-11-19
Frubes Kids Strawberry Yoghurt Tubes 9x37g,£2.25,68p / 100g,null,fresh_food,milk_butter_eggs,2024-11-19
"Sainsbury's British Butter Unsalted, SO Organic 250g",£3.00,£12.00 / kg,null,fresh_food,milk_butter_eggs,2024-11-19
Bonne Maman Chocolate Mousse Dessert 2x70g,£2.20,£1.57 / 100g,null,fresh_food,milk_butter_eggs,2024-11-19
Arla Raspberry Protein Yogurt 200g,£1.10,55p / 100g,null,fresh_food,milk_butter_eggs,2024-11-19
Sainsbury's Ready Rolled Shortcrust Pastry 320g,£1.20,£3.75 / kg,null,fresh_food,milk_butter_eggs,2024-11-19
Stamford Street Co. Red Leicester 600g,£3.74,£6.23 / kg,null,fresh_food,milk_butter_eggs,2024-11-19
Sainsbury's Skimmed Long Life Milk 6x1L,£5.34,89p / ltr,null,fresh_food,milk_butter_eggs,2024-11-19
Wildlife Choobs Kids Strawberry Yoghurt Tubes 6x37g,£1.20,54p / 100g,£1.00,fresh_food,milk_butter_eggs,2024-11-19
Plenish Organic Almond Dairy Alternative Long Life Drink 1L,£2.25,£2.25 / ltr,£2.00,fresh_food,milk_butter_eggs,2024-11-19
Yeo Valley Organic Little Yeos Strawberry & Raspberry Fromag...,£2.15,80p / 100g,null,fresh_food,milk_butter_eggs,2024-11-19
Actimel Blueberry Cultured Yogurt Drink 8x100g,£3.75,47p / 100g,null,fresh_food,milk_butter_eggs,2024-11-19
Sainsbury's Cholesterol Lowering Drink Strawberry 6x100g,£3.00,50p / 100g,null,fresh_food,milk_butter_eggs,2024-11-19
Sainsbury's Ricotta Cheese 250g,£1.50,£6.00 / kg,null,fresh_food,milk_butter_eggs,2024-11-19
The Happy Egg Co. Free Range Large x6,£2.90,48p / ea,null,fresh_food,milk_butter_eggs,2024-11-19
Milkybar White Chocolate Dessert 2x65g,£1.85,£1.32 / 100g,null,fresh_food,milk_butter_eggs,2024-11-19
Stamford Street Co. Mild Cheddar Slices x10 200g,£1.39,£6.95 / kg,null,fresh_food,milk_butter_eggs,2024-11-19
Sainsbury's Chocolate Milkshake 1L,£1.00,10p / 100ml,null,fresh_food,milk_butter_eggs,2024-11-19
Galbani Mozzarella Cheese Maxi Bag 250g,£2.95,£11.80 / kg,null,fresh_food,milk_butter_eggs,2024-11-19
Actimel Strawberry 0% Added Sugar Fat Free Yogurt Drink 8x10...,£3.75,47p / 100g,null,fresh_food,milk_butter_eggs,2024-11-19
Lurpak Unsalted Butter 200g,£2.25,£11.25 / kg,null,fresh_food,milk_butter_eggs,2024-11-19
Respectful Medium Carbon Neutral Free Range Eggs x6,£2.30,38p / ea,null,fresh_food,milk_butter_eggs,2024-11-19
Elmlea Single Alternative To Cream 270ml,£1.25,46p / 100ml,95p,fresh_food,milk_butter_eggs,2024-11-19
Sainsbury's British Extra Mature Grated Cheddar Cheese 250g,£2.65,£10.60 / kg,null,fresh_food,milk_butter_eggs,2024-11-19
Purely Organic Free Range Eggs x10 540g,£5.05,51p / ea,null,fresh_food,milk_butter_eggs,2024-11-19
Cathedral City Lighter Mature Cheddar Cheese 550g,£5.00,£9.09 / kg,null,fresh_food,milk_butter_eggs,2024-11-19
Sainsbury's Double Gloucester Cheese 250g,£2.85,£11.40 / kg,null,fresh_food,milk_butter_eggs,2024-11-19
Onken Cherry Yogurt 450g,£1.95,43p / 100g,null,fresh_food,milk_butter_eggs,2024-11-19
Dairy Pride UHT Skimmed Milk 1L,69p,69p / ltr,null,fresh_food,milk_butter_eggs,2024-11-19
Sainsbury's British Medium Grated Cheddar Cheese 250g,£2.65,£10.60 / kg,null,fresh_food,milk_butter_eggs,2024-11-19
Stamford Street Co. Mild Cheddar 600g,£3.70,£6.17 / kg,null,fresh_food,milk_butter_eggs,2024-11-19
Saint Agur Blue Cheese 150g,£2.95,£19.67 / kg,null,fresh_food,milk_butter_eggs,2024-11-19
Sainsbury's British Extra Thick Double Fresh Cream 300ml,£1.70,57p / 100ml,null,fresh_food,milk_butter_eggs,2024-11-19
Cathedral City Lighter Mature Cheddar Cheese 350g,£3.75,£10.71 / kg,£3.00,fresh_food,milk_butter_eggs,2024-11-19
Yeo Valley Organic Raspberry Yogurt 450g,£2.25,50p / 100g,null,fresh_food,milk_butter_eggs,2024-11-19
Sainsbury's Light Soft Cheese 250g,£1.55,£6.20 / kg,null,fresh_food,milk_butter_eggs,2024-11-19
Benecol Original No Added Sugar Yogurt Drink 6x67.5g,£4.30,£1.06 / 100g,£3.75,fresh_food,milk_butter_eggs,2024-11-19
"Sainsbury's West Country Madagascan Vanilla Yogurt, Taste th...",95p,63p / 100g,80p,fresh_food,milk_butter_eggs,2024-11-19
Lindahls Kvarg Vanilla Protein Yogurt 150g,£1.25,83p / 100g,null,fresh_food,milk_butter_eggs,2024-11-19
Oykos Raspberry Luxury Greek Style Yogurt 4x110g,£2.00,45p / 100g,null,fresh_food,milk_butter_eggs,2024-11-19
Sainsbury's Sweetened Soya Drink 1L,99p,99p / ltr,null,fresh_food,milk_butter_eggs,2024-11-19
Chavroux La Buche Goats Cheese 150g,£2.65,£17.67 / kg,£2.05,fresh_food,milk_butter_eggs,2024-11-19
Sainsbury's Whole British Milk 1L,89p,89p / ltr,null,fresh_food,milk_butter_eggs,2024-11-19
Sainsbury's Unsweetened Almond Drink 1L,99p,99p / ltr,null,fresh_food,milk_butter_eggs,2024-11-19
Alpro Oat Milk Long Life Dairy Alternative 1L,£2.10,£2.10 / ltr,null,fresh_food,milk_butter_eggs,2024-11-19
Oatly Oat Drink Barista Edition Chilled 1L,£2.20,£2.20 / ltr,£1.70,fresh_food,milk_butter_eggs,2024-11-19
Alpro Vanilla Soya Plant Based Yoghurt Alternative 500g,£2.10,42p / 100g,£1.50,fresh_food,milk_butter_eggs,2024-11-19
Yeo Valley Organic Natural Yogurt 4x110g,£2.50,57p / 100g,null,fresh_food,milk_butter_eggs,2024-11-19
Benecol Peach & Apricot No Added Sugar Yogurt Drink 6x67.5g,£4.30,£1.06 / 100g,£3.75,fresh_food,milk_butter_eggs,2024-11-19
Alpro Soya Milk No Sugars Long Life Dairy Alternative 1L,£2.10,£2.10 / ltr,£1.50,fresh_food,milk_butter_eggs,2024-11-19
Onken Natural Set Yogurt 450g,£1.95,43p / 100g,null,fresh_food,milk_butter_eggs,2024-11-19
Port Salut French Cheese 185g,£2.95,£15.95 / kg,£1.80,fresh_food,milk_butter_eggs,2024-11-19
Yeo Valley Organic Greek Style Natural Yogurt 950g,£3.85,41p / 100g,null,fresh_food,milk_butter_eggs,2024-11-19
Graham's Gold Jersey Full Cream Milk 1L,£1.60,£1.60 / ltr,£1.30,fresh_food,milk_butter_eggs,2024-11-19
Utterly Butterly Spread Alternative to Butter 500g,£1.50,£3.00 / kg,null,fresh_food,milk_butter_eggs,2024-11-19
Arla Jord Chilled Oat Drink 1L,£1.90,£1.90 / ltr,null,fresh_food,milk_butter_eggs,2024-11-19
Philadelphia Original Soft Cream Cheese Mini Tub Pack x4 140...,£1.95,£13.93 / kg,null,fresh_food,milk_butter_eggs,2024-11-19
Sainsbury's Grated Mozzarella Cheese 500g,£4.65,£9.30 / kg,null,fresh_food,milk_butter_eggs,2024-11-19
Sainsbury's Greek Style Natural Yogurt 200g,80p,40p / 100g,null,fresh_food,milk_butter_eggs,2024-11-19
Philadelphia Light Low Fat Soft Cream Cheese 280g,£3.25,£11.61 / kg,null,fresh_food,milk_butter_eggs,2024-11-19
Müller Corner Mixed Red Fruits Yogurts 6x136g,£4.00,49p / 100g,£2.50,fresh_food,milk_butter_eggs,2024-11-19
Oykos Salted Caramel Luxury Greek Style Yogurt 4x110g,£2.00,45p / 100g,null,fresh_food,milk_butter_eggs,2024-11-19
Clover Light Spread Alternative to Butter 500g,£2.45,£4.90 / kg,£1.75,fresh_food,milk_butter_eggs,2024-11-19
Actimel Strawberry Cultured Yogurt Drink 12x100g,£4.50,38p / 100g,null,fresh_food,milk_butter_eggs,2024-11-19
Sainsbury's Skimmed Milk 1L,89p,89p / ltr,null,fresh_food,milk_butter_eggs,2024-11-19
Sainsbury's Emmental Cheese 250g,£2.50,£10.00 / kg,null,fresh_food,milk_butter_eggs,2024-11-19
Cadbury Dairy Milk Layers of Joy Chocolate Trifle 2x90,£1.75,97p / 100g,£1.50,fresh_food,milk_butter_eggs,2024-11-19
"Sainsbury's West Country Spanish Honey & Ginger Yogurt, Tast...",95p,63p / 100g,80p,fresh_food,milk_butter_eggs,2024-11-19
Sainsbury's Greek Style Honey Yogurt 450g,£1.60,36p / 100g,null,fresh_food,milk_butter_eggs,2024-11-19
Benecol Buttery Spread 500g,£4.50,£9.00 / kg,£3.50,fresh_food,milk_butter_eggs,2024-11-19
Arla Salted Caramel Protein Yogurt 200g,£1.10,55p / 100g,null,fresh_food,milk_butter_eggs,2024-11-19
Sainsbury's Lighter Mozzarella Cheese 125g,£1.25,£10.00 / kg,null,fresh_food,milk_butter_eggs,2024-11-19
Biotiful Gut Health Kefir Milk Drink Original 500ml,£2.60,52p / 100ml,null,fresh_food,milk_butter_eggs,2024-11-19
Sainsbury's Greek Style Low Fat Natural Yogurt 500g,£1.10,22p / 100g,null,fresh_food,milk_butter_eggs,2024-11-19
"Sainsbury's Raspberry Yogurt, Taste the Difference 150g",95p,63p / 100g,80p,fresh_food,milk_butter_eggs,2024-11-19
Yeo Valley Organic Kefir Raspberry Yogurt Pack 4x100g,£2.50,63p / 100g,£1.50,fresh_food,milk_butter_eggs,2024-11-19
The Happy Egg Co. Free Range Large x10,£4.10,41p / ea,null,fresh_food,milk_butter_eggs,2024-11-19
Sainsbury's Everyday Lactose Free Whole Dairy Drink 1l,£1.35,£1.35 / ltr,null,fresh_food,milk_butter_eggs,2024-11-19
Lurpak Slightly Salted Spreadable Blend of Butter & Rapeseed...,£2.90,£11.60 / kg,null,fresh_food,milk_butter_eggs,2024-11-19
Sainsbury's Everyday Lactose Free Skimmed Dairy Drink 1L,£1.35,£1.35 / ltr,null,fresh_food,milk_butter_eggs,2024-11-19
Apetina Paneer Cheese 225g,£2.00,£8.89 / kg,null,fresh_food,milk_butter_eggs,2024-11-19
Sainsbury's Lighter Cypriot Cheese 225g,£2.15,£9.56 / kg,null,fresh_food,milk_butter_eggs,2024-11-19
Activia Prune Fusions Yogurt 4x120g,£2.75,57p / 100g,null,fresh_food,milk_butter_eggs,2024-11-19
Yakult Balance 8x65ml,£3.75,72p / 100ml,null,fresh_food,milk_butter_eggs,2024-11-19
Lindahls Kvarg Stracciatella with Chocolate Pieces Protein Y...,£1.25,83p / 100g,null,fresh_food,milk_butter_eggs,2024-11-19
"Activia Strawberry, Vanilla, Peach & Raspberry No Added Suga...",£4.00,43p / 100g,null,fresh_food,milk_butter_eggs,2024-11-19
Primula Cheese Original 140g,£1.85,£13.21 / kg,null,fresh_food,milk_butter_eggs,2024-11-19
Yeo Valley Organic Natural Yogurt 150g,85p,57p / 100g,null,fresh_food,milk_butter_eggs,2024-11-19
St Helen's Farm Whole Goats Milk 1L,£2.15,£2.15 / ltr,null,fresh_food,milk_butter_eggs,2024-11-19
"Sainsbury's France Made with Unpasteurised Milk Comté, Taste...",£3.65,£20.28 / kg,null,fresh_food,milk_butter_eggs,2024-11-19
St Helen's Farm Semi Skimmed Goats Milk 1L,£2.15,£2.15 / ltr,null,fresh_food,milk_butter_eggs,2024-11-19
Actimel Multifruit Cultured Yogurt Drink 12x100g,£4.50,38p / 100g,null,fresh_food,milk_butter_eggs,2024-11-19
Müller Corner Chocolate Digestive & Strawberry Shortcake Yog...,£4.00,54p / 100g,£2.50,fresh_food,milk_butter_eggs,2024-11-19
Petits Filous Kids Strawberry Yoghurt Drink 4x100g,£2.40,60p / 100g,null,fresh_food,milk_butter_eggs,2024-11-19
Rodda's Clotted Cream 227g,£2.75,£1.21 / 100g,null,fresh_food,milk_butter_eggs,2024-11-19
"Sainsbury's Stilton Blue Cheese, Taste the Difference 210g",£3.20,£15.24 / kg,null,fresh_food,milk_butter_eggs,2024-11-19
Sainsbury's Shaved Parmesan Cheese 80g,£2.00,£25.00 / kg,null,fresh_food,milk_butter_eggs,2024-11-19
Yeo Valley Organic Strawberry Yogurt 450g,£2.25,50p / 100g,null,fresh_food,milk_butter_eggs,2024-11-19
Pilgrims Choice Mature Cheddar Cheese 350g,£4.20,£12.00 / kg,null,fresh_food,milk_butter_eggs,2024-11-19
Cathedral City Extra Mature Cheddar Cheese 350g,£3.75,£10.71 / kg,£3.00,fresh_food,milk_butter_eggs,2024-11-19
"Sainsbury's Free Range Golden Yolk Eggs, Taste the Differenc...",£4.45,37p / ea,null,fresh_food,milk_butter_eggs,2024-11-19
Sainsbury's Edam Cheese Slices 250g,£2.80,£11.20 / kg,null,fresh_food,milk_butter_eggs,2024-11-19
Lindahls Kvarg White Chocolate Protein Yogurt 150g,£1.25,83p / 100g,null,fresh_food,milk_butter_eggs,2024-11-19
Sainsbury's Somerset Brie Cheese 160g,£2.25,£14.06 / kg,null,fresh_food,milk_butter_eggs,2024-11-19
Lurpak Unsalted Spreadable Blend of Butter & Rapeseed Oil 40...,£4.00,£10.00 / kg,£3.00,fresh_food,milk_butter_eggs,2024-11-19
ProActiv Light Spread 450g,£4.50,£10.00 / kg,null,fresh_food,milk_butter_eggs,2024-11-19
Swedish Glace Vanilla Dairy Free Vegan Ice Cream Tub Dessert...,£3.00,40p / 100ml,null,fresh_food,milk_butter_eggs,2024-11-19
Actimel Original 0% Added Sugar Fat Free Yogurt Drink 8x100g,£3.75,47p / 100g,null,fresh_food,milk_butter_eggs,2024-11-19
Alpro Greek Style Plain Dairy Free Yoghurt Alternative 400g,£2.10,53p / 100g,£1.50,fresh_food,milk_butter_eggs,2024-11-19
Davidstow Classic Cornish Mature Cheddar Cheese 350g,£4.75,£13.57 / kg,null,fresh_food,milk_butter_eggs,2024-11-19
Arla Big Filtered Milk Vitamin Enriched Whole Milk for Kids ...,£2.65,£1.33 / ltr,null,fresh_food,milk_butter_eggs,2024-11-19
Wildlife Kids Strawberry & Peach Yoghurt Pots 18x45g,£2.35,29p / 100g,null,fresh_food,milk_butter_eggs,2024-11-19
Sainsbury's Abergavenny Goats Cheese 125g,£2.40,£19.20 / kg,null,fresh_food,milk_butter_eggs,2024-11-19
Yeo Valley Organic Kefir Mango & Passionfruit Yogurt 350g,£2.00,57p / 100g,null,fresh_food,milk_butter_eggs,2024-11-19
Arla Lactofree Semi Skimmed Milk Drink 2L,£2.90,£1.45 / ltr,£2.25,fresh_food,milk_butter_eggs,2024-11-19
Cravendale Filtered Fresh Skimmed Milk Fresher for Longer 1L,£1.60,£1.60 / ltr,£1.35,fresh_food,milk_butter_eggs,2024-11-19
Sainsbury's Fruit Fool Gooseberry 114g,95p,83p / 100g,null,fresh_food,milk_butter_eggs,2024-11-19
Yeo Valley Organic Kefir Mango & Passion Fruit Yogurt Pack 4...,£2.50,63p / 100g,£1.50,fresh_food,milk_butter_eggs,2024-11-19
Peppa Pig Kids Strawberry Yoghurt Pots 6x45g,£1.20,44p / 100g,£1.00,fresh_food,milk_butter_eggs,2024-11-19
Ski Mousse Strawberry 4x60g,£2.10,88p / 100g,null,fresh_food,milk_butter_eggs,2024-11-19
Yeo Valley Organic Lemon Curd Yogurt 450g,£2.25,50p / 100g,null,fresh_food,milk_butter_eggs,2024-11-19
Happy Monkey Chocolate Milkshakes 3x200ml,£1.20,20p / 100ml,null,fresh_food,milk_butter_eggs,2024-11-19
Sainsbury's Red Leicester Cheese Slices 240g,£2.70,£11.25 / kg,null,fresh_food,milk_butter_eggs,2024-11-19
Rachel's Organic Greek Style Ginger Yogurt 450g,£2.65,59p / 100g,£1.75,fresh_food,milk_butter_eggs,2024-11-19
Arla Lactofree Fresh Whole Milk Drink 1 Litre,£1.85,£1.85 / ltr,null,fresh_food,milk_butter_eggs,2024-11-19
Pilgrims Choice Extra Mature Cheddar Cheese 550g,£5.40,£9.82 / kg,£4.00,fresh_food,milk_butter_eggs,2024-11-19
Sainsbury's British Mild Cheddar Cheese Slices 240g,£2.70,£11.25 / kg,null,fresh_food,milk_butter_eggs,2024-11-19
Bonne Maman Creme Caramel Dessert 4x100g,£3.20,80p / 100g,£2.50,fresh_food,milk_butter_eggs,2024-11-19
Stork Vegan Baking Block 250g,£1.50,£6.00 / kg,£1.00,fresh_food,milk_butter_eggs,2024-11-19
Sainsbury's Strawberry Milkshake 1L,£1.00,10p / 100ml,null,fresh_food,milk_butter_eggs,2024-11-19
Port Salut French Creamy Cheese Slices 6x20g,£2.60,£21.67 / kg,null,fresh_food,milk_butter_eggs,2024-11-19
Muller Corner Originals Apple Crumble Yogurt 4x124g,£3.00,60p / 100g,null,fresh_food,milk_butter_eggs,2024-11-19
Jarlsberg Cheese Slices 160g,£2.45,£15.31 / kg,null,fresh_food,milk_butter_eggs,2024-11-19
Yeo Valley Organic Fruity Favourites 4x110g,£2.50,57p / 100g,£1.50,fresh_food,milk_butter_eggs,2024-11-19
Philadelphia Light Low Fat Soft Cream Cheese 165g,£2.20,£13.33 / kg,£1.25,fresh_food,milk_butter_eggs,2024-11-19
"Sainsbury's Extra Mature Cumbrian Cheddar, Taste the Differe...",£3.80,£10.86 / kg,null,fresh_food,milk_butter_eggs,2024-11-19
Actimel Strawberry Blueberry Cultured Yogurt Drink 12x100g,£4.50,38p / 100g,null,fresh_food,milk_butter_eggs,2024-11-19
"Sainsbury's Swiss Mature Reserve Gruyere Cheese, Taste the D...",£4.20,£21.00 / kg,null,fresh_food,milk_butter_eggs,2024-11-19
Dairylea Dunkers Jumbo Tubes Cheese Snacks Pack x6 246g,£3.30,£13.41 / kg,null,fresh_food,milk_butter_eggs,2024-11-19
Müller Light Fat Free Smooth Toffee Yogurt 160g,90p,56p / 100g,60p,fresh_food,milk_butter_eggs,2024-11-19
Sainsbury's Somerset Goats Cheese 100g,£2.25,£22.50 / kg,null,fresh_food,milk_butter_eggs,2024-11-19
Lindahls Pro Kvarg Lemon Cheesecake Protein Yogurt 150g,£1.40,93p / 100g,null,fresh_food,milk_butter_eggs,2024-11-19
Oatly Organic Oat Drink Long Life 1L,£2.00,£2.00 / ltr,£1.50,fresh_food,milk_butter_eggs,2024-11-19
Jus-Rol Puff Pastry Block 500g,£1.60,£3.20 / kg,null,fresh_food,milk_butter_eggs,2024-11-19
Alpro Organic Soya Milk No Sugars Long Life Dairy Alternativ...,£2.10,£2.10 / ltr,£1.50,fresh_food,milk_butter_eggs,2024-11-19
Stamford Street Co. Italian Hard Cheese 200g,£2.80,£14.00 / kg,null,fresh_food,milk_butter_eggs,2024-11-19
Midas Grilling Cheese 200g,£1.80,£9.00 / kg,null,fresh_food,milk_butter_eggs,2024-11-19
Paw Patrol Kids Strawberry Yoghurt Pots 6x45g,£1.20,44p / 100g,£1.00,fresh_food,milk_butter_eggs,2024-11-19
Laughing Cow Light Triangles 267g,£2.95,£11.05 / kg,null,fresh_food,milk_butter_eggs,2024-11-19
Mini Babybel Light Cheese Snacks 6x20g,£2.45,£20.42 / kg,£1.50,fresh_food,milk_butter_eggs,2024-11-19
JS Baking Spread 500g,£1.40,£2.80 / kg,null,fresh_food,milk_butter_eggs,2024-11-19
"Sainsbury's Farmhouse Butter, Taste the Difference 250g",£2.60,£10.40 / kg,null,fresh_food,milk_butter_eggs,2024-11-19
Onken Fat Free Vanilla Yogurt 450g,£1.95,43p / 100g,null,fresh_food,milk_butter_eggs,2024-11-19
Sainsbury's Buttermilk 300ml,£1.00,33p / 100ml,null,fresh_food,milk_butter_eggs,2024-11-19
"Light & Free Strawberry Greek Style 0% Added Sugar, Fat Free...",£2.50,54p / 100g,£1.25,fresh_food,milk_butter_eggs,2024-11-19
Bonne Maman Strawberry Mousse Dessert 2x70g,£2.20,£1.57 / 100g,null,fresh_food,milk_butter_eggs,2024-11-19
Philadelphia Light Soft Cream Cheese Snacks Mini Tub Pack x4...,£1.95,£13.93 / kg,null,fresh_food,milk_butter_eggs,2024-11-19
Bio & Me Kefir Live Yoghurt Original 350g,£2.10,60p / 100g,£1.50,fresh_food,milk_butter_eggs,2024-11-19
Benecol Yogurt Drink Strawberry 6x67.5g,£4.30,£1.06 / 100g,£3.75,fresh_food,milk_butter_eggs,2024-11-19
Rude Health Almond Drink 1L,£2.30,£2.30 / ltr,null,fresh_food,milk_butter_eggs,2024-11-19
Activia Raspberry No Added Sugar Fat Free Yogurt 4x115g,£2.50,54p / 100g,£1.75,fresh_food,milk_butter_eggs,2024-11-19
Jus-Rol Pain Au Chocolat Dough x6 275g,£2.60,£9.45 / kg,£1.75,fresh_food,milk_butter_eggs,2024-11-19
Dairylea Cheese Spread 270g,£2.40,£8.89 / kg,null,fresh_food,milk_butter_eggs,2024-11-19
Sainsbury's Lactose Free Greek Style Yogurt 450g,£1.65,37p / 100g,null,fresh_food,milk_butter_eggs,2024-11-19
Cadbury Dairy Milk Chocolate Dessert Limited Edition 75g,£1.15,£1.53 / 100g,null,fresh_food,milk_butter_eggs,2024-11-19
Leerdammer Original Slices x8 160g,£2.35,£14.69 / kg,null,fresh_food,milk_butter_eggs,2024-11-19
Arla Lactofree Cream 250ml,£1.55,62p / 100ml,null,fresh_food,milk_butter_eggs,2024-11-19
Sainsbury's Mild & Buttery Edam 300g,£2.80,£9.03 / kg,null,fresh_food,milk_butter_eggs,2024-11-19
Sainsbury's Kids Fruited Yogurt Pack 6x45g,£1.00,37p / 100g,null,fresh_food,milk_butter_eggs,2024-11-19
"Sainsbury's Grana Padano Riserva Cheese, Taste the Differenc...",£3.75,£25.00 / kg,null,fresh_food,milk_butter_eggs,2024-11-19
Yeo Valley Organic 0% Fat Vanilla Yogurt 450g,£2.25,50p / 100g,null,fresh_food,milk_butter_eggs,2024-11-19
Pure Dairy Free Buttery Taste 500g,£2.15,£4.30 / kg,£1.50,fresh_food,milk_butter_eggs,2024-11-19
Cravendale Filtered Fresh Semi Skimmed Milk Fresher for Long...,£3.60,£1.20 / ltr,null,fresh_food,milk_butter_eggs,2024-11-19
Stork Baking Spread Alternative to Butter 1kg,£3.15,£3.15 / kg,null,fresh_food,milk_butter_eggs,2024-11-19
Violife Original Slices Vegan Cheese Alternative 175g,£2.50,£14.29 / kg,null,fresh_food,milk_butter_eggs,2024-11-19
Benecol Yogurt Drink Blueberry 6x67.5g,£4.30,£1.06 / 100g,£3.75,fresh_food,milk_butter_eggs,2024-11-19
Yeo Valley Organic Fresh Semi Skimmed Milk 2L,£2.75,£1.38 / ltr,null,fresh_food,milk_butter_eggs,2024-11-19
Rude Health Oat Drink 1L,£2.20,£2.20 / ltr,null,fresh_food,milk_butter_eggs,2024-11-19
Fruit Bowl Raspberry Yogurt Flakes 5x21g,£2.25,£2.50 / 100g,null,fresh_food,milk_butter_eggs,2024-11-19
Yeo Valley Organic Free Range Whole Milk 1L,£1.80,£1.80 / ltr,null,fresh_food,milk_butter_eggs,2024-11-19
Yeo Valley Greek Recipe 5% Strain Natural Yogurt 850g,£4.25,50p / 100g,null,fresh_food,milk_butter_eggs,2024-11-19
Jus-Rol Filo Pastry Sheets x7 270g,£1.90,£7.04 / kg,null,fresh_food,milk_butter_eggs,2024-11-19
Sainsbury's Cambozola Blue Cheese 175g,£3.10,£17.71 / kg,null,fresh_food,milk_butter_eggs,2024-11-19
Elmlea Plant Double Vegan Alternative to Cream 250ml,£1.50,60p / 100ml,£1.10,fresh_food,milk_butter_eggs,2024-11-19
Sainsbury's Fresh Custard 500g,£2.40,48p / 100g,null,fresh_food,milk_butter_eggs,2024-11-19
Muller Corner Originals Mississippi Mud Pie Yogurt 4x124g,£3.00,60p / 100g,null,fresh_food,milk_butter_eggs,2024-11-19
Alpro Dark Chocolate Dessert 4x125g,£1.85,37p / 100g,null,fresh_food,milk_butter_eggs,2024-11-19
Flora Buttery Spread Alternative To Butter 1kg,£4.60,£4.60 / kg,£3.00,fresh_food,milk_butter_eggs,2024-11-19
The Happy Egg Co. Free Range Mixed Sizes x10 497g,£3.80,38p / ea,£3.50,fresh_food,milk_butter_eggs,2024-11-19
"Sainsbury's Colombian Coffee Mousse, Taste the Difference 10...",£1.00,£1.00 / 100g,null,fresh_food,milk_butter_eggs,2024-11-19
Sainsbury's Mature British Cheddar 220g,£2.45,£11.14 / kg,null,fresh_food,milk_butter_eggs,2024-11-19
Müller Light Greek Style Coconut With A Hint Of Vanilla Yogu...,£2.50,52p / 100g,£1.50,fresh_food,milk_butter_eggs,2024-11-19
Arla BOB Skimmed Milk Tastes like Semi Skimmed 1L,£1.55,£1.55 / ltr,null,fresh_food,milk_butter_eggs,2024-11-19
"Sainsbury's Rhubarb & Custard Yogurt, Summer Edition Taste T...",95p,63p / 100g,80p,fresh_food,milk_butter_eggs,2024-11-19
"Graham's Whole Milk, Organic 1L",£1.50,£1.50 / ltr,null,fresh_food,milk_butter_eggs,2024-11-19
Actimel Kids Strawberry Banana Yoghurt Drink 4x100g,£1.90,48p / 100g,null,fresh_food,milk_butter_eggs,2024-11-19
Alpro Barista Oat Milk Long Life Dairy Alternative 1L,£2.05,£2.05 / ltr,£1.50,fresh_food,milk_butter_eggs,2024-11-19
The Collective Gourmet Raspberry Greek-Style Yoghurt 425g,£2.95,69p / 100g,null,fresh_food,milk_butter_eggs,2024-11-19
Onken Fat Free Strawberry Yogurt 450g,£1.95,43p / 100g,null,fresh_food,milk_butter_eggs,2024-11-19
Yeo Valley Organic Free Range Semi Skimmed Milk 1L,£1.80,£1.80 / ltr,null,fresh_food,milk_butter_eggs,2024-11-19
Two Chicks Liquid Egg White 500g,£3.30,£6.60 / kg,null,fresh_food,milk_butter_eggs,2024-11-19
"Light & Free Rasberry Greek Style 0% Added Sugar, Fat Free Y...",£2.50,54p / 100g,£1.25,fresh_food,milk_butter_eggs,2024-11-19
Arla Strawberry Protein Yogurt Pouch 200g,£1.45,73p / 100g,null,fresh_food,milk_butter_eggs,2024-11-19
Yeo Valley Organic Cherry Yogurt 450g,£2.25,50p / 100g,null,fresh_food,milk_butter_eggs,2024-11-19
Muller Rice Apple & Raspberry Low Fat Pudding Dessert 6x170g,£4.00,39p / 100g,£3.00,fresh_food,milk_butter_eggs,2024-11-19
Petits Filous Kids No Added Sugar Strawberry & Banana Yoghur...,£1.95,69p / 100g,null,fresh_food,milk_butter_eggs,2024-11-19
Alpro Vanilla Custard 525g,£1.15,22p / 100g,null,fresh_food,milk_butter_eggs,2024-11-19
GetPro Blueberry High Protein Yoghurt 160g,90p,56p / 100g,null,fresh_food,milk_butter_eggs,2024-11-19
Sainsbury's Buttersoft Lighter Spreadable Butter 500g,£2.09,£4.18 / kg,null,fresh_food,milk_butter_eggs,2024-11-19
Biotiful Gut Health Kefir Milk Drink Cherry 500ml,£2.60,52p / 100ml,null,fresh_food,milk_butter_eggs,2024-11-19
Arla Lactofree Skimmed Milk Drink 1L,£1.85,£1.85 / ltr,null,fresh_food,milk_butter_eggs,2024-11-19
Anchor Unsalted Butter 200g,£2.10,£10.50 / kg,null,fresh_food,milk_butter_eggs,2024-11-19
Sainsbury's Beechwood Smoked Cheese 150g,£2.15,£14.33 / kg,null,fresh_food,milk_butter_eggs,2024-11-19
Sainsbury's Cholesterol Lowering Drink Original 6x100g,£3.00,50p / 100g,null,fresh_food,milk_butter_eggs,2024-11-19
Alpro Plain Coconut Plant Based Soya Yoghurt Alternative 500...,£2.10,42p / 100g,£1.50,fresh_food,milk_butter_eggs,2024-11-19
"Sainsbury's Mild Cheddar Cheese, SO Organic 270g",£3.20,£11.85 / kg,null,fresh_food,milk_butter_eggs,2024-11-19
Biomel Dark Chocolate Dairy Free Coconut Probiotic Drink 125...,£1.20,96p / 100ml,null,fresh_food,milk_butter_eggs,2024-11-19
Castello Extra Creamy Brie Cheese 200g,£2.80,£14.00 / kg,£2.50,fresh_food,milk_butter_eggs,2024-11-19
FAGE Total 0% Natural Fat Free Greek Recipe Strained Yogurt ...,£1.50,£1.00 / 100g,null,fresh_food,milk_butter_eggs,2024-11-19
Seriously Spreadable Cheese Lighter 125g,£1.95,£15.60 / kg,£1.20,fresh_food,milk_butter_eggs,2024-11-19
Attis Greek Feta Cheese 200g,£2.70,£13.50 / kg,null,fresh_food,milk_butter_eggs,2024-11-19
Utterly Butterly Lightly Spread Alternative to Butter 500g,£1.50,£3.00 / kg,null,fresh_food,milk_butter_eggs,2024-11-19
"Sainsbury's British Semi Skimmed Milk, SO Organic 568ml (1 p...",£1.05,£1.85 / ltr,null,fresh_food,milk_butter_eggs,2024-11-19
Yeo Valley Organic Natural Kefir 500ml,£2.25,45p / 100ml,£1.75,fresh_food,milk_butter_eggs,2024-11-19
Alpro Barista Oat Milk Chilled Dairy Alternative 750ml,£1.75,£2.33 / ltr,null,fresh_food,milk_butter_eggs,2024-11-19
Alpro Soya Milk Long Life Dairy Alternative 1L,£2.10,£2.10 / ltr,£1.50,fresh_food,milk_butter_eggs,2024-11-19
Muller Corner Bliss Cheesecake Inspired Whipped Greek Style ...,£3.00,75p / 100g,null,fresh_food,milk_butter_eggs,2024-11-19
Bonne Maman Salted Caramel Creme Dessert 2x90g,£2.20,£1.22 / 100g,null,fresh_food,milk_butter_eggs,2024-11-19
"Light&Free Peach Passion Fruit 0% Added Sugar, Fat Free Yogu...",£2.50,54p / 100g,£1.25,fresh_food,milk_butter_eggs,2024-11-19
Alpro Soya Long Life Alternative to Single Cream 250ml,£1.25,50p / 100ml,null,fresh_food,milk_butter_eggs,2024-11-19
The Laughing Cow Original Cheese Spread Triangles x16 267g,£2.95,£11.05 / kg,null,fresh_food,milk_butter_eggs,2024-11-19
Violife Original Grated Vegan Cheese Alternative 175g,£2.50,£14.29 / kg,null,fresh_food,milk_butter_eggs,2024-11-19
"Sainsbury's Double Cream, SO Organic 300ml",£1.50,50p / 100ml,null,fresh_food,milk_butter_eggs,2024-11-19
Bertolli Olive Oil Light Spread 450g,£2.85,£6.33 / kg,£2.00,fresh_food,milk_butter_eggs,2024-11-19
Jus-Rol Gluten Free Puff Pastry Sheet 280g,£2.45,£8.75 / kg,null,fresh_food,milk_butter_eggs,2024-11-19
Alpro Raspberry Cranberry & Blackberry Yoghurt Alternative 4...,£2.00,40p / 100g,null,fresh_food,milk_butter_eggs,2024-11-19
"Sainsbury's Mozzarella Di Bufala Campana DOP, Taste the Diff...",£2.35,£18.80 / kg,null,fresh_food,milk_butter_eggs,2024-11-19
Sainsbury's Natural Yoghurt 1kg,£1.75,18p / 100g,null,fresh_food,milk_butter_eggs,2024-11-19
Dairylea Lunchers Ham & Cheese Snacks 74g,£1.60,£21.62 / kg,null,fresh_food,milk_butter_eggs,2024-11-19
Seriously Spreadable Vintage Cheese 125g,£1.95,£15.60 / kg,£1.20,fresh_food,milk_butter_eggs,2024-11-19
Alpro Strawberry Gut Health Soya Plant Based Yoghurt Alterna...,£2.50,50p / 100g,null,fresh_food,milk_butter_eggs,2024-11-19
"Sainsbury's British Cheeseboard Selection, Taste the Differe...",£3.50,£22.58 / kg,null,fresh_food,milk_butter_eggs,2024-11-19
St Helen's Farm Goat's Milk Natural Yogurt 450g,£2.40,53p / 100g,null,fresh_food,milk_butter_eggs,2024-11-19
Rachel's Organic Greek Style Honey Yogurt 450g,£2.65,59p / 100g,£1.75,fresh_food,milk_butter_eggs,2024-11-19
Sainsbury's British Single Fresh Cream 600ml,£1.98,33p / 100ml,null,fresh_food,milk_butter_eggs,2024-11-19
Anchor Light Real Cream Spray 250g,£2.25,90p / 100g,null,fresh_food,milk_butter_eggs,2024-11-19
Philadelphia Lightest Low Fat Soft Cream Cheese 165g,£2.20,£13.33 / kg,£1.25,fresh_food,milk_butter_eggs,2024-11-19
Sainsbury's Gouda Cheese 265g,£2.60,£9.81 / kg,null,fresh_food,milk_butter_eggs,2024-11-19
Sainsbury's Grated Red Leicester Cheese 250g,£2.65,£10.60 / kg,null,fresh_food,milk_butter_eggs,2024-11-19
Yeo Valley Organic Peach & Apricot Yogurt 450g,£2.25,50p / 100g,null,fresh_food,milk_butter_eggs,2024-11-19
Yeo Valley Organic Half Fat Creme Fraiche 200g,£1.45,73p / 100g,£1.00,fresh_food,milk_butter_eggs,2024-11-19
Alpro greek Style Strawberry & Raspberry Plant Based Yogurt ...,£1.20,80p / 100g,95p,fresh_food,milk_butter_eggs,2024-11-19
Sainsbury's Dried Grated Hard Cheese 80g,£1.25,£15.63 / kg,null,fresh_food,milk_butter_eggs,2024-11-19
Fruit Bowl Juicy Yogurt Raisins 5x25g,£2.25,£2.14 / 100g,null,fresh_food,milk_butter_eggs,2024-11-19
Bonne Maman Yoghurt with an Apricot Layer 4x115g,£2.75,60p / 100g,£2.00,fresh_food,milk_butter_eggs,2024-11-19
Sainsbury's British Medium Cheddar Cheese Slices 240g,£2.70,£11.25 / kg,null,fresh_food,milk_butter_eggs,2024-11-19
"Sainsbury's Greek Feta, SO Organic 200g",£2.90,£14.50 / kg,null,fresh_food,milk_butter_eggs,2024-11-19
Sainsbury's Edam Cheese Slices 400g,£3.00,£7.50 / kg,null,fresh_food,milk_butter_eggs,2024-11-19
Müller Light Fat Free Cherry Yogurt 160g,90p,56p / 100g,60p,fresh_food,milk_butter_eggs,2024-11-19
Lurpak Garlic Butter 125g,£2.25,£18.00 / kg,£2.00,fresh_food,milk_butter_eggs,2024-11-19
Stamford Street Co. Mild Cheddar 900g,£4.88,£5.42 / kg,null,fresh_food,milk_butter_eggs,2024-11-19
Country Life Spreadable Blend of Butter & Rapeseed Oil Sprea...,£5.70,£7.60 / kg,null,fresh_food,milk_butter_eggs,2024-11-19
Yeo Valley Organic Blueberry & Lime Yogurt 450g,£2.25,50p / 100g,null,fresh_food,milk_butter_eggs,2024-11-19
Muller Light Citrus Fat Free Yogurts 6x140g,£4.00,48p / 100g,null,fresh_food,milk_butter_eggs,2024-11-19
The Collective Gourmet Mango Greek-Style Yoghurt 425g,£2.95,69p / 100g,null,fresh_food,milk_butter_eggs,2024-11-19
Cathedral City Plant Based Mature Cheddar Cheese Flavour Veg...,£2.30,£15.33 / kg,null,fresh_food,milk_butter_eggs,2024-11-19
GetPro Chocolate Hazelnut High Protein Yoghurt Pudding 180g,£1.85,£1.03 / 100g,null,fresh_food,milk_butter_eggs,2024-11-19
President French Slightly Salted Butter 250g,£2.70,£10.80 / kg,£2.00,fresh_food,milk_butter_eggs,2024-11-19
Sainsbury's British Whipping Fresh Cream 300ml,£1.35,45p / 100ml,null,fresh_food,milk_butter_eggs,2024-11-19
Alpro Barista Coconut Milk Long Life Dairy Alternative 1L,£2.00,£2.00 / ltr,£1.50,fresh_food,milk_butter_eggs,2024-11-19
All Things Butter British Organic Salted Butter 250g,£3.15,£12.60 / kg,null,fresh_food,milk_butter_eggs,2024-11-19
Galbani Italian Mozzarella Cheese 125g,£1.90,£15.20 / kg,null,fresh_food,milk_butter_eggs,2024-11-19
Sainsbury's Banana Milkshake 1L,£1.00,10p / 100ml,null,fresh_food,milk_butter_eggs,2024-11-19
Sainsbury's Wensleydale Cheese 250g,£2.85,£11.40 / kg,null,fresh_food,milk_butter_eggs,2024-11-19
"Sainsbury's Parmigiano Reggiano Cheese, Taste the Difference...",£4.20,£21.00 / kg,null,fresh_food,milk_butter_eggs,2024-11-19
Alpro Plain Natural Soya Plant Based Yoghurt Alternative 500...,£2.10,42p / 100g,£1.50,fresh_food,milk_butter_eggs,2024-11-19
Dairylea Light Low Fat Cheese Slices 8x20.5g,£1.45,£8.84 / kg,null,fresh_food,milk_butter_eggs,2024-11-19
Attis Greek Feta 2x75g,£2.35,£15.67 / kg,null,fresh_food,milk_butter_eggs,2024-11-19
Biotiful Gut Health Kefir Protein Yogurt Original 250g,£1.85,74p / 100g,£1.25,fresh_food,milk_butter_eggs,2024-11-19
"Sainsbury's Barber's Red Cruncher Cheese, Taste the Differen...",£3.80,£10.86 / kg,null,fresh_food,milk_butter_eggs,2024-11-19
Actimel Original 0% Added Sugar Fat Free Yogurt Drink 12x100...,£4.50,38p / 100g,null,fresh_food,milk_butter_eggs,2024-11-19
Bio & Me Kefir Live Yoghurt Vanilla 350g,£2.10,60p / 100g,£1.50,fresh_food,milk_butter_eggs,2024-11-19
Arla Mango Protein Yogurt Pouch 200g,£1.45,73p / 100g,null,fresh_food,milk_butter_eggs,2024-11-19
Dairylea Dunkers Ritz Cheese Snack 3x43g,£2.25,£17.44 / kg,null,fresh_food,milk_butter_eggs,2024-11-19
Activia Strawberry No Added Sugar Fat Free Yogurt 4x115g,£2.50,54p / 100g,£1.75,fresh_food,milk_butter_eggs,2024-11-19
"Petits Filous Kids Strawberry, Raspberry & Apricot Yoghurt S...",£3.50,41p / 100g,null,fresh_food,milk_butter_eggs,2024-11-19
Rachel's Organic Greek Style Coconut Yogurt 450g,£2.65,59p / 100g,£1.75,fresh_food,milk_butter_eggs,2024-11-19
Muller Corner Toffee Yogurt with Chocolate Hoops 124g,90p,73p / 100g,null,fresh_food,milk_butter_eggs,2024-11-19
Flora Plant Butter Salted Block 200g,£1.65,£8.25 / kg,null,fresh_food,milk_butter_eggs,2024-11-19
"Sainsbury's Mature Grated White Cheese, Be Good To Yourself ...",£2.55,£10.20 / kg,null,fresh_food,milk_butter_eggs,2024-11-19
Alpro Oat Milk Chilled Dairy Alternative 1L,£2.00,£2.00 / ltr,£1.50,fresh_food,milk_butter_eggs,2024-11-19
"Sainsbury's Jersey Milk, Taste the Difference 1L",£1.35,£1.35 / ltr,null,fresh_food,milk_butter_eggs,2024-11-19
Arla Skyr Strawberry Icelandic Style Yogurt 450g,£2.25,50p / 100g,£1.25,fresh_food,milk_butter_eggs,2024-11-19
Pilgrims Choice Vintage Cheddar Cheese 300g,£4.20,£14.00 / kg,null,fresh_food,milk_butter_eggs,2024-11-19
Yeo Valley Greek Recipe 5% Strain Natural Yogurt 450g,£3.00,67p / 100g,£2.00,fresh_food,milk_butter_eggs,2024-11-19
Freshlay Family Run Farms Golden Yolks Free Range Eggs x10,£4.10,41p / ea,null,fresh_food,milk_butter_eggs,2024-11-19
"Sainsbury's Skimmed British Milk, SO Organic 1.136L",£1.70,£1.50 / ltr,null,fresh_food,milk_butter_eggs,2024-11-19
Applewood Smoke Flavoured Cheddar Cheese 185g,£2.70,£14.59 / kg,£2.00,fresh_food,milk_butter_eggs,2024-11-19
Sainsbury's Pecorino Romano Cheese 170g,£3.80,£22.35 / kg,null,fresh_food,milk_butter_eggs,2024-11-19
Alpro Velvet Vanilla Dessert 4x125g,£1.85,37p / 100g,null,fresh_food,milk_butter_eggs,2024-11-19
Rachel's Organic Greek Style Set Natural Yogurt 450g,£2.00,44p / 100g,£1.50,fresh_food,milk_butter_eggs,2024-11-19
Actimel Raspberry 0% Added Sugar Fat Free Yogurt Drink 8x100...,£3.75,47p / 100g,null,fresh_food,milk_butter_eggs,2024-11-19
Arla Protein Chocolate Flavour Pudding 200g,£1.75,88p / 100g,£1.25,fresh_food,milk_butter_eggs,2024-11-19
Philadelphia Garlic & Herbs Soft Cream Cheese 280g,£3.25,£11.61 / kg,null,fresh_food,milk_butter_eggs,2024-11-19
Lindahls Pro+ Kvarg Banoffee Pie Protein Yogurt 150g,£1.40,93p / 100g,null,fresh_food,milk_butter_eggs,2024-11-19
Boursin Garlic & Herb French Cheese Portions x6 96g,£2.25,£23.44 / kg,£1.75,fresh_food,milk_butter_eggs,2024-11-19
Sainsbury's Austrian Smoked Cheese 125g,£1.80,£14.40 / kg,null,fresh_food,milk_butter_eggs,2024-11-19
"Sainsbury's Authentic Fat Free Greek Yogurt, Taste the Diffe...",£2.30,46p / 100g,null,fresh_food,milk_butter_eggs,2024-11-19
President Spreadable Slightly Salted Butter 250g,£2.75,£11.00 / kg,null,fresh_food,milk_butter_eggs,2024-11-19
Alpro Almond Milk Long Life Dairy Alternative 1L,£2.10,£2.10 / ltr,null,fresh_food,milk_butter_eggs,2024-11-19
Dairylea Cheese Spread Triangles Pack x16 250g,£2.95,£11.80 / kg,null,fresh_food,milk_butter_eggs,2024-11-19
Happy Monkey Strawberry Milkshake 3x200ml,£1.20,20p / 100ml,null,fresh_food,milk_butter_eggs,2024-11-19
Rude Health Coconut Drink 1L,£2.30,£2.30 / ltr,null,fresh_food,milk_butter_eggs,2024-11-19
Cathedral City Mild Cheddar Cheese 350g,£3.75,£10.71 / kg,£3.00,fresh_food,milk_butter_eggs,2024-11-19
Mini Babybel Mix Pack Cheese Snacks,£3.20,£17.78 / kg,null,fresh_food,milk_butter_eggs,2024-11-19
Lindahls Pro+ Kvarg Blueberry Muffin Protein Yogurt 150g,£1.40,93p / 100g,null,fresh_food,milk_butter_eggs,2024-11-19
Alpro Soya Growing Up Long Life Dairy Alternative Toddler Dr...,£2.00,£2.00 / ltr,null,fresh_food,milk_butter_eggs,2024-11-19
Sainsbury's Mozzarella Cheese Pearls 125g,£1.70,£13.60 / kg,null,fresh_food,milk_butter_eggs,2024-11-19
"Naturli Vegan Spread, Organic 450g",£3.90,£8.67 / kg,null,fresh_food,milk_butter_eggs,2024-11-19
Bonne Maman Clementine & Lemon Mousse Dessert 2x70g,£2.20,£1.57 / 100g,null,fresh_food,milk_butter_eggs,2024-11-19
Oatly Oat Drink Chocolate Long Life 1L,£1.90,£1.90 / ltr,£1.50,fresh_food,milk_butter_eggs,2024-11-19
Philadelphia Garlic & Herbs Soft Cream Cheese 165g,£2.20,£13.33 / kg,£1.25,fresh_food,milk_butter_eggs,2024-11-19
Müller Light Greek Style Sublime Strawberry Yogurt 4x115g,£2.50,54p / 100g,£1.50,fresh_food,milk_butter_eggs,2024-11-19
Alpro Coconut Milk Chilled Dairy Alternative 1L,£2.00,£2.00 / ltr,null,fresh_food,milk_butter_eggs,2024-11-19
Benecol Strawberry Yogurt 4x115g,£4.00,87p / 100g,null,fresh_food,milk_butter_eggs,2024-11-19
Alpro Soya Light Milk Chilled Dairy Alternative 1L,£2.00,£2.00 / ltr,£1.50,fresh_food,milk_butter_eggs,2024-11-19
Yeo Valley Organic Strawberry 4x110g,£2.50,57p / 100g,£1.50,fresh_food,milk_butter_eggs,2024-11-19
Plenish Organic Coconut Milk 1L,£2.25,£2.25 / ltr,£1.75,fresh_food,milk_butter_eggs,2024-11-19
Oatly Creamy Oat Fraiche Chilled 200ml,£1.75,88p / 100ml,null,fresh_food,milk_butter_eggs,2024-11-19
Sainsbury's British Medium Grated Cheddar Cheese 500g,£4.65,£9.30 / kg,null,fresh_food,milk_butter_eggs,2024-11-19
Arla Skyr Vanilla Icelandic Style Yogurt 450g,£2.25,50p / 100g,£1.25,fresh_food,milk_butter_eggs,2024-11-19
Cathedral City Kids Snack Nibbles Mild Lighter Cheddar Chees...,£2.00,£25.00 / kg,£1.20,fresh_food,milk_butter_eggs,2024-11-19
Benecol Light Spread 500g,£4.50,£9.00 / kg,£3.50,fresh_food,milk_butter_eggs,2024-11-19
Arla Lactofree Soft Cheese 200g,£1.75,£8.75 / kg,null,fresh_food,milk_butter_eggs,2024-11-19
Sainsbury's Sweetened Almond Drink 1L,99p,99p / ltr,null,fresh_food,milk_butter_eggs,2024-11-19
Cathedral City Lighter Mature Cheddar Cheese Slices x6 150g,£2.40,£16.00 / kg,null,fresh_food,milk_butter_eggs,2024-11-19
Müller Light Fat Free Strawberry Yogurt 160g,90p,56p / 100g,60p,fresh_food,milk_butter_eggs,2024-11-19
Nesquik Chocolate Milkshake Powder Tub 500g,£5.25,£10.50 / kg,null,fresh_food,milk_butter_eggs,2024-11-19
Primula Cheese with Ham 140g,£1.85,£13.21 / kg,null,fresh_food,milk_butter_eggs,2024-11-19
Sainsbury's British Mild Cheddar 220g,£2.45,£11.14 / kg,null,fresh_food,milk_butter_eggs,2024-11-19
Sainsbury's 12 Breaded Halloumi Fries 204g,£3.25,£15.93 / kg,null,fresh_food,milk_butter_eggs,2024-11-19
Yeo Valley Organic Spreadable Blend of Butter & Rapeseed Oil...,£4.00,£10.00 / kg,£3.00,fresh_food,milk_butter_eggs,2024-11-19
St Helen's Farm Goats Butter 250g,£3.15,£12.60 / kg,null,fresh_food,milk_butter_eggs,2024-11-19
Activia Vanilla & granola Breakfast Pot with Spoon Low Fat Y...,£1.85,£1.12 / 100g,null,fresh_food,milk_butter_eggs,2024-11-19
The Coconut Collaborative Little Choc Pots 4x45g,£2.95,£1.64 / 100g,null,fresh_food,milk_butter_eggs,2024-11-19
Sainsbury's Medium British Cheddar 220g,£2.45,£11.14 / kg,null,fresh_food,milk_butter_eggs,2024-11-19
"Sainsbury's Cornish Clotted Cream, Taste the Difference 200g",£2.25,£1.13 / 100g,null,fresh_food,milk_butter_eggs,2024-11-19
Violife Epic Cheddar Cheese Alternative 200g,£2.75,£13.75 / kg,null,fresh_food,milk_butter_eggs,2024-11-19
Yeo Valley Organic Kefir Natural Yogurt 950g,£4.50,47p / 100g,£4.00,fresh_food,milk_butter_eggs,2024-11-19
Arctic Coffee Caffe Latte 1L,£2.20,22p / 100ml,null,fresh_food,milk_butter_eggs,2024-11-19
Sainsbury's Reduced Fat Cheesy Slices 200g,£1.40,£7.00 / kg,null,fresh_food,milk_butter_eggs,2024-11-19
Castello Pineapple & Almond Cream Cheese Ring 125g,£2.30,£18.40 / kg,£1.50,fresh_food,milk_butter_eggs,2024-11-19
St Helen's Farm Mild Goats Cheese 170g,£3.50,£20.59 / kg,null,fresh_food,milk_butter_eggs,2024-11-19
Philadelphia Vegan Almond & Oat Soft Cream Cheese Alternativ...,£2.75,£18.97 / kg,£2.00,fresh_food,milk_butter_eggs,2024-11-19
Piatnica High Protein Cottage Cheese 200g,£1.20,£6.00 / kg,null,fresh_food,milk_butter_eggs,2024-11-19
Seriously Spreadable Cheese 250g,£3.15,£12.60 / kg,null,fresh_food,milk_butter_eggs,2024-11-19
Sainsbury's Mozzarella Slices 250g,£2.80,£11.20 / kg,null,fresh_food,milk_butter_eggs,2024-11-19
Sainsbury's Grated Mild British Cheddar 250g,£2.65,£10.60 / kg,null,fresh_food,milk_butter_eggs,2024-11-19
Bio & Me Kefir Live Yoghurt Mango 350g,£2.10,60p / 100g,£1.50,fresh_food,milk_butter_eggs,2024-11-19
Islos Greek Feta Cheese 150g,£2.25,£15.00 / kg,null,fresh_food,milk_butter_eggs,2024-11-19
Galbani Italian Burrata 150g,£3.20,£21.33 / kg,null,fresh_food,milk_butter_eggs,2024-11-19
Cathedral City Vintage Our Strongest Extra Mature Cheddar Ch...,£3.75,£10.71 / kg,£3.00,fresh_food,milk_butter_eggs,2024-11-19
Saint Agur Blue Creme Cheese 150g,£2.75,£18.33 / kg,null,fresh_food,milk_butter_eggs,2024-11-19
Stamford Street Co. Mature White Cheddar 400g,£2.49,£6.23 / kg,null,fresh_food,milk_butter_eggs,2024-11-19
Yeo Valley Organic Greek Style with Honey Yogurt 450g,£2.15,48p / 100g,null,fresh_food,milk_butter_eggs,2024-11-19
Sainsbury's Greek Feta Cubes In Brine 390g,£2.75,£15.71 / kg,null,fresh_food,milk_butter_eggs,2024-11-19
Sainsbury's Mature British Cheddar Sticks 5x20g,£2.00,£20.00 / kg,null,fresh_food,milk_butter_eggs,2024-11-19
Primula Cheese with Chives 140g,£1.85,£13.21 / kg,null,fresh_food,milk_butter_eggs,2024-11-19
Yeo Valley Organic 0% Fat Natural Yogurt 150g,85p,57p / 100g,null,fresh_food,milk_butter_eggs,2024-11-19
Cathedral City High Protein Half Fat Mature Cheddar Cheese M...,£2.10,£17.50 / kg,null,fresh_food,milk_butter_eggs,2024-11-19
Sainsbury's Fab Creamy Hazelnut Yogurt 150g,65p,43p / 100g,null,fresh_food,milk_butter_eggs,2024-11-19
Jus-Rol Shortcrust Pastry Sheets 320g,£1.75,£5.47 / kg,£1.25,fresh_food,milk_butter_eggs,2024-11-19
Jus-Rol Shortcrust Pastry Block 500g,£1.60,£3.20 / kg,null,fresh_food,milk_butter_eggs,2024-11-19
Philadelphia Intense Garlic & Herb Soft Cream Cheese 140g,£2.25,£16.07 / kg,null,fresh_food,milk_butter_eggs,2024-11-19
"Sainsbury's West Country Creamy Fudge Yogurt, Taste the Diff...",95p,63p / 100g,80p,fresh_food,milk_butter_eggs,2024-11-19
Sainsbury's Vintage Cheddar Macaroni Cheese Ready Meal For 2...,£6.75,£9.00 / kg,£5.75,fresh_food,milk_butter_eggs,2024-11-19
Alpro Strawberry Soya Plant Based Yoghurt Alternative 500g,£2.10,42p / 100g,£1.50,fresh_food,milk_butter_eggs,2024-11-19
Sainsbury's Skimmed Milk Powder 340g,£2.80,£8.24 / kg,null,fresh_food,milk_butter_eggs,2024-11-19
Sainsbury's Light Garlic & Herb Soft Cheese 250g,£1.55,£6.20 / kg,null,fresh_food,milk_butter_eggs,2024-11-19
Arla Lactofree Slightly Salted Spreadable Blend of Butter & ...,£2.50,£10.00 / kg,null,fresh_food,milk_butter_eggs,2024-11-19
Oatly Oatgurt Greek 400g,£2.60,65p / 100g,null,fresh_food,milk_butter_eggs,2024-11-19
Activia Fibre Apple Cereals Breakfast Gut Health Yoghurt 4x1...,£2.75,60p / 100g,null,fresh_food,milk_butter_eggs,2024-11-19
Dairylea Strip Cheese x8 168g,£2.50,£14.88 / kg,null,fresh_food,milk_butter_eggs,2024-11-19
Sainsbury's Baking Block 250g,£1.00,£4.00 / kg,null,fresh_food,milk_butter_eggs,2024-11-19
Alpro Soya Chocolate Chilled Drink 1L,£2.00,£2.00 / ltr,£1.50,fresh_food,milk_butter_eggs,2024-11-19
Clover Light Spread Alternative to Butter 1kg,£4.00,£4.00 / kg,null,fresh_food,milk_butter_eggs,2024-11-19
Activia Blueberry Acai Fusions Yogurt 4x120g,£2.75,57p / 100g,null,fresh_food,milk_butter_eggs,2024-11-19
The Happy Egg Co. Free Range Medium x6,£2.20,37p / ea,null,fresh_food,milk_butter_eggs,2024-11-19
Stamford Street Co. Soft Spread 500g,95p,£1.90 / kg,null,fresh_food,milk_butter_eggs,2024-11-19
Alpro Soya Vanilla Long Life Drink 1L,£1.90,£1.90 / ltr,£1.50,fresh_food,milk_butter_eggs,2024-11-19
Arla Skyr Coconut Icelandic Style Yogurt 450g,£1.85,41p / 100g,£1.25,fresh_food,milk_butter_eggs,2024-11-19
Muller Light Fat Free Vanilla Yogurt with Chocolate Sprinkle...,90p,56p / 100g,60p,fresh_food,milk_butter_eggs,2024-11-19
Sainsbury's Roule Cheese 125g,£2.10,£16.80 / kg,null,fresh_food,milk_butter_eggs,2024-11-19
Emmi Caffe Latte Skinny Iced Coffee 230ml,£1.85,80p / 100ml,null,fresh_food,milk_butter_eggs,2024-11-19
Dairylea Dunkers Breadsticks Cheese Snack 3x43g,£2.25,£17.44 / kg,null,fresh_food,milk_butter_eggs,2024-11-19
Bonne Maman Blackcurrant Mousse Dessert 2x70g,£2.20,£1.57 / 100g,null,fresh_food,milk_butter_eggs,2024-11-19
Biotiful Gut Health Raspberry Kefir Milk Drink 500ml,£2.60,52p / 100g,null,fresh_food,milk_butter_eggs,2024-11-19
Sainsbury's Chipotle Chilli Cheddar Cheese 200g,£2.65,£13.25 / kg,£2.25,fresh_food,milk_butter_eggs,2024-11-19
Petits Filous Kids Strawberry & Apricot Yoghurt 6x47g,£1.95,69p / 100g,£1.50,fresh_food,milk_butter_eggs,2024-11-19
GetPro Vanilla High Protein Yoghurt 160g,90p,56p / 100g,null,fresh_food,milk_butter_eggs,2024-11-19
Yeo Valley Organic Kefir Mango & Passion Fruit 500ml,£2.25,45p / 100ml,£1.75,fresh_food,milk_butter_eggs,2024-11-19
Lurpak Softest Spreadable Blend of Slightly Salted Butter & ...,£4.00,£10.00 / kg,£3.00,fresh_food,milk_butter_eggs,2024-11-19
Lindahls Protein Pudding Chocolate 140g,£1.40,£1.00 / 100g,null,fresh_food,milk_butter_eggs,2024-11-19
Anchor Spreadable Blend of Butter & Rapeseed Oil Spread 250g,£2.50,£10.00 / kg,null,fresh_food,milk_butter_eggs,2024-11-19
Galbani Dolcelatte Italian Blue Cheese 150g,£2.95,£19.67 / kg,£2.20,fresh_food,milk_butter_eggs,2024-11-19
Seriously Spreadable Cheese 125g,£1.95,£15.60 / kg,£1.20,fresh_food,milk_butter_eggs,2024-11-19
"Sainsbury's French Goats Cheese, Mild 150g",£2.45,£16.33 / kg,null,fresh_food,milk_butter_eggs,2024-11-19
Irish Yogurts Diet Fat Free 4x125g,£1.50,30p / 100g,null,fresh_food,milk_butter_eggs,2024-11-19
Bonne Maman Yoghurt with a Rhubarb Layer 4x115g,£2.75,60p / 100g,£2.00,fresh_food,milk_butter_eggs,2024-11-19
Castello Tickler Extra Mature Cheddar Cheese 300g,£4.50,£15.00 / kg,£3.50,fresh_food,milk_butter_eggs,2024-11-19
Attack a Snak Ham & Cheese Wrap Kit with Tomato Ketchup 86g,£1.50,£17.44 / kg,£1.25,fresh_food,milk_butter_eggs,2024-11-19
Plenish Organic Oat Dairy Alternative Long Life Drink 1L,£2.25,£2.25 / ltr,£1.75,fresh_food,milk_butter_eggs,2024-11-19
Biotiful Gut Health Kefir Milk Drink Strawberry 1L,£3.50,35p / 100ml,£3.00,fresh_food,milk_butter_eggs,2024-11-19
Sainsbury's Sweetened Coconut Drink 1L,£1.25,£1.25 / ltr,null,fresh_food,milk_butter_eggs,2024-11-19
Alpro Almond Milk Chilled Dairy Alternative 1L,£2.00,£2.00 / ltr,£1.50,fresh_food,milk_butter_eggs,2024-11-19
Yeo Valley Greek Recipe 0% Strain Natural Yogurt 850g,£4.25,50p / 100g,null,fresh_food,milk_butter_eggs,2024-11-19
"Sainsbury's Aged Shropshire Red, Taste the Difference 200g",£3.40,£17.00 / kg,null,fresh_food,milk_butter_eggs,2024-11-19
"Sainsbury's Extra Mature Farmhouse Cheddar, Taste the Differ...",£3.80,£10.86 / kg,null,fresh_food,milk_butter_eggs,2024-11-19
Sainsbury's Lighter Mature British Cheese Slices x10 240g,£2.70,£11.25 / kg,null,fresh_food,milk_butter_eggs,2024-11-19
Anchor Squeezy Blend of Butter & Rapeseed Oil 500ml,£3.60,£7.20 / ltr,null,fresh_food,milk_butter_eggs,2024-11-19
Stamford Street Co. Low Fat Strawberry Yogurt 450g,95p,21p / 100g,null,fresh_food,milk_butter_eggs,2024-11-19
Arla Lactofree Mature Cheddar Grated Cheese 200g,£2.50,£12.50 / kg,£2.00,fresh_food,milk_butter_eggs,2024-11-19
Oatly Creamy Oat Single Cream Chilled 250ml,£1.25,50p / 100ml,null,fresh_food,milk_butter_eggs,2024-11-19
Sainsbury's Fruit Fool Lemon 114g,95p,83p / 100g,null,fresh_food,milk_butter_eggs,2024-11-19
Flora Plant Butter Unsalted Block 200g,£1.65,£8.25 / kg,null,fresh_food,milk_butter_eggs,2024-11-19
Stonegate Estate Organic Eggs Large x6,£3.45,58p / ea,null,fresh_food,milk_butter_eggs,2024-11-19
"Sainsbury's Belgian Chocolate Mousse, Taste the Difference 1...",£1.00,£1.00 / 100g,null,fresh_food,milk_butter_eggs,2024-11-19
"Sainsbury's Cypriot Halloumi, Taste the Difference 250g",£4.00,£16.00 / kg,null,fresh_food,milk_butter_eggs,2024-11-19
Alpro Peach Gut Health Dairy Free Soya Yoghurt Alternative 4...,£2.50,50p / 100g,null,fresh_food,milk_butter_eggs,2024-11-19
"Sainsbury's Baking Camembert, Autumn Edition, Taste the Diff...",£4.50,£16.07 / kg,null,fresh_food,milk_butter_eggs,2024-11-19
Muller Bliss Mascarpone Cherry Yogurt 4x110g,£3.00,68p / 100g,null,fresh_food,milk_butter_eggs,2024-11-19
Biotiful Gut Health Kefir Natural Yogurt Original 350g,£2.00,57p / 100g,£1.25,fresh_food,milk_butter_eggs,2024-11-19
Sainsbury's British Extra Mature Cheddar Cheese Slices 240g,£2.70,£11.25 / kg,null,fresh_food,milk_butter_eggs,2024-11-19
Alpro Smooth Chocolate Dessert 4x125g,£1.85,37p / 100g,null,fresh_food,milk_butter_eggs,2024-11-19
Arla LactoFREE Long Life Semi Skimmed Milk Drink 1L,£1.90,£1.90 / ltr,null,fresh_food,milk_butter_eggs,2024-11-19
Applewood Slices 160g,£2.55,£15.94 / kg,null,fresh_food,milk_butter_eggs,2024-11-19
Magnum Vegan Almond Ice Cream Sticks 3x90ml,£4.00,£1.48 / 100ml,null,fresh_food,milk_butter_eggs,2024-11-19
Sainsbury's Woodland Trust Free Range Blue Mixed Weight Eggs...,£2.65,44p / ea,null,fresh_food,milk_butter_eggs,2024-11-19
Yeo Valley Organic Kefir Strawberry Yogurt 350g,£2.00,57p / 100g,null,fresh_food,milk_butter_eggs,2024-11-19
Pro Mlk Strawberry Protein Shake 330ml,£1.15,35p / 100ml,null,fresh_food,milk_butter_eggs,2024-11-19
Arla Blueberry Protein Yogurt 200g,£1.25,63p / 100g,null,fresh_food,milk_butter_eggs,2024-11-19
The Collective Gourmet Passion Fruit Greek-Style Yoghurt 425...,£2.95,69p / 100g,null,fresh_food,milk_butter_eggs,2024-11-19
Dairylea Cheese Spread 145g,£1.95,£13.45 / kg,£1.50,fresh_food,milk_butter_eggs,2024-11-19
Primula Cheese with Prawns 140g,£1.85,£13.21 / kg,null,fresh_food,milk_butter_eggs,2024-11-19
Violife Creamy Original Flavour Vegan Alternative To Cheese ...,£2.75,£13.75 / kg,£2.00,fresh_food,milk_butter_eggs,2024-11-19
Biotiful Gut Health Kefir Yogurt Madagascan Vanilla 350g,£2.00,57p / 100g,£1.25,fresh_food,milk_butter_eggs,2024-11-19
Yeo Valley Organic 0% Fat Natural Yogurt 450g,£2.00,44p / 100g,£1.50,fresh_food,milk_butter_eggs,2024-11-19
Dairylea Filled Cheese Crackers Snacks Pack x5 96.4g,£2.20,£22.82 / kg,null,fresh_food,milk_butter_eggs,2024-11-19
Pro Mlk Chocolate Protein Shake 330ml,£1.15,35p / 100ml,null,fresh_food,milk_butter_eggs,2024-11-19
"Sainsbury's Vintage Gouda, Taste the Difference 180g",£3.95,£21.94 / kg,null,fresh_food,milk_butter_eggs,2024-11-19
Lurpak Lighter Slightly Salted Spreadable 250g,£2.90,£11.60 / kg,null,fresh_food,milk_butter_eggs,2024-11-19
Arctic Coffee Caramel Latte 1L,£2.20,22p / 100ml,null,fresh_food,milk_butter_eggs,2024-11-19
FAGE Total 0% Fat Free Greek Recipe Strained Yoghurt with Ra...,£1.35,90p / 100g,£1.00,fresh_food,milk_butter_eggs,2024-11-19
"Naturli Vegan Block, Organic 200g",£2.00,£10.00 / kg,null,fresh_food,milk_butter_eggs,2024-11-19
Cathedral City Grated Lighter Cheddar Cheese 180g,£2.40,£13.33 / kg,null,fresh_food,milk_butter_eggs,2024-11-19
"Sainsbury's Greek Style Salad Cheese, Be Good to Yourself 20...",£1.80,£9.00 / kg,null,fresh_food,milk_butter_eggs,2024-11-19
Philadelphia Chives Soft Cream Cheese 165g,£2.20,£13.33 / kg,£1.25,fresh_food,milk_butter_eggs,2024-11-19
Yazoo Chocolate Milk Drink 400ml,£1.50,38p / 100ml,null,fresh_food,milk_butter_eggs,2024-11-19
Marmite Cheddar Cheese Bites 5x15g,£1.60,£21.33 / kg,null,fresh_food,milk_butter_eggs,2024-11-19
Petits Filous Kids Dairy Free Raspberry Yoghurt Pots 4x95g,£2.50,66p / 100g,null,fresh_food,milk_butter_eggs,2024-11-19
Graham's Quark Naturally Fat Free 250g,£1.00,£4.00 / kg,null,fresh_food,milk_butter_eggs,2024-11-19
Britannia Beef Dripping 250g,£1.25,£5.00 / kg,null,fresh_food,milk_butter_eggs,2024-11-19
The Laughing Cow Lightest Cheese Triangles x8 133g,£1.95,£14.66 / kg,null,fresh_food,milk_butter_eggs,2024-11-19
Isigny Sainte-Mere Unpasteurised Salted Butter 250g,£3.60,£14.40 / kg,null,fresh_food,milk_butter_eggs,2024-11-19
Sainsbury's Double Gloucester Cheese & Chive 200g,£2.65,£13.25 / kg,£2.25,fresh_food,milk_butter_eggs,2024-11-19
Yazoo Chocolate Milk Drink 6x200ml,£2.40,£2.00 / ltr,null,fresh_food,milk_butter_eggs,2024-11-19
Cathedral City Mini Extra Mature Cheddar Cheese 6x20g,£2.10,£17.50 / kg,null,fresh_food,milk_butter_eggs,2024-11-19
Jus-Rol Cinnamon Swirls 320g,£2.60,£8.13 / kg,£1.75,fresh_food,milk_butter_eggs,2024-11-19
Biotiful Gut Health Kefir Milk Drink Mango 500ml,£2.60,52p / 100ml,null,fresh_food,milk_butter_eggs,2024-11-19
Pilgrims Choice Lighter Extra Mature Cheese 350g,£4.20,£12.00 / kg,null,fresh_food,milk_butter_eggs,2024-11-19
Benecol Peach Yogurt 4x115g,£4.00,87p / 100g,null,fresh_food,milk_butter_eggs,2024-11-19
Flora Plant Butter Spreadable Butter Alternative 400g,£3.00,£7.50 / kg,null,fresh_food,milk_butter_eggs,2024-11-19
Cathedral City Lactose Free Mature Cheddar Cheese 200g,£3.75,£18.75 / kg,null,fresh_food,milk_butter_eggs,2024-11-19
Fruit Bowl Blackcurrant Yogurt Flakes 5x21g,£2.25,£2.50 / 100g,null,fresh_food,milk_butter_eggs,2024-11-19
Oatly Oat Drink Light Chilled 1L,£2.10,£2.10 / ltr,null,fresh_food,milk_butter_eggs,2024-11-19
The Laughing Cow Light Blue Cheese Spread Triangles x8 128g,£1.95,£15.23 / kg,null,fresh_food,milk_butter_eggs,2024-11-19
ProActiv Olive Oil Spread 450g,£4.50,£10.00 / kg,null,fresh_food,milk_butter_eggs,2024-11-19
Pizza Express Pre-Rolled Pizza Dough 400g,£2.40,£6.00 / kg,null,fresh_food,milk_butter_eggs,2024-11-19
Rachel's Organic Greek Style Yogurt Rhubarb 450g,£2.65,59p / 100g,£1.75,fresh_food,milk_butter_eggs,2024-11-19
Sainsbury's Mature British Cheddar Sticks 10x20g,£2.32,£11.60 / kg,null,fresh_food,milk_butter_eggs,2024-11-19
Président French Camembert Cheese 250g,£2.65,£10.60 / kg,null,fresh_food,milk_butter_eggs,2024-11-19
Jarlsberg Original 190g,£2.70,£14.21 / kg,null,fresh_food,milk_butter_eggs,2024-11-19
Alpro Hazelnut Long Life Drink 1L,£2.20,£2.20 / ltr,null,fresh_food,milk_butter_eggs,2024-11-19
Magnum Vegan Classic Chocolate Ice Cream Sticks 3x90ml,£4.00,£1.48 / 100ml,null,fresh_food,milk_butter_eggs,2024-11-19
Country Life British Unsalted Butter 250g,£3.10,£12.40 / kg,null,fresh_food,milk_butter_eggs,2024-11-19
Sainsbury's Fat Free Natural Yoghurt 1kg,£1.75,18p / 100g,null,fresh_food,milk_butter_eggs,2024-11-19
St Ewe Free Range Large Eggs x6,£2.95,49p / ea,null,fresh_food,milk_butter_eggs,2024-11-19
Alpro Soya Chocolate Long Life Drink 3x250ml,£2.10,28p / 100ml,null,fresh_food,milk_butter_eggs,2024-11-19
Elmlea Double Alternative to Cream 500ml,£1.90,38p / 100ml,null,fresh_food,milk_butter_eggs,2024-11-19
Gü Key Lime Pie Cheesecake Dessert 2x78g,£3.75,£2.40 / 100g,£2.50,fresh_food,milk_butter_eggs,2024-11-19
Sainsbury's On the Go Greek Style Yogurt with Mixed Berry Co...,£1.75,83p / 100g,null,fresh_food,milk_butter_eggs,2024-11-19
Arla Skyr Creamy Icelandic Style Yogurt 450g,£2.25,50p / 100g,£1.25,fresh_food,milk_butter_eggs,2024-11-19
Kinder Milk Slice Chilled Snack Cake Bar Multipack 3x28g,£1.15,£1.37 / 100g,null,fresh_food,milk_butter_eggs,2024-11-19
Sainsbury's Puff Pastry Light 320g,£1.20,£3.75 / kg,null,fresh_food,milk_butter_eggs,2024-11-19
Yeo Valley Organic Greek Style Natural Yogurt 150g,85p,57p / 100g,null,fresh_food,milk_butter_eggs,2024-11-19
Yeo Valley Organic Long Life Semi Skimmed Milk 1L,£2.00,£2.00 / ltr,null,fresh_food,milk_butter_eggs,2024-11-19
Sainsbury's White Cheshire Cheese 250g,£2.85,£11.40 / kg,null,fresh_food,milk_butter_eggs,2024-11-19
Plenish Organic Cashew Dairy Alternative Long Life Drink 1L,£2.25,£2.25 / ltr,£2.00,fresh_food,milk_butter_eggs,2024-11-19
Quick Milk Sipper Chocolate 5x6g,60p,£20.00 / kg,null,fresh_food,milk_butter_eggs,2024-11-19
Actimel Plus Cherry & Elderberry Twist 8x100g,£3.85,48p / 100g,£2.75,fresh_food,milk_butter_eggs,2024-11-19
Koko Dairy Free Unsweetened Drink 1L,£1.80,£1.80 / ltr,null,fresh_food,milk_butter_eggs,2024-11-19
Yeo Valley Greek Recipe 0% Strain Natural Yogurt 450g,£3.00,67p / 100g,£2.00,fresh_food,milk_butter_eggs,2024-11-19
The Collective Gourmet Morello Cherry Greek-Style Yoghurt 42...,£2.95,69p / 100g,null,fresh_food,milk_butter_eggs,2024-11-19
Sainsbury's Favourite Cheese Selection 456g,£6.60,£14.47 / kg,null,fresh_food,milk_butter_eggs,2024-11-19
Alpro Soya Light Milk Long Life Dairy Alternative 1L,£2.00,£2.00 / ltr,£1.50,fresh_food,milk_butter_eggs,2024-11-19
Galbani Mozzarella Panini Slices x6 120g,£2.35,£19.58 / kg,null,fresh_food,milk_butter_eggs,2024-11-19
Dairylea Snackers Cheese & Crackers with Cadbury Dairy Milk ...,£1.60,£24.92 / kg,null,fresh_food,milk_butter_eggs,2024-11-19
Yeo Valley Organic Lemon Curd 4x110g,£2.50,57p / 100g,£1.50,fresh_food,milk_butter_eggs,2024-11-19
After Eight Chocolate Peppermint Flavoured Mousse 4X57g,£2.20,96p / 100g,£1.50,fresh_food,milk_butter_eggs,2024-11-19
Dairylea Lunchers Ham N Cheese 2x74g,£2.50,£16.89 / kg,null,fresh_food,milk_butter_eggs,2024-11-19
Arctic Rainforest Alliance Arabica Bean Coffee Cafe Latte To...,£1.15,35p / 100ml,null,fresh_food,milk_butter_eggs,2024-11-19
Müller Frijj Chocolate Flavour Milkshake 330ml,£1.50,45p / 100ml,£1.00,fresh_food,milk_butter_eggs,2024-11-19
Cravendale Filtered Fresh Semi Skimmed Milk Fresher for Long...,60p,£2.40 / ltr,null,fresh_food,milk_butter_eggs,2024-11-19
Cravendale Filtered Fresh Whole Milk Fresher for Longer 3L,£3.60,£1.20 / ltr,null,fresh_food,milk_butter_eggs,2024-11-19
The Coconut Collab Double Cream 220ml,£1.95,89p / 100ml,null,fresh_food,milk_butter_eggs,2024-11-19
Sainsbury's Cheese Selection 320g,£3.65,£11.41 / kg,null,fresh_food,milk_butter_eggs,2024-11-19
Muller Light Choc Pot Chocolate Dessert 4x80g,£2.25,70p / 100g,null,fresh_food,milk_butter_eggs,2024-11-19
"Sainsbury's Parmigiano Reggiano Cheese, SO Organic 200g",£4.10,£20.50 / kg,null,fresh_food,milk_butter_eggs,2024-11-19
Tims Dairy Greek Style Vanilla Bio-Live Yogurt 450g,£2.30,51p / 100g,null,fresh_food,milk_butter_eggs,2024-11-19
Lurpak Plant Based Alternative to Spreadable or Butter 400g,£4.00,£10.00 / kg,£3.00,fresh_food,milk_butter_eggs,2024-11-19
Davidstow Reserve Cornish Vintage Cheddar Cheese 250g,£4.40,£17.60 / kg,null,fresh_food,milk_butter_eggs,2024-11-19
Emmi Caffe Latte Cappuccino Iced Coffee 230ml,£1.85,80p / 100ml,null,fresh_food,milk_butter_eggs,2024-11-19
"Sainsbury's Shropshire Red & Chorizo Bake, Limited Edition, ...",£4.25,£28.33 / kg,null,fresh_food,milk_butter_eggs,2024-11-19
Sainsbury's Rhubarb Fool 114g,95p,83p / 100g,null,fresh_food,milk_butter_eggs,2024-11-19
Midas Grilling Cheese 400g,£3.40,£8.50 / kg,null,fresh_food,milk_butter_eggs,2024-11-19
Alpro Barista Coconut Milk Chilled Dairy Alternative 750ml,£1.75,£2.33 / ltr,null,fresh_food,milk_butter_eggs,2024-11-19
Biomel Natural Dairy Free Coconut Probiotic Drink 510ml,£2.90,57p / 100ml,null,fresh_food,milk_butter_eggs,2024-11-19
Castello Danish Blue Cheese 150g,£2.80,£18.67 / kg,£2.50,fresh_food,milk_butter_eggs,2024-11-19
Flora Plant Butter Spreadable Alternative Paper Tub 215g,£1.95,£9.07 / kg,£1.25,fresh_food,milk_butter_eggs,2024-11-19
Sainsbury's West Country Farmhouse Mature Cheddar 220g,£2.45,£11.14 / kg,null,fresh_food,milk_butter_eggs,2024-11-19
Stamford Street Co. Grated Cheese 250g,£1.35,£5.40 / kg,null,fresh_food,milk_butter_eggs,2024-11-19
Biotiful Gut Health Kefir Milk Drink Vanilla 1L,£3.50,35p / 100ml,£3.00,fresh_food,milk_butter_eggs,2024-11-19
Biocol Skimmed Milk 1L,£1.80,£1.80 / ltr,null,fresh_food,milk_butter_eggs,2024-11-19
"Sainsbury's Barber's Cruncher Cheddar Rarebit, Taste the Dif...",£4.25,£28.33 / kg,null,fresh_food,milk_butter_eggs,2024-11-19
Willow Block Alternative to Butter 250g,£1.10,£4.40 / kg,null,fresh_food,milk_butter_eggs,2024-11-19
Sainsbury's Protein Natural Big Pot Yogurt 450g,£1.65,37p / 100g,null,fresh_food,milk_butter_eggs,2024-11-19
Nesquik Strawberry Milkshake Powder Tub 500g,£5.25,£10.50 / kg,null,fresh_food,milk_butter_eggs,2024-11-19
Actimel Plus Strawberry & Pomegranate Twist 8x100g,£3.85,48p / 100g,£2.75,fresh_food,milk_butter_eggs,2024-11-19
For Goodness Shakes Protein Chocolate Flavour Shake 435ml,£2.30,53p / 100ml,null,fresh_food,milk_butter_eggs,2024-11-19
Philadelphia Sweet Chilli Soft Cream Cheese 165g,£2.20,£13.33 / kg,£1.25,fresh_food,milk_butter_eggs,2024-11-19
Le Rustique Brie 200g,£2.60,£13.00 / kg,£2.20,fresh_food,milk_butter_eggs,2024-11-19
Plenish Barista Organic Oat Drink Chilled 1L,£2.25,£2.25 / ltr,null,fresh_food,milk_butter_eggs,2024-11-19
Bonne Maman Creme Brulee Dessert 2x100g,£3.20,£1.60 / 100g,£2.50,fresh_food,milk_butter_eggs,2024-11-19
Caprice des Dieux French Cheese 200g,£3.00,£15.00 / kg,£2.50,fresh_food,milk_butter_eggs,2024-11-19
Müller Rice Protein Chocolate Dessert 180g,£1.10,61p / 100g,null,fresh_food,milk_butter_eggs,2024-11-19
Alpro High Protein Mixed Berries Dairy Free Soya Yoghurt Alt...,£1.50,75p / 100g,£1.25,fresh_food,milk_butter_eggs,2024-11-19
"Sainsbury's Ossau Iraty Cheese, Taste the Difference 180g",£4.25,£23.61 / kg,null,fresh_food,milk_butter_eggs,2024-11-19
Alpro High Protein Chocolate Long Life Soya Dairy Alternativ...,£2.15,£2.15 / ltr,£1.50,fresh_food,milk_butter_eggs,2024-11-19
The Laughing Cow Original Creamy Cheese Spread x8 133g,£2.00,£15.04 / kg,null,fresh_food,milk_butter_eggs,2024-11-19
Alpro My Cuppa Soya Milk Chilled Dairy Alternative 1L,£1.95,£2.60 / ltr,null,fresh_food,milk_butter_eggs,2024-11-19
I Can't Believe It's Not Butter Original Spread 500g,£1.50,£3.00 / kg,null,fresh_food,milk_butter_eggs,2024-11-19
Pie d'Angloys Cheese 200g,£2.90,£14.50 / kg,null,fresh_food,milk_butter_eggs,2024-11-19
Oatly Oat Drink No Sugars Chilled 1L,£2.10,£2.10 / ltr,null,fresh_food,milk_butter_eggs,2024-11-19
Alpro Soya Chilled Alternative to Single Cream 250ml,£1.25,50p / 100ml,null,fresh_food,milk_butter_eggs,2024-11-19
Müller Light Fat Free Yogurt Limited Edition 160g,90p,56p / 100g,60p,fresh_food,milk_butter_eggs,2024-11-19
Sainsbury's Barrel Aged Feta 200g,£3.55,£17.75 / kg,£3.00,fresh_food,milk_butter_eggs,2024-11-19
"Sainsbury's French Camembert Cheese, Taste the Difference 25...",£3.20,£12.80 / kg,null,fresh_food,milk_butter_eggs,2024-11-19
Mexicana Original Hot! Cheese Slices 160g,£2.55,£15.94 / kg,null,fresh_food,milk_butter_eggs,2024-11-19
"Sainsbury's Gorgonzola Dolce Blue Cheese, Taste the Differen...",£3.50,£17.50 / kg,null,fresh_food,milk_butter_eggs,2024-11-19
Philadelphia Light Low Fat Soft Cream Cheese Snacks Pack x3 ...,£2.00,£15.87 / kg,£1.50,fresh_food,milk_butter_eggs,2024-11-19
Sainsbury's Kids Plain Yogurt Pack 6x45g,£1.00,37p / 100g,null,fresh_food,milk_butter_eggs,2024-11-19
Cadbury Dairy Milk Big Pots of Joy Chocolate Dessert 350g,£3.00,86p / 100g,null,fresh_food,milk_butter_eggs,2024-11-19
Cathedral City Lighter Extra Mature Cheddar Cheese 350g,£3.75,£10.71 / kg,£3.00,fresh_food,milk_butter_eggs,2024-11-19
Arla Skyr Whipped Yogurt Strawberries & Cream 128g,£1.25,98p / 100g,null,fresh_food,milk_butter_eggs,2024-11-19
Arla Protein Salted Caramel Flavour Pudding 200g,£1.75,88p / 100g,£1.25,fresh_food,milk_butter_eggs,2024-11-19
The Coconut Collab Natural Coconut 750g,£4.75,63p / 100g,£3.95,fresh_food,milk_butter_eggs,2024-11-19
Babybel Plant-Based Vegan Snacks 5x20g,£2.15,£21.50 / kg,£1.75,fresh_food,milk_butter_eggs,2024-11-19
Flora Lighter Spread  Alternative To Butter 1kg,£4.60,£4.60 / kg,£3.00,fresh_food,milk_butter_eggs,2024-11-19
Shaken Udder Chocolush Milkshake 330ml,£1.60,48p / 100ml,null,fresh_food,milk_butter_eggs,2024-11-19
Dairylea Lunchers Chicken & Cheese Snacks 68g,£1.60,£23.43 / kg,null,fresh_food,milk_butter_eggs,2024-11-19
FAGE Total 0% Fat Free Greek Recipe Strained Yoghurt with Ho...,£1.35,90p / 100g,£1.00,fresh_food,milk_butter_eggs,2024-11-19
Oatly Oatgurt Strawberry 400g,£2.40,60p / 100g,null,fresh_food,milk_butter_eggs,2024-11-19
Strings & Things Yollies Yogurt Lollies Strawberry Flavour 4...,£1.75,£1.75 / 100g,£1.25,fresh_food,milk_butter_eggs,2024-11-19
"Sainsbury's Brie De Meaux, Taste the Difference 175g",£3.75,£21.43 / kg,null,fresh_food,milk_butter_eggs,2024-11-19
Ilchester British Cheese Selection 230g,£3.45,£15.00 / kg,null,fresh_food,milk_butter_eggs,2024-11-19
Actimel Strawberry 0% Added Sugar Fat Free Yogurt Drink 12x1...,£4.50,38p / 100g,null,fresh_food,milk_butter_eggs,2024-11-19
Sainsbury's Free From Grated Cheddar Style 200g,£2.60,£13.00 / kg,£2.30,fresh_food,milk_butter_eggs,2024-11-19
Koko Unsweetened Coconut UHT 1L,£1.80,£1.80 / ltr,£1.25,fresh_food,milk_butter_eggs,2024-11-19
Gü Plant Spanish Lemon Cheesecake Dessert 2x92g,£3.95,£2.15 / 100g,£2.95,fresh_food,milk_butter_eggs,2024-11-19
Boursin Velvety Garlic & Herb Cheese Dip 125g,£2.60,£20.80 / kg,null,fresh_food,milk_butter_eggs,2024-11-19
Yazoo Strawberry Milk Drink 400ml,£1.50,38p / 100ml,null,fresh_food,milk_butter_eggs,2024-11-19
Arla BOB Semi Skimmed Milk That Tastes Like Whole 2L,£2.55,£1.28 / ltr,null,fresh_food,milk_butter_eggs,2024-11-19
Arla Jord Chilled Hemp & Oat Drink 1L,£1.90,£1.90 / ltr,null,fresh_food,milk_butter_eggs,2024-11-19
GetPro Dark Chocolate High Protein Yoghurt Mousse 200g,£2.50,£1.25 / 100g,£1.75,fresh_food,milk_butter_eggs,2024-11-19
Paysan Breton French Sea Salt Cream Cheese 150g,£2.50,£16.67 / kg,null,fresh_food,milk_butter_eggs,2024-11-19
Mighty High Protein Pea Milk Alternative Unsweetened 1L,£1.90,£1.90 / ltr,null,fresh_food,milk_butter_eggs,2024-11-19
Sainsbury's Little Ones Organic Peach & Mango Yogurt 7+ Mont...,65p,72p / 100g,null,fresh_food,milk_butter_eggs,2024-11-19
Yazoo Banana Milk Drink 400ml,£1.50,38p / 100ml,null,fresh_food,milk_butter_eggs,2024-11-19
Parlick Original Pure Sheep's Milk Cheese 150g,£3.50,£23.33 / kg,null,fresh_food,milk_butter_eggs,2024-11-19
"Sainsbury's Blue D'Affinois Cheese, Taste the Difference 180...",£4.00,£22.22 / kg,null,fresh_food,milk_butter_eggs,2024-11-19
Arla Protein Passionfruit & Papaya 200g,£1.10,55p / 100g,null,fresh_food,milk_butter_eggs,2024-11-19
Müller Rice Protein Vanilla Dessert 180g,£1.10,61p / 100g,null,fresh_food,milk_butter_eggs,2024-11-19
Sainsbury's Smoky Cheddar Cheese 200g,£2.65,£13.25 / kg,£2.25,fresh_food,milk_butter_eggs,2024-11-19
Pro Mlk Coffee Protein Shake 330ml,£1.15,35p / 100ml,null,fresh_food,milk_butter_eggs,2024-11-19
The Collective Dairy Suckies Mango & Peach 90g,95p,£1.06 / 100g,null,fresh_food,milk_butter_eggs,2024-11-19
Crusha Strawberry Flavour No Added Sugar Milkshake Mix 500ml...,£2.25,£4.50 / ltr,null,fresh_food,milk_butter_eggs,2024-11-19
Activia Low Fat Yogurt Raspberry & Chia Seed Muesli 165g,£1.85,£1.12 / 100g,null,fresh_food,milk_butter_eggs,2024-11-19
Koko Coconut UHT Drink 1L,£1.80,£1.80 / ltr,£1.25,fresh_food,milk_butter_eggs,2024-11-19
Flora Original Spread  Alternative To Butter 1kg,£4.60,£4.60 / kg,£3.00,fresh_food,milk_butter_eggs,2024-11-19
Biotiful Gut Health Kids Kefir Yogurt Drink Strawberry & Ban...,£2.00,50p / 100ml,£1.50,fresh_food,milk_butter_eggs,2024-11-19
For Goodness Shakes Protein Strawberry Flavour Shake 435ml,£2.30,53p / 100ml,null,fresh_food,milk_butter_eggs,2024-11-19
Lindahls Protein Pudding Salted Caramel 140g,£1.40,£1.00 / 100g,null,fresh_food,milk_butter_eggs,2024-11-19
Boursin Truffle Flavoured Soft French Cream Cheese 150g,£2.95,£19.67 / kg,null,fresh_food,milk_butter_eggs,2024-11-19
GetPro Strawberry High Protein Yoghurt Drink 300g,£2.00,67p / 100g,£1.50,fresh_food,milk_butter_eggs,2024-11-19
Aero Creations Milk Chocolate Mousse 4x57g,£2.20,96p / 100g,£1.50,fresh_food,milk_butter_eggs,2024-11-19
Lurpak Lighter Slightly Salted Butter 200g,£2.25,£11.25 / kg,null,fresh_food,milk_butter_eggs,2024-11-19
Blacksticks Blue Cheese 150g,£2.70,£18.00 / kg,null,fresh_food,milk_butter_eggs,2024-11-19
FAGE Total 5% Fat Natural Greek Recipe Strained Yoghurt 150g,£1.50,£1.00 / 100g,null,fresh_food,milk_butter_eggs,2024-11-19
The Coconut Collab Gut Health Cultured Coconut Yog Plain 350...,£2.75,79p / 100g,null,fresh_food,milk_butter_eggs,2024-11-19
"The Coconut Collaborative Yogurt Alternative, Madagascan Van...",£2.75,79p / 100g,£1.95,fresh_food,milk_butter_eggs,2024-11-19
Marmite Oven Baked Peanuts 190g,£3.00,£1.58 / 100g,null,fresh_food,milk_butter_eggs,2024-11-19
Shaken Udder Chocolush Milkshake 750ml,£2.45,33p / 100ml,null,fresh_food,milk_butter_eggs,2024-11-19
Cathedral City Plant Based Extra Mature Cheddar Cheese Flavo...,£3.60,£12.86 / kg,null,fresh_food,milk_butter_eggs,2024-11-19
Muller Plant Based Corner Vanilla & Chocolate Balls Yogurt 1...,£1.35,£1.08 / 100g,85p,fresh_food,milk_butter_eggs,2024-11-19
Yazoo Chocolate Milk Drink 1L,£2.00,20p / 100ml,£1.50,fresh_food,milk_butter_eggs,2024-11-19
Fage Fruits Strawberry Strained Yoghurt 380g,£2.50,66p / 100g,null,fresh_food,milk_butter_eggs,2024-11-19
Galbani Cucina Mozzarella 400g,£4.65,£11.63 / kg,null,fresh_food,milk_butter_eggs,2024-11-19
Yeo Valley Organic Greek Recipe Peach & Raspberry 150g,£1.35,90p / 100g,null,fresh_food,milk_butter_eggs,2024-11-19
Lindahls Pro+ Kvarg Raspberry & Vanilla Protein Yogurt Drink...,£1.50,60p / 100g,null,fresh_food,milk_butter_eggs,2024-11-19
All Things Butter British Garlic & Herb Butter 125g,£3.00,£24.00 / kg,null,fresh_food,milk_butter_eggs,2024-11-19
Mlekovita Gouda Slices 150g,£1.60,£10.67 / kg,null,fresh_food,milk_butter_eggs,2024-11-19
Muller Light Choc Pot Orange Chocolate Dessert 4x80g,£2.25,70p / 100g,null,fresh_food,milk_butter_eggs,2024-11-19
Pizza Express Ready to Roll Pizza Dough 400g,£2.40,£6.00 / kg,null,fresh_food,milk_butter_eggs,2024-11-19
Fage Fruits Mango & Passion Fruit Strained Yoghurt 380g,£2.50,66p / 100g,null,fresh_food,milk_butter_eggs,2024-11-19
Cadbury Creamy Chocolate Milkshake 250ml,£2.00,80p / 100ml,null,fresh_food,milk_butter_eggs,2024-11-19
Shaken Udder Top Banana! Milkshake 330ml,£1.60,48p / 100ml,null,fresh_food,milk_butter_eggs,2024-11-19
Alpro High Protein Tropical Fruit Dairy Free Soya Yoghurt Al...,£1.50,75p / 100g,£1.25,fresh_food,milk_butter_eggs,2024-11-19
Yeo Valley Organic Greek Recipe Strawberry & Passion Fruit 1...,£1.35,90p / 100g,null,fresh_food,milk_butter_eggs,2024-11-19
Violife Greek White Block Vegan Alternative to Cheese 230g,£3.00,£13.04 / kg,null,fresh_food,milk_butter_eggs,2024-11-19
Sainsbury's Chocolate Surprise 150g,£1.25,83p / 100g,null,fresh_food,milk_butter_eggs,2024-11-19
Starbucks Caramel Frappuccino Flavoured Milk Iced Coffee 250...,£2.20,88p / 100ml,£1.25,fresh_food,milk_butter_eggs,2024-11-19
Pilgrims Choice Grated Extra Mature Cheddar 180g,£2.25,£12.50 / kg,£1.75,fresh_food,milk_butter_eggs,2024-11-19
Pilgrims Choice Mature Cheddar Cheese 550g,£5.40,£9.82 / kg,£4.00,fresh_food,milk_butter_eggs,2024-11-19
Sheese Plant Based Mozzarella Cheese Flavour Vegan Grated 20...,£2.50,£12.50 / kg,null,fresh_food,milk_butter_eggs,2024-11-19
Lindahls Blueberry Protein Yoghurt 150g,£1.10,73p / 100g,null,fresh_food,milk_butter_eggs,2024-11-19
Food Heaven Heavenly Whipped 200ml,£2.20,£1.10 / 100ml,null,fresh_food,milk_butter_eggs,2024-11-19
"Sainsbury's Triple Belgian Chocolate Milk, Taste the Differe...",£2.10,28p / 100ml,null,fresh_food,milk_butter_eggs,2024-11-19
St Helen's Farm Skimmed Goats Milk 1L,£2.15,£2.15 / ltr,null,fresh_food,milk_butter_eggs,2024-11-19
Sainsbury's Cheddar & Onion 200g,£2.65,£13.25 / kg,£2.25,fresh_food,milk_butter_eggs,2024-11-19
Mlekovita Natural Polski Kefir 1kg,£2.20,22p / 100ml,null,fresh_food,milk_butter_eggs,2024-11-19
Cathedral City Red Leicester Cheese 300g,£3.75,£12.50 / kg,£3.00,fresh_food,milk_butter_eggs,2024-11-19
Biotiful Gut Health Organic Kefir Milk Drink Original 500ml,£2.80,56p / 100g,null,fresh_food,milk_butter_eggs,2024-11-19
Cathedral City Naturally Smoked Cheddar Cheese 300g,£3.75,£12.50 / kg,£3.00,fresh_food,milk_butter_eggs,2024-11-19
Dairylea Plant Based Dunkers Jumbo Tubes Cheese Snacks 4x41g,£2.75,£16.77 / kg,null,fresh_food,milk_butter_eggs,2024-11-19
Mighty Gingerbread Barista Oat Milk Alternative Long Life 1L,£2.30,£2.30 / ltr,null,fresh_food,milk_butter_eggs,2024-11-19
Shaken Udder Vanilla licious Milkshake 330ml,£1.60,48p / 100ml,null,fresh_food,milk_butter_eggs,2024-11-19
Tims Dairy Greek Style Raspberry Bio Live Yogurt 450g,£2.30,51p / 100g,null,fresh_food,milk_butter_eggs,2024-11-19
The Collective Great Dairy Suckies Fridge Pack Strawberry 4x...,£3.40,94p / 100g,£3.00,fresh_food,milk_butter_eggs,2024-11-19
"Sainsbury's Mango & Passionfruit Layered Yogurt, Taste the D...",£2.00,44p / 100g,£1.80,fresh_food,milk_butter_eggs,2024-11-19
Arla Protein Hazelnut Latte Flavour Pudding 200g,£1.75,88p / 100g,£1.25,fresh_food,milk_butter_eggs,2024-11-19
Bertolli Olive Oil Spread 1kg,£5.00,£5.00 / kg,null,fresh_food,milk_butter_eggs,2024-11-19
Alpro Barista Almond Milk Long Life Dairy Alternative 1L,£2.20,£2.20 / ltr,£1.50,fresh_food,milk_butter_eggs,2024-11-19
Bio & Me Kefir Drink Natural 500ml,£2.60,52p / 100ml,null,fresh_food,milk_butter_eggs,2024-11-19
Violife Cheddarton Extra Mature Vegan Cheese Alternative,£2.75,£13.75 / kg,null,fresh_food,milk_butter_eggs,2024-11-19
Cathedral City Plant Based Mature Cheddar Cheese Flavour Veg...,£3.60,£12.86 / kg,null,fresh_food,milk_butter_eggs,2024-11-19
"Sainsbury's Pear & Butterscotch Crumble Yogurt, Taste the Di...",95p,63p / 100g,80p,fresh_food,milk_butter_eggs,2024-11-19
Sainsbury's Free From Original Coconut Based Alternative to ...,£2.10,£12.35 / kg,£1.80,fresh_food,milk_butter_eggs,2024-11-19
Lindahls Caramel Flavour Protein Yoghurt 150g,£1.10,73p / 100g,null,fresh_food,milk_butter_eggs,2024-11-19
"Sainsbury's Doux De Montagne, Taste the Difference 160g",£3.70,£23.13 / kg,null,fresh_food,milk_butter_eggs,2024-11-19
Little Ones Berry Yogurt 90g,65p,72p / 100g,null,fresh_food,milk_butter_eggs,2024-11-19
Yazoo Strawberry Milk Drink 6x200ml,£2.40,£2.00 / ltr,null,fresh_food,milk_butter_eggs,2024-11-19
Nesquik Banana Milkshake Powder Tub 500g,£5.25,£10.50 / kg,null,fresh_food,milk_butter_eggs,2024-11-19
"Flora Smoked Garlic Butter, Limited Edition 125g",£1.75,£14.00 / kg,£1.25,fresh_food,milk_butter_eggs,2024-11-19
Flora Buttery Spread Alternative To Butter 250g,£1.50,£6.00 / kg,£1.00,fresh_food,milk_butter_eggs,2024-11-19
Lancashire Farm Virtually Fat Free Natural Yogurt 1kg,£2.25,23p / 100g,null,fresh_food,milk_butter_eggs,2024-11-19
The Coconut Collab Chocolate & Cream 4x60g,£2.95,£1.23 / 100g,null,fresh_food,milk_butter_eggs,2024-11-19
Bonne Maman Baba Au Rhum Dessert 2x140g,£3.20,£1.14 / 100g,£2.50,fresh_food,milk_butter_eggs,2024-11-19
"Sainsbury's Red Leicester, SO Organic 270g",£2.75,£10.19 / kg,null,fresh_food,milk_butter_eggs,2024-11-19
Castello Tex Mex Spicy Mozzarella & Cheddar Grated Cheese 18...,£2.50,£13.89 / kg,null,fresh_food,milk_butter_eggs,2024-11-19
Oatly Oat Drink Chocolate Deluxe Chilled 1L,£2.20,£2.20 / ltr,null,fresh_food,milk_butter_eggs,2024-11-19
Flora Plant Cream Double 250ml,£1.55,62p / 100ml,£1.15,fresh_food,milk_butter_eggs,2024-11-19
Müller Frijj Strawberry Flavour Milkshake 330ml,£1.50,45p / 100ml,£1.00,fresh_food,milk_butter_eggs,2024-11-19
Arla Skyr Whipped Yogurt Coconut & White Chocolate 128g,£1.25,98p / 100g,null,fresh_food,milk_butter_eggs,2024-11-19
"Wensleydale Creamery Cranberries & Orange, Limited Edition 2...",£3.50,£17.50 / kg,£2.30,fresh_food,milk_butter_eggs,2024-11-19
Elmlea Brandy Flavoured Alternative to Dairy Cream 250ml,£1.65,66p / 100ml,£1.10,fresh_food,milk_butter_eggs,2024-11-19
"Sainsbury's Mozzarella Pearls, Taste the Difference 125g",£2.15,£17.20 / kg,null,fresh_food,milk_butter_eggs,2024-11-19
"Sainsbury's Wensleydale Cheese, Taste the Difference 240g",£3.75,£15.63 / kg,null,fresh_food,milk_butter_eggs,2024-11-19
Nurishh Camembert Flavour Vegan Cheese Alternative 140g,£3.50,£25.00 / kg,null,fresh_food,milk_butter_eggs,2024-11-19
Shaken Udder Strawberry Dream Milkshake 750ml,£2.45,33p / 100ml,null,fresh_food,milk_butter_eggs,2024-11-19
Castello Chilli & Ginger Cream Cheese Ring 125g,£2.30,£18.40 / kg,null,fresh_food,milk_butter_eggs,2024-11-19
Cadbury Pots Of Joy Chocolate Dessert Limited Edition 4x60g,£2.70,£1.13 / 100g,£1.50,fresh_food,milk_butter_eggs,2024-11-19
"Sainsbury's Barber's Truffle Cheddar, Taste the Difference 2...",£3.20,£16.00 / kg,null,fresh_food,milk_butter_eggs,2024-11-19
Milkybar White Chocolate Mousse 4x55g,£2.00,91p / 100g,null,fresh_food,milk_butter_eggs,2024-11-19
The Coconut Collab Raspberry Yog 350g,£2.75,79p / 100g,£1.95,fresh_food,milk_butter_eggs,2024-11-19
Arla Jord Chilled Vanilla & Oat Drink 1L,£1.90,£1.90 / ltr,null,fresh_food,milk_butter_eggs,2024-11-19
"Sainsbury's Chaource Cheese, Taste the Difference 250g",£3.55,£14.20 / kg,null,fresh_food,milk_butter_eggs,2024-11-19
"Sainsbury's Ash Goats Cheese Log, Taste the Difference 100g",£2.50,£25.00 / kg,null,fresh_food,milk_butter_eggs,2024-11-19
Arla Skyr Whipped Yogurt Caramelised Orange 128g,£1.25,98p / 100g,null,fresh_food,milk_butter_eggs,2024-11-19
Cadburys Dairy Milk Pots Of Joy Chocolate Dessert 4x60g,£2.70,£1.13 / 100g,£1.50,fresh_food,milk_butter_eggs,2024-11-19
Yeo Valley Organic Greek Recipe Lemon 150g,£1.35,90p / 100g,null,fresh_food,milk_butter_eggs,2024-11-19
Alpro Soya Growing Up Long Life Dairy Alternative Toddler Dr...,£1.75,£2.33 / ltr,null,fresh_food,milk_butter_eggs,2024-11-19
Mars Chocolate Milk Shake Drink No Added Sugar 400ml,£1.60,40p / 100ml,null,fresh_food,milk_butter_eggs,2024-11-19
Attack a Snak Pepperoni & Cheese Wrap Kit with Tomato Ketchu...,£1.50,£18.07 / kg,£1.25,fresh_food,milk_butter_eggs,2024-11-19
"Sainsbury's Soft Cheese, SO Organic 250g",£2.00,£8.00 / kg,null,fresh_food,milk_butter_eggs,2024-11-19
Biotiful Gut Health Kefir Yogurt British Strawberry 350g,£2.00,57p / 100g,£1.25,fresh_food,milk_butter_eggs,2024-11-19
Dairylea Dunkers Ritz Cheese Snacks Pack x6 258g,£3.30,£12.79 / kg,null,fresh_food,milk_butter_eggs,2024-11-19
Eatlean Protein Grated 180g,£2.25,£12.50 / kg,null,fresh_food,milk_butter_eggs,2024-11-19
Boursin Garlic & Herbs Vegan Cheese Alternative Spread 130g,£3.00,£23.08 / kg,null,fresh_food,milk_butter_eggs,2024-11-19
Philadelphia Lactose Free Soft Cheese 150g,£2.20,£14.67 / kg,£1.25,fresh_food,milk_butter_eggs,2024-11-19
Seriously Spreadable Black Pepper Cheese Spread 125g,£1.95,£15.60 / kg,£1.20,fresh_food,milk_butter_eggs,2024-11-19
Gü Plant Chocolate & Vanilla Cheesecake Dessert 2x82g,£3.95,£2.41 / 100g,£2.95,fresh_food,milk_butter_eggs,2024-11-19
Califia Farms Mocha Cold Brew Coffee with Almond 750ml,£2.95,£3.93 / ltr,£2.00,fresh_food,milk_butter_eggs,2024-11-19
Muller Myprotein Chocolate Mousse Dessert 200g,£2.50,£1.25 / 100g,null,fresh_food,milk_butter_eggs,2024-11-19
Castle Dairies Welsh Salted Butter 250g,£2.80,£11.20 / kg,null,fresh_food,milk_butter_eggs,2024-11-19
Haute Fromagerie Cheese Selection Pack 400g,£9.80,£24.50 / kg,null,fresh_food,milk_butter_eggs,2024-11-19
Muller Frijj Fudge Brownie Big Bottle Milkshake 950ml,£2.50,26p / 100ml,null,fresh_food,milk_butter_eggs,2024-11-19
Muller Myprotein Chocolate Pudding 200g,£1.95,98p / 100g,null,fresh_food,milk_butter_eggs,2024-11-19
Starbucks Skinny Latte Chilled Coffee 750ml,£3.75,50p / 100ml,null,fresh_food,milk_butter_eggs,2024-11-19
Huel Chocolate Flavour Ready-to-Drink Complete Meal 500ml,£3.50,70p / 100ml,null,fresh_food,milk_butter_eggs,2024-11-19
Biotiful Gut Health Apple & Mango Kids Kefir 4x100ml,£2.00,50p / 100g,£1.50,fresh_food,milk_butter_eggs,2024-11-19
Gü Wild Strawberry & Clotted Cream Cheesecake Dessert 2x87g,£3.75,£2.16 / 100g,£2.50,fresh_food,milk_butter_eggs,2024-11-19
Cadbury Caramilk Mousse 4x45g,£2.00,£1.11 / 100g,null,fresh_food,milk_butter_eggs,2024-11-19
Jimmy's Iced Coffee Original 250ml,£1.70,68p / 100ml,£1.00,fresh_food,milk_butter_eggs,2024-11-19
Cathedral City High Protein Half Fat Mature Grated Cheddar C...,£2.50,£13.89 / kg,null,fresh_food,milk_butter_eggs,2024-11-19
Nush Dairy Free Almond Milk Yog Strawberry 350g,£3.00,86p / 100g,null,fresh_food,milk_butter_eggs,2024-11-19
Woodlands Sheep's Milk Yogurt 450g,£3.10,69p / 100g,null,fresh_food,milk_butter_eggs,2024-11-19
Pilgrims Choice Sliced Extra Mature Cheddar 150g,£2.25,£15.00 / kg,£1.75,fresh_food,milk_butter_eggs,2024-11-19
Sainsbury's Continental Grated Cheese 250g,£2.65,£10.60 / kg,null,fresh_food,milk_butter_eggs,2024-11-19
"Sainsbury's Raspberry & Blackcurrant Layered Yogurt, Taste t...",£2.00,44p / 100g,£1.80,fresh_food,milk_butter_eggs,2024-11-19
Cadbury Dairy Milk Pots Of Joy Caramel Chocolate Dessert 4x6...,£2.70,£1.13 / 100g,£1.50,fresh_food,milk_butter_eggs,2024-11-19
Yazoo Strawberry Milk Drink 1L,£2.00,20p / 100ml,£1.50,fresh_food,milk_butter_eggs,2024-11-19
Sainsbury's Lighter Mature British Cheese 220g,£2.45,£11.14 / kg,null,fresh_food,milk_butter_eggs,2024-11-19
Muller Myprotein Vanilla Pudding 200g,£1.95,98p / 100g,null,fresh_food,milk_butter_eggs,2024-11-19
Sainsbury's Wensleydale & Cranberry 90g,£1.25,£13.89 / kg,null,fresh_food,milk_butter_eggs,2024-11-19
Sainsbury's Baking Camembert with Caramelised Onion Chutney ...,£3.50,£12.50 / kg,£3.00,fresh_food,milk_butter_eggs,2024-11-19
Starbucks Grande Caffe Latte Iced Coffee Drink 330ml,£2.80,85p / 100ml,null,fresh_food,milk_butter_eggs,2024-11-19
Starbucks Skinny Latte Lactose Free Flavoured Milk Iced Coff...,£2.20,£1.00 / 100ml,£1.25,fresh_food,milk_butter_eggs,2024-11-19
Cathedral City Plant Based Mature Cheddar Cheese Flavour Veg...,£2.30,£15.33 / kg,null,fresh_food,milk_butter_eggs,2024-11-19
Cathedral City Grated Extra Mature Cheddar Cheese 180g,£2.40,£13.33 / kg,null,fresh_food,milk_butter_eggs,2024-11-19
Sainsbury's Caramel Surprise 150g,£1.25,83p / 100g,null,fresh_food,milk_butter_eggs,2024-11-19
"Starbucks White Chocolate Mocha Iced Coffee, Limited Edition...",£2.20,£1.00 / 100ml,null,fresh_food,milk_butter_eggs,2024-11-19
Sainsbury's Free From Cheddar Style 200g,£2.25,£11.25 / kg,£2.00,fresh_food,milk_butter_eggs,2024-11-19
Starbucks Caffé Latte Flavoured Milk Iced Coffee 220ml,£2.20,£1.00 / 100ml,£1.25,fresh_food,milk_butter_eggs,2024-11-19
"Starbucks Vanilla Macchiato Iced Coffee, Plant-Based Drink 2...",£2.20,£1.00 / 100ml,null,fresh_food,milk_butter_eggs,2024-11-19
Alpro Coconut Milk Long Life Dairy Alternative 1L,£2.10,£2.10 / ltr,null,fresh_food,milk_butter_eggs,2024-11-19
The Collective Dairy Immunity Cherry & Acai Live Yoghurt 130...,£1.50,£1.15 / 100g,null,fresh_food,milk_butter_eggs,2024-11-19
Sainsbury's Milk Chocolate Chip Cookie Dough 300g,£2.00,£6.67 / kg,null,fresh_food,milk_butter_eggs,2024-11-19
GetPro Forest Fruits Flavour Protein Pouch Drink 200g,£1.65,83p / 100g,null,fresh_food,milk_butter_eggs,2024-11-19
Muller Light Protein Chocolate Orange Pudding 140g,£1.50,£1.07 / 100g,£1.00,fresh_food,milk_butter_eggs,2024-11-19
Arla Protein Chocolate Flavoured Milk Drink 1L,£3.00,30p / 100ml,£2.25,fresh_food,milk_butter_eggs,2024-11-19
The Estate Diary Unhomogenised Organic Whole Milk 1L,£2.90,£2.90 / ltr,null,fresh_food,milk_butter_eggs,2024-11-19
Sainsbury's Sweetened Soya Drink 1L,£1.25,£1.25 / ltr,null,fresh_food,milk_butter_eggs,2024-11-19
Yeo Valley Organic Salted Butter 200g,£2.85,£14.25 / kg,null,fresh_food,milk_butter_eggs,2024-11-19
Arla Protein Vanilla Milk Shake 482ml,£2.00,42p / 100ml,null,fresh_food,milk_butter_eggs,2024-11-19
Arla Protein Strawberry & Raspberry Flavoured Milk Drink 482...,£2.00,42p / 100ml,null,fresh_food,milk_butter_eggs,2024-11-19
Muller Light Protein Chocolate Brownie Pudding 140g,£1.50,£1.07 / 100g,£1.00,fresh_food,milk_butter_eggs,2024-11-19
Bio & Me Kefir Drink Vanilla 500ml,£2.60,52p / 100ml,null,fresh_food,milk_butter_eggs,2024-11-19
Shaken Udder Vanilla licious Milkshake 750ml,£2.45,33p / 100ml,null,fresh_food,milk_butter_eggs,2024-11-19
Danone Getpro Strawberry Flavour Yoghurt 160g,90p,56p / 100g,null,fresh_food,milk_butter_eggs,2024-11-19
Grahams The Family Dairy Organic Whole Milk 2L,£2.50,£1.25 / ltr,null,fresh_food,milk_butter_eggs,2024-11-19
"Sainsbury's Vintage Reserve Cheddar, Taste the Difference 35...",£3.80,£10.86 / kg,null,fresh_food,milk_butter_eggs,2024-11-19
Cadbury Big Pot Caramilk Dessert 350g,£3.00,86p / 100g,null,fresh_food,milk_butter_eggs,2024-11-19
Starbucks DoubleShot Espresso Iced Coffee 200ml,£2.20,£1.10 / 100ml,null,fresh_food,milk_butter_eggs,2024-11-19
Sainsbury's Hazelnut Yoghurt 450g,£1.50,33p / 100g,null,fresh_food,milk_butter_eggs,2024-11-19
Arla Protein Food To Go Chocolate Caramel Flavoured Meal Rep...,£3.50,70p / 100ml,null,fresh_food,milk_butter_eggs,2024-11-19
"Califia Farms Oat Pumpkin Spice Barista Blend, Limited Editi...",£2.30,£2.30 / ltr,null,fresh_food,milk_butter_eggs,2024-11-19
Arctic Rainforest Alliance Roasted Arabica Bean Coffee Caram...,£1.15,35p / 100ml,null,fresh_food,milk_butter_eggs,2024-11-19
Arctic Iced Coffee Mocha 1L,£2.20,22p / 100ml,null,fresh_food,milk_butter_eggs,2024-11-19
Tom Parker Creamery Free Range Chocolate Milk 250ml,£1.55,62p / 100ml,null,fresh_food,milk_butter_eggs,2024-11-19
Appeteasers Mediterranean Magic 100g,£2.00,£20.00 / kg,null,fresh_food,milk_butter_eggs,2024-11-19
The Collective Dairy Gut Feel Hint of Vanilla Live Yoghurt 1...,£1.50,£1.15 / 100g,null,fresh_food,milk_butter_eggs,2024-11-19
Strings & Things Cheestrings Pizza Flavour 4x20g,£1.75,£21.88 / kg,£1.25,fresh_food,milk_butter_eggs,2024-11-19
Lindahls Pro+ Kvarg Tropical Protein Yogurt Drink 250g,£1.50,60p / 100g,null,fresh_food,milk_butter_eggs,2024-11-19
Sainsbury's Extra Mature Cheddar 220g,£2.45,£11.14 / kg,null,fresh_food,milk_butter_eggs,2024-11-19
Muller Plant Based Corner Strawberry & Pomegranate Yogurt 13...,£1.35,99p / 100g,85p,fresh_food,milk_butter_eggs,2024-11-19
Up & Go Breakfast Drink Strawberry 300ml,£1.25,38p / 100ml,null,fresh_food,milk_butter_eggs,2024-11-19
"Sainsbury's Barber's Cheddar & Chorizo Bake, Taste the Diffe...",£7.00,£23.33 / kg,null,fresh_food,milk_butter_eggs,2024-11-19
Huel Black Edition Chocolate 500ml,£3.80,76p / 100ml,null,fresh_food,milk_butter_eggs,2024-11-19
Castello Bake Mozzarella & Maasdam Grated Cheese 180g,£2.50,£13.89 / kg,null,fresh_food,milk_butter_eggs,2024-11-19
Primula Signature Blend Mature Cheddar Cheese 140g,£1.85,£13.21 / kg,null,fresh_food,milk_butter_eggs,2024-11-19
"Sainsbury's Cheese Selection Classic Assortment, Taste the D...",£5.70,£20.00 / kg,null,fresh_food,milk_butter_eggs,2024-11-19
"Sainsbury's Beacon Fell Creamy Lancashire Cheese, Taste the ...",£3.75,£15.63 / kg,null,fresh_food,milk_butter_eggs,2024-11-19
"Sainsbury's Habanero Chilli Cheddar, Taste the Difference 20...",£3.20,£16.00 / kg,null,fresh_food,milk_butter_eggs,2024-11-19
The Collective Dairy Free Suckies Strawberry 85g,£1.00,£1.18 / 100g,null,fresh_food,milk_butter_eggs,2024-11-19
Biotiful Gut Health Kefir Protein Yogurt Cherry 250g,£1.85,74p / 100g,£1.25,fresh_food,milk_butter_eggs,2024-11-19
Organic Oat Drink Chilled 1L,£2.20,£2.20 / ltr,null,fresh_food,milk_butter_eggs,2024-11-19
Smarties Vanilla Flavour Yogurt with Mini Smarties 4x107g,£2.65,62p / 100g,null,fresh_food,milk_butter_eggs,2024-11-19
Lindahls Strawberry Sundae Pro + Kvarg 150g,£1.40,93p / 100g,null,fresh_food,milk_butter_eggs,2024-11-19
Violife Garlic Herb Creamy Plant Based Alternative 150g,£2.75,£18.33 / kg,£2.00,fresh_food,milk_butter_eggs,2024-11-19
Arla Jord Oat Vanilla use as alternative to yoghurt 400g,£2.25,56p / 100g,£1.25,fresh_food,milk_butter_eggs,2024-11-19
"Sainsbury's Taleggio Cheese, Taste the Difference 200g",£4.00,£20.00 / kg,null,fresh_food,milk_butter_eggs,2024-11-19
Smug Dairy Blended Oat & Dairy Milk 1L,£1.95,£1.95 / ltr,£1.00,fresh_food,milk_butter_eggs,2024-11-19
"Sainsbury's White Chocolate & Raspberry Milk, Taste the Diff...",£2.10,28p / 100ml,null,fresh_food,milk_butter_eggs,2024-11-19
Muller Frijj Strawberry Big Bottle Milkshake 950ml,£2.50,26p / 100ml,null,fresh_food,milk_butter_eggs,2024-11-19
Cathedral City High Protein Half Fat Mature Cheddar Cheese S...,£2.50,£16.67 / kg,null,fresh_food,milk_butter_eggs,2024-11-19
Nurishh Cheddar Flavour Plant Based Slices x6 120g,£1.75,£14.58 / kg,null,fresh_food,milk_butter_eggs,2024-11-19
Sainsbury's French Camembert Cheese Whole 250g,£2.50,£10.00 / kg,null,fresh_food,milk_butter_eggs,2024-11-19
Alpro Barista Caramel Flavour 750ml,£1.75,£2.33 / ltr,null,fresh_food,milk_butter_eggs,2024-11-19
The Flower Farm Spread without Palm Oil with Shea 450g,£3.00,£6.67 / kg,£1.50,fresh_food,milk_butter_eggs,2024-11-19
Arla Protein Food To Go Vanilla Hazelnut Flavoured Meal Repl...,£3.50,70p / 100ml,null,fresh_food,milk_butter_eggs,2024-11-19
Califia Farms Simple & Organic Almond 750ml,£2.45,£3.27 / ltr,null,fresh_food,milk_butter_eggs,2024-11-19
Cathedral City Kids Lighter Mature Cheddar Cheese Mini Bites...,£2.10,£17.50 / kg,null,fresh_food,milk_butter_eggs,2024-11-19
Chocomel 750ml,£2.75,37p / 100ml,£2.00,fresh_food,milk_butter_eggs,2024-11-19
Koko Dairy Free Super Drink 1L,£2.30,£2.30 / ltr,null,fresh_food,milk_butter_eggs,2024-11-19
Alpro High Protein Chocolate Chilled Soya Dairy Alternative ...,£2.00,£2.67 / ltr,null,fresh_food,milk_butter_eggs,2024-11-19
The Coconut Collaborative Vanilla Custard 400g,£2.95,74p / 100g,null,fresh_food,milk_butter_eggs,2024-11-19
Starbucks Caramel Macchiato Flavoured Milk Iced Coffee 220ml,£2.20,£1.00 / 100ml,£1.25,fresh_food,milk_butter_eggs,2024-11-19
Emmi Caffe Latte Cappuccino Iced Coffee 650ml,£3.00,46p / 100ml,null,fresh_food,milk_butter_eggs,2024-11-19
Food Heaven Vegan Garlic Spreadable 125g,£1.00,£8.00 / kg,null,fresh_food,milk_butter_eggs,2024-11-19
Muller Myprotein Salted Caramel Dessert 200g,£2.50,£1.25 / 100g,null,fresh_food,milk_butter_eggs,2024-11-19
Arctic Iced Coffee Vanilla Latte 330ml,£1.15,35p / 100ml,null,fresh_food,milk_butter_eggs,2024-11-19
Tom Parker Creamery Vitamin Enriched Whole Milk 500ml,£1.25,£2.50 / ltr,null,fresh_food,milk_butter_eggs,2024-11-19
Coconut Collaborative Mango & Passionfruit Yoghurt 360g,£2.75,76p / 100g,£1.95,fresh_food,milk_butter_eggs,2024-11-19
President A La Carte Crispy Bakes with Brie 6x25g,£3.00,£20.00 / kg,null,fresh_food,milk_butter_eggs,2024-11-19
Emmi Caffe Latte Protein Iced Coffee 230ml,£1.85,80p / 100ml,null,fresh_food,milk_butter_eggs,2024-11-19
Biotiful Gut Health Kefir Protein Yogurt Vanilla 250g,£1.85,74p / 100g,£1.25,fresh_food,milk_butter_eggs,2024-11-19
SuperNutrio High Protein Semi Skimmed Cow's Milk 1L,£2.50,£2.50 / ltr,null,fresh_food,milk_butter_eggs,2024-11-19
The Collective Great Dairy Gourmet Fudge 425g,£2.95,69p / 100g,null,fresh_food,milk_butter_eggs,2024-11-19
Jimmy's Iced Coffee Caramel 250ml,£1.70,68p / 100ml,£1.00,fresh_food,milk_butter_eggs,2024-11-19
Yeo Valley Organic Unsalted Butter 200g,£2.85,£14.25 / kg,null,fresh_food,milk_butter_eggs,2024-11-19
Ivy's Reserve Vintage Somerset Cheddar 300g,£3.75,£12.50 / kg,null,fresh_food,milk_butter_eggs,2024-11-19
"Cathedral City Mature Cheddar Cheese Slices, Crackers & Pick...",£2.00,£16.39 / kg,null,fresh_food,milk_butter_eggs,2024-11-19
Yeo Valley Organic Gut Boost Mango & Lime 150ml,£1.60,£1.07 / 100ml,null,fresh_food,milk_butter_eggs,2024-11-19
Emmi Caffe Latte Skinny Iced Coffee 650ml,£3.00,46p / 100ml,null,fresh_food,milk_butter_eggs,2024-11-19
Arla Protein Chocolate Flavoured Milk Drink 479ml,£2.00,42p / 100ml,null,fresh_food,milk_butter_eggs,2024-11-19
For Goodness Shakes Protein Salted Caramel Flavour Shake 435...,£2.30,53p / 100ml,null,fresh_food,milk_butter_eggs,2024-11-19
The Collective Dairy Free Suckies Peach & Apricot 85g,£1.00,£1.18 / 100g,null,fresh_food,milk_butter_eggs,2024-11-19
Cadbury Creamy Chocolate Caramel Flavour Milkshake 250ml,£2.00,80p / 100ml,null,fresh_food,milk_butter_eggs,2024-11-19
President Crème UHT Aerosol Cream 250g,£2.40,96p / 100g,£1.95,fresh_food,milk_butter_eggs,2024-11-19
Pakeeza Exotic Mango Lassi Thick Yogurt Drink 330g,£1.45,44p / 100g,null,fresh_food,milk_butter_eggs,2024-11-19
Arla Barista Milk Drink 1 Litre,£2.00,£2.00 / ltr,£1.50,fresh_food,milk_butter_eggs,2024-11-19
Sainsbury's Blue Stilton 400g,£4.50,£11.25 / kg,null,fresh_food,milk_butter_eggs,2024-11-19
Philadelphia Lightest Soft Cheese With Herbs 165g,£2.20,£13.33 / kg,£1.25,fresh_food,milk_butter_eggs,2024-11-19
SuperNutrio High Protein Whole Cow's Milk 1L,£2.50,£2.50 / ltr,null,fresh_food,milk_butter_eggs,2024-11-19
Arla Lactofree Whole Milk Drink 2L,£2.75,£1.38 / ltr,£2.25,fresh_food,milk_butter_eggs,2024-11-19
Starbucks DoubleShot Espresso No Added Sugar Iced Coffee Dri...,£2.20,£1.10 / 100ml,null,fresh_food,milk_butter_eggs,2024-11-19
Starbucks Grande Cup Caramel Macchiato Flavour Chilled Coffe...,£2.80,85p / 100ml,null,fresh_food,milk_butter_eggs,2024-11-19
Pakeeza Live Natural Set 900g,£2.10,23p / 100g,null,fresh_food,milk_butter_eggs,2024-11-19
Yeo Valley Organic Little Yeos Red Berries Kids Yogurt Pouch...,90p,£1.00 / 100g,60p,fresh_food,milk_butter_eggs,2024-11-19
The Collective Dairy Uplift Peach & Raspberry Live Yoghurt 1...,£1.50,£1.15 / 100g,null,fresh_food,milk_butter_eggs,2024-11-19
Kidderton Ash a Speckled Ash Crusted Goat's Cheese 150g,£3.50,£23.33 / kg,null,fresh_food,milk_butter_eggs,2024-11-19
Nurishh Plant Based Grated Cheddar Flavour 120g,£1.75,£14.58 / kg,null,fresh_food,milk_butter_eggs,2024-11-19
Tom Parker Creamery Free Range Strawberries & Cream Milk 250...,£1.55,62p / 100ml,null,fresh_food,milk_butter_eggs,2024-11-19
Lancashire Farm Greek Style Fat Free Yogurt 1kg,£2.95,30p / 100g,null,fresh_food,milk_butter_eggs,2024-11-19
Sainsbury's Lancashire Cheese 250g,£2.85,£11.40 / kg,null,fresh_food,milk_butter_eggs,2024-11-19
Clarence Court Quails Eggs x12,£4.20,35p / ea,null,fresh_food,milk_butter_eggs,2024-11-19
Cathedral City High Protein Half Fat Mature Cheddar Cheese 3...,£3.75,£12.50 / kg,£3.00,fresh_food,milk_butter_eggs,2024-11-19
Mlekovita Mazdamer Cheese Slices 150g,£1.85,£12.33 / kg,null,fresh_food,milk_butter_eggs,2024-11-19
President Extra Creamy Brie 200g,£2.95,£14.75 / kg,£2.25,fresh_food,milk_butter_eggs,2024-11-19
Oatly Oat Drink Whole Long Life 500ml,£1.20,£2.40 / ltr,null,fresh_food,milk_butter_eggs,2024-11-19
Huel Black Edition Strawberry Banana 500ml,£3.80,76p / 100ml,null,fresh_food,milk_butter_eggs,2024-11-19
"The Collective Dairy Restore Apple, Kiwi & Spirulina Live Yo...",£1.50,£1.15 / 100g,null,fresh_food,milk_butter_eggs,2024-11-19
Attack a Snak Chicken & Cheese Wrap Kit with Tomato Ketchup ...,£1.50,£17.44 / kg,£1.25,fresh_food,milk_butter_eggs,2024-11-19
Yeo Valley Organic Gut Boost Mixed Berries 150ml,£1.60,£1.07 / 100ml,null,fresh_food,milk_butter_eggs,2024-11-19
Arla Protein Vanilla Yogurt Pouch 200g,£1.45,73p / 100g,null,fresh_food,milk_butter_eggs,2024-11-19
"Sainsbury's British Cheese Selection, Taste the Difference 5...",£8.00,£15.09 / kg,null,fresh_food,milk_butter_eggs,2024-11-19
Alpro High Protein Soya Chilled Dairy Alternative Drink 750m...,£2.00,£2.67 / ltr,null,fresh_food,milk_butter_eggs,2024-11-19
The Collective Dairy Invigorate Passion Fruit & Ginseng Live...,£1.50,£1.15 / 100g,null,fresh_food,milk_butter_eggs,2024-11-19
Yeo Valley Organic Kefir Blueberry 500ml,£2.25,45p / 100ml,£1.75,fresh_food,milk_butter_eggs,2024-11-19
"Sainsbury's Jaffa Cake Yogurt, Taste the Difference 150g",95p,63p / 100g,80p,fresh_food,milk_butter_eggs,2024-11-19
"Sainsbury's Welsh Slate Cavern Aged Cheddar, Taste the Diffe...",£2.70,£13.50 / kg,null,fresh_food,milk_butter_eggs,2024-11-19
Shaken Udder Chocolate Protein Milkshake 330ml,£2.30,70p / 100ml,null,fresh_food,milk_butter_eggs,2024-11-19
Ufit White Chocolate Flavour High Protein Milkshake 330ml,£2.00,61p / 100ml,null,fresh_food,milk_butter_eggs,2024-11-19
Arla Lactofree Natural Yogurt 400g,£1.85,46p / 100g,null,fresh_food,milk_butter_eggs,2024-11-19
Huel Salted Caramel 500ml,£3.50,70p / 100ml,null,fresh_food,milk_butter_eggs,2024-11-19
Shaken Udder Salted Caramel Milkshake 750ml,£2.45,33p / 100ml,null,fresh_food,milk_butter_eggs,2024-11-19
Up & Go Breakfast Drink Chocolate 300ml,£1.25,38p / 100ml,null,fresh_food,milk_butter_eggs,2024-11-19
Starbucks Caffe Latte Protein Drink with Coffee 330ml,£2.75,83p / 100ml,£1.75,fresh_food,milk_butter_eggs,2024-11-19
Oatly Oat Drink Semi Long Life 500ml,£1.20,£2.14 / ltr,null,fresh_food,milk_butter_eggs,2024-11-19
Yeo Valley Organic Kefir Natural 4x100g,£2.50,63p / 100g,£1.50,fresh_food,milk_butter_eggs,2024-11-19
Sainsbury's Cheddar with Caramelised Onion 90g,£1.25,£13.89 / kg,null,fresh_food,milk_butter_eggs,2024-11-19
Huel Black Edition Vanilla 500ml,£3.80,76p / 100ml,null,fresh_food,milk_butter_eggs,2024-11-19
Marvel Original Dried Skimmed Milk Powder 250g,£4.50,£18.00 / kg,null,fresh_food,milk_butter_eggs,2024-11-19
Arla Jord Oat Strawberry use as alternative to Yoghurt 400g,£2.25,56p / 100g,£1.25,fresh_food,milk_butter_eggs,2024-11-19
Yeo Valley Organic Little Yeos Natural Greek Style Kids Yogu...,90p,£1.06 / 100g,60p,fresh_food,milk_butter_eggs,2024-11-19
Activia Kefir Strawberry Gut Health Yoghurt Drink 280ml,£1.60,57p / 100ml,£1.00,fresh_food,milk_butter_eggs,2024-11-19
Shaken Udder Double Choc Milkshake 330ml,£1.60,48p / 100ml,null,fresh_food,milk_butter_eggs,2024-11-19
Alpro No Sugars Nutty Almond 500ml,£1.30,£2.60 / ltr,null,fresh_food,milk_butter_eggs,2024-11-19
Shaken Udder White Choc Protein Milkshake 330ml,£2.30,70p / 100ml,null,fresh_food,milk_butter_eggs,2024-11-19
"Sainsbury's Epoisses Berthaut, Taste the Difference 250g",£7.00,£28.00 / kg,null,fresh_food,milk_butter_eggs,2024-11-19
"Sainsbury's Triple Cream Brie D’Affinois, Taste the Differen...",£4.50,£24.32 / kg,£3.00,fresh_food,milk_butter_eggs,2024-11-19
The Coconut Collab Strawberry Coconut Yog 4x90g,£2.95,82p / 100g,null,fresh_food,milk_butter_eggs,2024-11-19
Tom Parker Creamery Free Range Banana Fudge Milk 250ml,£1.55,62p / 100ml,null,fresh_food,milk_butter_eggs,2024-11-19
Alpro Plant Protein Plain 1L,£2.30,£2.30 / ltr,£1.50,fresh_food,milk_butter_eggs,2024-11-19
Huel Chocolate Brownie 500ml,£3.50,70p / 100ml,null,fresh_food,milk_butter_eggs,2024-11-19
Sainsbury's Shape & Slim Meal Replacement Shakes Chocolate 1...,£5.50,£18.97 / kg,null,fresh_food,milk_butter_eggs,2024-11-19
Sainsbury's Festive Cheese Selection 400g,£5.50,£13.75 / kg,null,fresh_food,milk_butter_eggs,2024-11-19
Ufit Raspberry Ripple Flavour High Protein Milkshake 330ml,£2.00,61p / 100ml,null,fresh_food,milk_butter_eggs,2024-11-19
Starbucks Chocolate Mocha Flavour Protein Drink with Coffee ...,£2.75,83p / 100ml,£1.75,fresh_food,milk_butter_eggs,2024-11-19
"Sainsbury's Smoked Shropshire Red, Taste the Difference",£3.25,£16.25 / kg,null,fresh_food,milk_butter_eggs,2024-11-19
Trewithen Salted Butter 250g,£2.80,£11.20 / kg,null,fresh_food,milk_butter_eggs,2024-11-19
For Goodness Protein Shakes Vanilla Flavour Shake 435ml,£2.30,53p / 100ml,null,fresh_food,milk_butter_eggs,2024-11-19
Yazoo Banana Milk Drink 1L,£2.00,20p / 100ml,null,fresh_food,milk_butter_eggs,2024-11-19
Nomadic Power Pot Chocolate Brownie 190g,£2.00,£1.05 / 100g,null,fresh_food,milk_butter_eggs,2024-11-19
Fage Fruits Vanilla Thick & Smooth Strained Yoghurt 380g,£2.50,66p / 100g,null,fresh_food,milk_butter_eggs,2024-11-19
Piatnica Vanilla Fromage Frais 150g,£1.00,67p / 100g,null,fresh_food,milk_butter_eggs,2024-11-19
Activia Kefir Natural Gut Health Yoghurt Drink 280ml,£1.60,57p / 100ml,£1.00,fresh_food,milk_butter_eggs,2024-11-19
Cadbury Dairy Milk Big Pots of Joy Chocolate Orange Dessert,£3.00,86p / 100g,null,fresh_food,milk_butter_eggs,2024-11-19
Arla Protein Strawberry 450g,£2.15,48p / 100g,null,fresh_food,milk_butter_eggs,2024-11-19
Pilgrims Choice Extra Mature Cheddar 6x20g,£2.00,£16.67 / kg,£1.50,fresh_food,milk_butter_eggs,2024-11-19
Shaken Udder Salted Caramel Milkshake 330ml,£1.60,48p / 100ml,null,fresh_food,milk_butter_eggs,2024-11-19
Arla Protein Vanilla 450g,£2.15,48p / 100g,null,fresh_food,milk_butter_eggs,2024-11-19
Biotiful Gut Health Kefir Overnight Oats Mixed Berry 150g,£1.75,£1.17 / 100g,null,fresh_food,milk_butter_eggs,2024-11-19
Pakeeza Passion Fruit Lassi Thick Yogurt Drink 330g,£1.45,44p / 100g,null,fresh_food,milk_butter_eggs,2024-11-19
Ufit Chocolate Flavour High Protein Milkshake 330ml,£2.00,61p / 100ml,null,fresh_food,milk_butter_eggs,2024-11-19
Huel Black Edition Iced Latte 500ml,£3.80,76p / 100ml,null,fresh_food,milk_butter_eggs,2024-11-19
Muller Myprotein Big Pot Vanilla Yogurt 500g,£3.00,60p / 100g,null,fresh_food,milk_butter_eggs,2024-11-19
Barebells Protein Milkshake Chocolate Flavour 330ml,£2.50,76p / 100ml,null,fresh_food,milk_butter_eggs,2024-11-19
"Sainsbury's Truffle Gouda, Taste the Difference 180g",£4.50,£25.00 / kg,null,fresh_food,milk_butter_eggs,2024-11-19
Biotiful Gut Health Kefir Spiced Fruit Overnight Oats 150g,£1.75,£1.17 / 100g,null,fresh_food,milk_butter_eggs,2024-11-19
Arla Jord Barista Nordic Oats 1L,£1.90,£1.90 / ltr,£1.50,fresh_food,milk_butter_eggs,2024-11-19
Shaken Udder Strawberry Protein Milkshake 330ml,£2.30,70p / 100ml,null,fresh_food,milk_butter_eggs,2024-11-19
Biotiful Gut Health Strawberry Kefir Protein Drink 330ml,£2.00,61p / 100ml,null,fresh_food,milk_butter_eggs,2024-11-19
Shepherds Purse Yorkshire Blue 180g,£3.20,£17.78 / kg,null,fresh_food,milk_butter_eggs,2024-11-19
Califia Farms Extra Creamy Almond 750ml,£2.45,£3.27 / ltr,null,fresh_food,milk_butter_eggs,2024-11-19
Cathedral City Grated Mature Cheddar Cheese 320g,£3.50,£10.94 / kg,£3.00,fresh_food,milk_butter_eggs,2024-11-19
Alpro Smooth Subtle Creamy Oat 500ml,£1.30,£2.60 / ltr,null,fresh_food,milk_butter_eggs,2024-11-19
The Collective Dairy Crunchin' Strawb Mixers 100g,£1.50,£1.50 / 100g,null,fresh_food,milk_butter_eggs,2024-11-19
Sainsbury's Double Gloucester & Cracked Black Pepper 90g,£1.25,£13.89 / kg,null,fresh_food,milk_butter_eggs,2024-11-19
Califia Farms Extra Creamy Oat 750ml,£2.45,£3.27 / ltr,null,fresh_food,milk_butter_eggs,2024-11-19
Ivy's Reserve Somerset Red Cheese,£3.75,£12.50 / kg,null,fresh_food,milk_butter_eggs,2024-11-19
Sainsbury's Shape & Slim Meal Replacement Shakes Strawberry ...,£5.50,£18.97 / kg,null,fresh_food,milk_butter_eggs,2024-11-19
Flora Plant Cream Single 250ml,£1.50,60p / 100ml,£1.00,fresh_food,milk_butter_eggs,2024-11-19
Pilgrims Choice Extra Mature Lighter Big Pack 550g,£5.40,£9.82 / kg,£4.00,fresh_food,milk_butter_eggs,2024-11-19
UFIT Fudge Brownie Flavour High Protein Milkshake 330ml,£2.00,61p / 100ml,null,fresh_food,milk_butter_eggs,2024-11-19
Biotiful Gut Health Kefir Chocolate Protein Drink 330ml,£2.00,61p / 100ml,null,fresh_food,milk_butter_eggs,2024-11-19
Sainsbury's Smoky Red Leicester with Chilli 90g,£1.25,£13.89 / kg,null,fresh_food,milk_butter_eggs,2024-11-19
Fage Befree Natural Greek Yoghurt 450g,£3.50,78p / 100g,£2.75,fresh_food,milk_butter_eggs,2024-11-19
Califia Farms Simple & Organic Oat 750ml,£2.45,£3.27 / ltr,null,fresh_food,milk_butter_eggs,2024-11-19
"Boursin Trio Gourmand, Limited Edition 3x80g",£4.00,£16.67 / kg,null,fresh_food,milk_butter_eggs,2024-11-19
Magnum Mini Vegan Classic & Almond Ice Cream Sticks x6 55 ml,£4.50,£1.36 / 100ml,£3.50,fresh_food,milk_butter_eggs,2024-11-19
All Things Butter British Cinnamon Bun Butter 125g,£2.95,£23.60 / kg,null,fresh_food,milk_butter_eggs,2024-11-19
Biotiful Gut Health Cherry Kefir Yogurt 4x115g,£2.50,54p / 100g,null,fresh_food,milk_butter_eggs,2024-11-19
Arctic Iced Coffee Hi Protein Caramel Latte 330ml,£1.15,35p / 100ml,null,fresh_food,milk_butter_eggs,2024-11-19
Shepherds Purse Harrogate Blue 180g,£3.20,£17.78 / kg,null,fresh_food,milk_butter_eggs,2024-11-19
Ufit Strawberry Flavour High Protein Milkshake 500ml,£3.00,60p / 100ml,£2.25,fresh_food,milk_butter_eggs,2024-11-19
Ufit Salted Caramel Flavour High Protein Milkshake 500ml,£3.00,60p / 100ml,£2.25,fresh_food,milk_butter_eggs,2024-11-19
Sainsbury's Free From Sliced Cheddar Style 180g,£2.50,£13.89 / kg,£2.20,fresh_food,milk_butter_eggs,2024-11-19
Snowdonia Cheese Company Black Bomber Extra Mature Cheddar 4...,£9.50,£23.75 / kg,null,fresh_food,milk_butter_eggs,2024-11-19
Biotiful Gut Health Organic Vanilla Chai Kefir Drink 500ml,£2.80,56p / 100ml,null,fresh_food,milk_butter_eggs,2024-11-19
"Sainsbury's Free Range Eden Maran Brown Eggs, Taste the Diff...",£2.85,48p / ea,null,fresh_food,milk_butter_eggs,2024-11-19
Starbucks Protein Drink with Coffee Caramel Hazelnut Flavour...,£2.75,83p / 100ml,£1.75,fresh_food,milk_butter_eggs,2024-11-19
"Sainsbury's Baking Somerset Brie, Taste the Difference 255g",£5.00,£19.61 / kg,null,fresh_food,milk_butter_eggs,2024-11-19
Yeo Valley Organic Free Range Fresh Milk Skimmed 1L,£1.80,£1.80 / ltr,null,fresh_food,milk_butter_eggs,2024-11-19
Califia Farms Pumpkin Spice Cold Brew Coffee with Almond 750...,£2.95,£3.93 / ltr,null,fresh_food,milk_butter_eggs,2024-11-19
"Sainsbury's Vintage Cheddar, Taste the Difference 200g",£3.00,£15.00 / kg,null,fresh_food,milk_butter_eggs,2024-11-19
Shaken Udder White Chocolate Milkshake 330ml,£1.60,48p / 100ml,null,fresh_food,milk_butter_eggs,2024-11-19
Boursin Garlic & Herbs Vegan Alternative to Cheese 150g,£3.00,£20.00 / kg,null,fresh_food,milk_butter_eggs,2024-11-19
Barebells Protein Milkshake Strawberry Flavour 330ml,£2.50,76p / 100ml,null,fresh_food,milk_butter_eggs,2024-11-19
Califia Farms Oat Latte 750ml,£2.95,39p / 100ml,£2.00,fresh_food,milk_butter_eggs,2024-11-19
Ufit Caramelised Bisenit Flavour High Protein Milkshake 330m...,£2.00,67p / 100ml,null,fresh_food,milk_butter_eggs,2024-11-19
Lowicz Soft Cheese Vanilla Flavour 250g,£1.40,£5.60 / kg,null,fresh_food,milk_butter_eggs,2024-11-19
Mlekovita Edam Slices 150g,£1.50,£10.00 / kg,£1.35,fresh_food,milk_butter_eggs,2024-11-19
Ilchester Cheese Advent Calendar 24x15g,£10.00,£27.78 / kg,£9.00,fresh_food,milk_butter_eggs,2024-11-19
Jimmy's Original Iced Coffee 380ml,£2.75,72p / 100ml,null,fresh_food,milk_butter_eggs,2024-11-19
Riya's Paneer 250g,£3.00,£12.00 / kg,null,fresh_food,milk_butter_eggs,2024-11-19
Biotiful Gut Health Peach Kefir Yogurt 4x115g,£2.50,54p / 100g,null,fresh_food,milk_butter_eggs,2024-11-19
yfood Classic Choco Ready to Drink Complete Meal 500ml,£3.50,70p / 100ml,null,fresh_food,milk_butter_eggs,2024-11-19
Graham's The Family Dairy Organic Semi-Skimmed 2L,£2.50,£1.25 / ltr,null,fresh_food,milk_butter_eggs,2024-11-19
Jimmy's Mocha Iced Coffee 380ml,£2.75,72p / 100ml,null,fresh_food,milk_butter_eggs,2024-11-19
Sainsbury's Plant Pioneers Selection Pack 4x100g,£5.75,£14.38 / kg,null,fresh_food,milk_butter_eggs,2024-11-19
The Collective Dairy Kickstart Blueberry & Raspberry 130g,£1.50,£1.15 / 100g,null,fresh_food,milk_butter_eggs,2024-11-19
Huel Berry 500ml,£3.50,70p / 100ml,null,fresh_food,milk_butter_eggs,2024-11-19
For Goodness Shakes Recovery Vanilla Flavour Shake 435ml,£2.00,46p / 100ml,null,fresh_food,milk_butter_eggs,2024-11-19
Starbucks Frappuccino S'mores Flavoured Milk Iced Coffee 250...,£2.20,88p / 100ml,£1.25,fresh_food,milk_butter_eggs,2024-11-19
Lowicz Cascaval Cheese 300g,£3.00,£10.00 / kg,null,fresh_food,milk_butter_eggs,2024-11-19
Snowdonia Cheese Company Green Thunder Mature Cheddar with G...,£5.00,£25.00 / kg,null,fresh_food,milk_butter_eggs,2024-11-19
Zott Jogobella 400g,£1.40,35p / 100g,null,fresh_food,milk_butter_eggs,2024-11-19
For Goodness Shakes Recovery Chocolate Flavour Shake 435ml,£2.00,46p / 100ml,null,fresh_food,milk_butter_eggs,2024-11-19
Starbucks Frappuccino Caramel Flavoured Milk Iced Coffee No ...,£2.20,88p / 100ml,null,fresh_food,milk_butter_eggs,2024-11-19
Leerdammer Original Grated 160g,£2.35,£14.69 / kg,£1.50,fresh_food,milk_butter_eggs,2024-11-19
yfood Smooth Vanilla Ready to Drink Complete Meal 500ml,£3.50,70p / 100ml,null,fresh_food,milk_butter_eggs,2024-11-19
Starbucks Frappuccino Indulgent Caramel Flavour Coffee Drink...,£7.35,74p / 100ml,£4.00,fresh_food,milk_butter_eggs,2024-11-19
Snowdonia Cheese Company Devil Red Leicester with Habanero C...,£5.00,£25.00 / kg,null,fresh_food,milk_butter_eggs,2024-11-19
Sainsbury's Long Clawson Blue Stilton 225g,£6.50,£28.89 / kg,null,fresh_food,milk_butter_eggs,2024-11-19
The Collective Dairy Poppin' Choco Mixers 100g,£1.50,£1.50 / 100g,null,fresh_food,milk_butter_eggs,2024-11-19
Smug Dairy Spreadable Blended Oat & Dairy Butter 400g,£3.75,£9.38 / kg,£2.00,fresh_food,milk_butter_eggs,2024-11-19
Huel Strawberries & Cream 500ml,£3.50,70p / 100ml,null,fresh_food,milk_butter_eggs,2024-11-19
Chocomel Plant Based 1L,£3.20,£3.20 / ltr,null,fresh_food,milk_butter_eggs,2024-11-19
"Maxi Babybel the Big Cheese, Limited Edition 200g",£3.50,£17.50 / kg,null,fresh_food,milk_butter_eggs,2024-11-19
Emmi Caffe Latte Skinny Iced Coffee 370ml,£2.65,72p / 100ml,null,fresh_food,milk_butter_eggs,2024-11-19
"Sainsbury's Cheesemonger Selection, Taste the Difference 495...",£15.00,£30.30 / kg,null,fresh_food,milk_butter_eggs,2024-11-19
Dairylea Dunkers Jumbo Tubes Cheese Snacks 41g,£1.30,£3.17 / 100g,null,fresh_food,milk_butter_eggs,2024-11-19
Sainsbury's Shape & Slim Meal Replacement Shakes Vanilla 10x...,£5.50,£18.97 / kg,null,fresh_food,milk_butter_eggs,2024-11-19
Smug Dairy Blended Oat & Dairy Cheddar 320g,£4.00,£12.50 / kg,£2.00,fresh_food,milk_butter_eggs,2024-11-19
Sainsbury's Little Ones Organic Peach & Mango Yogurts 4x90g,£2.60,72p / 100g,null,fresh_food,milk_butter_eggs,2024-11-19
For Goodness Shakes Protein Strawberry Flavour Shake 1000 m...,£4.50,45p / 100ml,£3.00,fresh_food,milk_butter_eggs,2024-11-19
For Goodness Shakes Protein Strawberry Flavour Shake 471ml,£3.00,64p / 100ml,£2.00,fresh_food,milk_butter_eggs,2024-11-19
"Sainsbury's British Cheese Gift Set, Taste the Difference 51...",£12.00,£24.74 / kg,null,fresh_food,milk_butter_eggs,2024-11-19
For Goodness Shakes Protein Chocolate Flavour Shake 471ml,£3.00,64p / 100ml,£2.00,fresh_food,milk_butter_eggs,2024-11-19
Mlekovita Strawberry Kefir 1kg,£2.35,24p / 100ml,null,fresh_food,milk_butter_eggs,2024-11-19
Churn'd Bourbon Vanilla Blondie with White Choc Chips 250ml,£1.60,64p / 100ml,null,fresh_food,milk_butter_eggs,2024-11-19
Cathedral City Snack Bar Original Mature Cheddar Cheese 24g,£1.30,£5.42 / 100g,null,fresh_food,milk_butter_eggs,2024-11-19
"Sainsbury's Cave Aged Farmhouse Cheddar,Taste the Difference...",£10.00,£16.67 / kg,null,fresh_food,milk_butter_eggs,2024-11-19
Churn'd Malted Chocolate with Chocolate Chips 250ml,£1.60,64p / 100ml,null,fresh_food,milk_butter_eggs,2024-11-19
For Goodness Shakes Protein Chocolate Flavour Shake 1000ml,£4.50,45p / 100ml,£3.00,fresh_food,milk_butter_eggs,2024-11-19
Sainsbury's Oat 1L,£1.45,£1.45 / ltr,null,fresh_food,milk_butter_eggs,2024-11-19
Rude Health Oat with Calcium 1L,£2.20,£2.20 / ltr,£1.70,fresh_food,milk_butter_eggs,2024-11-19
Smug Dairy Sliced Blended Oat & Dairy Cheddar 150g,£2.25,£15.00 / kg,£1.50,fresh_food,milk_butter_eggs,2024-11-19
Smug Dairy Grated Blended Oat & Dairy Cheddar 160g,£2.25,£14.06 / kg,£1.50,fresh_food,milk_butter_eggs,2024-11-19
"Sainsbury's Barber's Mature Cruncher Cheese, Taste the Diffe...",£3.80,£10.86 / kg,null,fresh_food,cheese,2024-11-19
Cathedral City Mature Cheddar Cheese 550g,£5.00,£9.09 / kg,null,fresh_food,cheese,2024-11-19
"Sainsbury's Quattro Cheese Bake, Autumn Edition, Taste the D...",£7.50,£25.00 / kg,null,fresh_food,cheese,2024-11-19
"Sainsbury's Roquefort Blue Cheese, Taste the Difference 100g",£3.00,£30.00 / kg,null,fresh_food,cheese,2024-11-19
Sainsbury's British Mature Cheddar Cheese 400g,£3.10,£7.75 / kg,null,fresh_food,cheese,2024-11-19
Sainsbury's Greek Feta Cheese 200g,£2.10,£10.50 / kg,null,fresh_food,cheese,2024-11-19
Sainsbury's British Extra Mature Cheddar Cheese 400g,£3.10,£7.75 / kg,null,fresh_food,cheese,2024-11-19
Stamford Street Co. Mature Cheddar Cheese 600g,£3.70,£6.17 / kg,null,fresh_food,cheese,2024-11-19
Sainsbury's Cypriot Halloumi Cheese 225g,£2.15,£9.56 / kg,null,fresh_food,cheese,2024-11-19
Sainsbury's British Medium Cheddar Cheese 400g,£3.10,£7.75 / kg,null,fresh_food,cheese,2024-11-19
Stamford Street Co. Mozzarella Cheese Ball 125g,69p,£5.52 / kg,null,fresh_food,cheese,2024-11-19
Sainsbury's British Mature Grated Cheddar Cheese 250g,£2.65,£10.60 / kg,null,fresh_food,cheese,2024-11-19
Sainsbury's Parmigiano Reggiano Cheese 200g,£3.40,£17.00 / kg,null,fresh_food,cheese,2024-11-19
Philadelphia Original Soft Cream Cheese 280g,£3.25,£11.61 / kg,null,fresh_food,cheese,2024-11-19
Sainsbury's Grated Mozzarella Cheese 250g,£2.65,£10.60 / kg,null,fresh_food,cheese,2024-11-19
Sainsbury's Mozzarella Cheese 150g,£1.35,£9.00 / kg,null,fresh_food,cheese,2024-11-19
Stamford Street Co. Soft Cheese 200g,85p,£4.25 / kg,null,fresh_food,cheese,2024-11-19
Cathedral City Extra Mature Cheddar Cheese 550g,£5.00,£9.09 / kg,null,fresh_food,cheese,2024-11-19
Stamford Street Co. Mature Cheddar Cheese 900g,£4.88,£5.42 / kg,null,fresh_food,cheese,2024-11-19
Stamford Street Co. Grated Cheddar 500g,£2.99,£5.98 / kg,null,fresh_food,cheese,2024-11-19
Cathedral City Mature Cheddar Cheese 350g,£3.75,£10.71 / kg,£3.00,fresh_food,cheese,2024-11-19
Sainsbury's British Mild Cheddar Cheese 400g,£3.10,£7.75 / kg,null,fresh_food,cheese,2024-11-19
Boursin Garlic & Herb Soft French Cream Cheese 150g,£2.75,£18.33 / kg,null,fresh_food,cheese,2024-11-19
Pilgrims Choice Extra Mature Cheddar Cheese 350g,£4.20,£12.00 / kg,null,fresh_food,cheese,2024-11-19
Sainsbury's Cottage Cheese 300g,£1.30,£4.33 / kg,null,fresh_food,cheese,2024-11-19
Strings & Things Cheestrings Cheese Snack x8 160g,£2.49,£15.56 / kg,null,fresh_food,cheese,2024-11-19
Sainsbury's British Mature Cheddar Cheese Slices 240g,£2.70,£11.25 / kg,null,fresh_food,cheese,2024-11-19
Sainsbury's West Country Farmhouse Mature Cheddar Cheese 400...,£3.00,£7.50 / kg,null,fresh_food,cheese,2024-11-19
Sainsbury's Red Leicester Cheese 250g,£2.85,£11.40 / kg,null,fresh_food,cheese,2024-11-19
"Sainsbury's Cottage Cheese, Fat Free 300g",£1.30,£4.33 / kg,null,fresh_food,cheese,2024-11-19
Sainsbury's Fresh Grated Parmigiano Cheese 60g,£1.60,£26.67 / kg,null,fresh_food,cheese,2024-11-19
Sainsbury's French Mild Brie Cheese 200g,£1.69,£8.45 / kg,null,fresh_food,cheese,2024-11-19
Sainsbury's Grated Parmesan Cheese 120g,£3.00,£25.00 / kg,null,fresh_food,cheese,2024-11-19
Sainsbury's White Soft Cheese 300g,£1.65,£5.50 / kg,null,fresh_food,cheese,2024-11-19
Sainsbury's Stilton Blue Cheese 220g,£2.50,£11.36 / kg,null,fresh_food,cheese,2024-11-19
President Brie Cheese 200g,£2.85,£14.25 / kg,null,fresh_food,cheese,2024-11-19
Cathedral City Mini Mature Cheddar Cheeses 6x20g,£2.10,£17.50 / kg,null,fresh_food,cheese,2024-11-19
Philadelphia Original Soft Cream Cheese 165g,£2.20,£13.33 / kg,£1.25,fresh_food,cheese,2024-11-19
Sainsbury's Gouda Cheese Slices 250g,£2.80,£11.20 / kg,null,fresh_food,cheese,2024-11-19
Stamford Street Co. Grated Mozzarella 500g,£2.99,£5.98 / kg,null,fresh_food,cheese,2024-11-19
Dairylea Cheese Slices 8x20.5g,£1.45,£8.84 / kg,null,fresh_food,cheese,2024-11-19
Mini Babybel Light Cheese Snacks 12x20g,£3.55,£14.79 / kg,null,fresh_food,cheese,2024-11-19
Sainsbury's Grated Four Cheese Mix 250g,£2.65,£10.60 / kg,null,fresh_food,cheese,2024-11-19
Sainsbury's British Mature Grated Cheddar Cheese 500g,£4.65,£9.30 / kg,null,fresh_food,cheese,2024-11-19
Sainsbury's Lighter Mature Cheese 400g,£3.10,£7.75 / kg,null,fresh_food,cheese,2024-11-19
Davidstow Crackler Cornish Extra Mature Cheddar Cheese 320g,£4.75,£14.84 / kg,null,fresh_food,cheese,2024-11-19
Leerdammer Light Dutch Cheese Slices x8 160g,£2.35,£14.69 / kg,null,fresh_food,cheese,2024-11-19
Arla Lactofree Mature Cheddar Cheese 200g,£2.50,£12.50 / kg,null,fresh_food,cheese,2024-11-19
Strings & Things Cheestrings Cheese Snack x4 80g,£1.75,£21.88 / kg,£1.25,fresh_food,cheese,2024-11-19
Cathedral City Mature Cheddar Cheese Slices x6 150g,£2.40,£16.00 / kg,null,fresh_food,cheese,2024-11-19
Mini Babybel Original Cheese Snacks 6x20g,£2.45,£20.42 / kg,£1.50,fresh_food,cheese,2024-11-19
Sainsbury's Grana Padano Cheese 200g,£3.00,£15.00 / kg,null,fresh_food,cheese,2024-11-19
"Sainsbury's Mature Cheddar Cheese, SO Organic 270g",£3.20,£11.85 / kg,null,fresh_food,cheese,2024-11-19
Stamford Street Co. Greek Style Salad Cheese 200g,89p,£4.45 / kg,null,fresh_food,cheese,2024-11-19
Sainsbury's Emmental Cheese Slices 250g,£2.65,£10.60 / kg,null,fresh_food,cheese,2024-11-19
Sainsbury's Mascarpone Cheese 250g,£1.90,£7.60 / kg,null,fresh_food,cheese,2024-11-19
Sainsbury's Somerset Brie Cheese 230g,£3.00,£13.04 / kg,null,fresh_food,cheese,2024-11-19
Dairylea Dunkers Jumbo Tubes Cheese Snack 3x41g,£2.25,£18.29 / kg,null,fresh_food,cheese,2024-11-19
Sainsbury's Cheesy Slices x10 200g,£1.40,£7.00 / kg,null,fresh_food,cheese,2024-11-19
Le Rustique Camembert Cheese 250g,£2.90,£11.60 / kg,null,fresh_food,cheese,2024-11-19
Sainsbury's Wensleydale Cheese with Cranberries 200g,£2.65,£13.25 / kg,£2.25,fresh_food,cheese,2024-11-19
Sainsbury's Grated Cheddar & Mozzarella Mix 250g,£2.65,£10.60 / kg,null,fresh_food,cheese,2024-11-19
Cathedral City Grated Mature Cheddar Cheese 180g,£2.40,£13.33 / kg,null,fresh_food,cheese,2024-11-19
Castello Creamy Blue Cheese 150g,£2.80,£18.67 / kg,null,fresh_food,cheese,2024-11-19
Dairylea Cheese Spread Triangles x8 125g,£1.75,£14.00 / kg,null,fresh_food,cheese,2024-11-19
Stamford Street Co. Red Leicester 600g,£3.74,£6.23 / kg,null,fresh_food,cheese,2024-11-19
Sainsbury's Ricotta Cheese 250g,£1.50,£6.00 / kg,null,fresh_food,cheese,2024-11-19
Stamford Street Co. Mild Cheddar Slices x10 200g,£1.39,£6.95 / kg,null,fresh_food,cheese,2024-11-19
Galbani Mozzarella Cheese Maxi Bag 250g,£2.95,£11.80 / kg,null,fresh_food,cheese,2024-11-19
Sainsbury's British Extra Mature Grated Cheddar Cheese 250g,£2.65,£10.60 / kg,null,fresh_food,cheese,2024-11-19
Cathedral City Lighter Mature Cheddar Cheese 550g,£5.00,£9.09 / kg,null,fresh_food,cheese,2024-11-19
Sainsbury's Double Gloucester Cheese 250g,£2.85,£11.40 / kg,null,fresh_food,cheese,2024-11-19
Sainsbury's British Medium Grated Cheddar Cheese 250g,£2.65,£10.60 / kg,null,fresh_food,cheese,2024-11-19
Stamford Street Co. Mild Cheddar 600g,£3.70,£6.17 / kg,null,fresh_food,cheese,2024-11-19
Saint Agur Blue Cheese 150g,£2.95,£19.67 / kg,null,fresh_food,cheese,2024-11-19
Cathedral City Lighter Mature Cheddar Cheese 350g,£3.75,£10.71 / kg,£3.00,fresh_food,cheese,2024-11-19
Sainsbury's Light Soft Cheese 250g,£1.55,£6.20 / kg,null,fresh_food,cheese,2024-11-19
Chavroux La Buche Goats Cheese 150g,£2.65,£17.67 / kg,£2.05,fresh_food,cheese,2024-11-19
Port Salut French Cheese 185g,£2.95,£15.95 / kg,£1.80,fresh_food,cheese,2024-11-19
Philadelphia Original Soft Cream Cheese Mini Tub Pack x4 140...,£1.95,£13.93 / kg,null,fresh_food,cheese,2024-11-19
Sainsbury's Grated Mozzarella Cheese 500g,£4.65,£9.30 / kg,null,fresh_food,cheese,2024-11-19
Philadelphia Light Low Fat Soft Cream Cheese 280g,£3.25,£11.61 / kg,null,fresh_food,cheese,2024-11-19
Sainsbury's Emmental Cheese 250g,£2.50,£10.00 / kg,null,fresh_food,cheese,2024-11-19
Sainsbury's Lighter Mozzarella Cheese 125g,£1.25,£10.00 / kg,null,fresh_food,cheese,2024-11-19
Apetina Paneer Cheese 225g,£2.00,£8.89 / kg,null,fresh_food,cheese,2024-11-19
Sainsbury's Lighter Cypriot Cheese 225g,£2.15,£9.56 / kg,null,fresh_food,cheese,2024-11-19
Primula Cheese Original 140g,£1.85,£13.21 / kg,null,fresh_food,cheese,2024-11-19
"Sainsbury's France Made with Unpasteurised Milk Comté, Taste...",£3.65,£20.28 / kg,null,fresh_food,cheese,2024-11-19
"Sainsbury's Stilton Blue Cheese, Taste the Difference 210g",£3.20,£15.24 / kg,null,fresh_food,cheese,2024-11-19
Sainsbury's Shaved Parmesan Cheese 80g,£2.00,£25.00 / kg,null,fresh_food,cheese,2024-11-19
Pilgrims Choice Mature Cheddar Cheese 350g,£4.20,£12.00 / kg,null,fresh_food,cheese,2024-11-19
Cathedral City Extra Mature Cheddar Cheese 350g,£3.75,£10.71 / kg,£3.00,fresh_food,cheese,2024-11-19
Sainsbury's Edam Cheese Slices 250g,£2.80,£11.20 / kg,null,fresh_food,cheese,2024-11-19
Sainsbury's Somerset Brie Cheese 160g,£2.25,£14.06 / kg,null,fresh_food,cheese,2024-11-19
Davidstow Classic Cornish Mature Cheddar Cheese 350g,£4.75,£13.57 / kg,null,fresh_food,cheese,2024-11-19
Sainsbury's Abergavenny Goats Cheese 125g,£2.40,£19.20 / kg,null,fresh_food,cheese,2024-11-19
Sainsbury's Red Leicester Cheese Slices 240g,£2.70,£11.25 / kg,null,fresh_food,cheese,2024-11-19
Pilgrims Choice Extra Mature Cheddar Cheese 550g,£5.40,£9.82 / kg,£4.00,fresh_food,cheese,2024-11-19
Sainsbury's British Mild Cheddar Cheese Slices 240g,£2.70,£11.25 / kg,null,fresh_food,cheese,2024-11-19
Port Salut French Creamy Cheese Slices 6x20g,£2.60,£21.67 / kg,null,fresh_food,cheese,2024-11-19
Jarlsberg Cheese Slices 160g,£2.45,£15.31 / kg,null,fresh_food,cheese,2024-11-19
Philadelphia Light Low Fat Soft Cream Cheese 165g,£2.20,£13.33 / kg,£1.25,fresh_food,cheese,2024-11-19
"Sainsbury's Extra Mature Cumbrian Cheddar, Taste the Differe...",£3.80,£10.86 / kg,null,fresh_food,cheese,2024-11-19
"Sainsbury's Swiss Mature Reserve Gruyere Cheese, Taste the D...",£4.20,£21.00 / kg,null,fresh_food,cheese,2024-11-19
Dairylea Dunkers Jumbo Tubes Cheese Snacks Pack x6 246g,£3.30,£13.41 / kg,null,fresh_food,cheese,2024-11-19
Sainsbury's Somerset Goats Cheese 100g,£2.25,£22.50 / kg,null,fresh_food,cheese,2024-11-19
Stamford Street Co. Italian Hard Cheese 200g,£2.80,£14.00 / kg,null,fresh_food,cheese,2024-11-19
Midas Grilling Cheese 200g,£1.80,£9.00 / kg,null,fresh_food,cheese,2024-11-19
Laughing Cow Light Triangles 267g,£2.95,£11.05 / kg,null,fresh_food,cheese,2024-11-19
Mini Babybel Light Cheese Snacks 6x20g,£2.45,£20.42 / kg,£1.50,fresh_food,cheese,2024-11-19
Philadelphia Light Soft Cream Cheese Snacks Mini Tub Pack x4...,£1.95,£13.93 / kg,null,fresh_food,cheese,2024-11-19
Dairylea Cheese Spread 270g,£2.40,£8.89 / kg,null,fresh_food,cheese,2024-11-19
Leerdammer Original Slices x8 160g,£2.35,£14.69 / kg,null,fresh_food,cheese,2024-11-19
Sainsbury's Mild & Buttery Edam 300g,£2.80,£9.03 / kg,null,fresh_food,cheese,2024-11-19
"Sainsbury's Grana Padano Riserva Cheese, Taste the Differenc...",£3.75,£25.00 / kg,null,fresh_food,cheese,2024-11-19
Violife Original Slices Vegan Cheese Alternative 175g,£2.50,£14.29 / kg,null,fresh_food,cheese,2024-11-19
Sainsbury's Cambozola Blue Cheese 175g,£3.10,£17.71 / kg,null,fresh_food,cheese,2024-11-19
Sainsbury's Mature British Cheddar 220g,£2.45,£11.14 / kg,null,fresh_food,cheese,2024-11-19
Sainsbury's Beechwood Smoked Cheese 150g,£2.15,£14.33 / kg,null,fresh_food,cheese,2024-11-19
"Sainsbury's Mild Cheddar Cheese, SO Organic 270g",£3.20,£11.85 / kg,null,fresh_food,cheese,2024-11-19
Castello Extra Creamy Brie Cheese 200g,£2.80,£14.00 / kg,£2.50,fresh_food,cheese,2024-11-19
Seriously Spreadable Cheese Lighter 125g,£1.95,£15.60 / kg,£1.20,fresh_food,cheese,2024-11-19
Attis Greek Feta Cheese 200g,£2.70,£13.50 / kg,null,fresh_food,cheese,2024-11-19
The Laughing Cow Original Cheese Spread Triangles x16 267g,£2.95,£11.05 / kg,null,fresh_food,cheese,2024-11-19
Violife Original Grated Vegan Cheese Alternative 175g,£2.50,£14.29 / kg,null,fresh_food,cheese,2024-11-19
"Sainsbury's Mozzarella Di Bufala Campana DOP, Taste the Diff...",£2.35,£18.80 / kg,null,fresh_food,cheese,2024-11-19
Dairylea Lunchers Ham & Cheese Snacks 74g,£1.60,£21.62 / kg,null,fresh_food,cheese,2024-11-19
Seriously Spreadable Vintage Cheese 125g,£1.95,£15.60 / kg,£1.20,fresh_food,cheese,2024-11-19
"Sainsbury's British Cheeseboard Selection, Taste the Differe...",£3.50,£22.58 / kg,null,fresh_food,cheese,2024-11-19
Philadelphia Lightest Low Fat Soft Cream Cheese 165g,£2.20,£13.33 / kg,£1.25,fresh_food,cheese,2024-11-19
Sainsbury's Gouda Cheese 265g,£2.60,£9.81 / kg,null,fresh_food,cheese,2024-11-19
Sainsbury's Grated Red Leicester Cheese 250g,£2.65,£10.60 / kg,null,fresh_food,cheese,2024-11-19
Sainsbury's Dried Grated Hard Cheese 80g,£1.25,£15.63 / kg,null,fresh_food,cheese,2024-11-19
Sainsbury's British Medium Cheddar Cheese Slices 240g,£2.70,£11.25 / kg,null,fresh_food,cheese,2024-11-19
"Sainsbury's Greek Feta, SO Organic 200g",£2.90,£14.50 / kg,null,fresh_food,cheese,2024-11-19
Sainsbury's Edam Cheese Slices 400g,£3.00,£7.50 / kg,null,fresh_food,cheese,2024-11-19
Stamford Street Co. Mild Cheddar 900g,£4.88,£5.42 / kg,null,fresh_food,cheese,2024-11-19
Cathedral City Plant Based Mature Cheddar Cheese Flavour Veg...,£2.30,£15.33 / kg,null,fresh_food,cheese,2024-11-19
Galbani Italian Mozzarella Cheese 125g,£1.90,£15.20 / kg,null,fresh_food,cheese,2024-11-19
Sainsbury's Wensleydale Cheese 250g,£2.85,£11.40 / kg,null,fresh_food,cheese,2024-11-19
"Sainsbury's Parmigiano Reggiano Cheese, Taste the Difference...",£4.20,£21.00 / kg,null,fresh_food,cheese,2024-11-19
Dairylea Light Low Fat Cheese Slices 8x20.5g,£1.45,£8.84 / kg,null,fresh_food,cheese,2024-11-19
Attis Greek Feta 2x75g,£2.35,£15.67 / kg,null,fresh_food,cheese,2024-11-19
"Sainsbury's Barber's Red Cruncher Cheese, Taste the Differen...",£3.80,£10.86 / kg,null,fresh_food,cheese,2024-11-19
Dairylea Dunkers Ritz Cheese Snack 3x43g,£2.25,£17.44 / kg,null,fresh_food,cheese,2024-11-19
"Sainsbury's Mature Grated White Cheese, Be Good To Yourself ...",£2.55,£10.20 / kg,null,fresh_food,cheese,2024-11-19
Pilgrims Choice Vintage Cheddar Cheese 300g,£4.20,£14.00 / kg,null,fresh_food,cheese,2024-11-19
Applewood Smoke Flavoured Cheddar Cheese 185g,£2.70,£14.59 / kg,£2.00,fresh_food,cheese,2024-11-19
Sainsbury's Pecorino Romano Cheese 170g,£3.80,£22.35 / kg,null,fresh_food,cheese,2024-11-19
Philadelphia Garlic & Herbs Soft Cream Cheese 280g,£3.25,£11.61 / kg,null,fresh_food,cheese,2024-11-19
Boursin Garlic & Herb French Cheese Portions x6 96g,£2.25,£23.44 / kg,£1.75,fresh_food,cheese,2024-11-19
Sainsbury's Austrian Smoked Cheese 125g,£1.80,£14.40 / kg,null,fresh_food,cheese,2024-11-19
Dairylea Cheese Spread Triangles Pack x16 250g,£2.95,£11.80 / kg,null,fresh_food,cheese,2024-11-19
Cathedral City Mild Cheddar Cheese 350g,£3.75,£10.71 / kg,£3.00,fresh_food,cheese,2024-11-19
Mini Babybel Mix Pack Cheese Snacks,£3.20,£17.78 / kg,null,fresh_food,cheese,2024-11-19
Sainsbury's Mozzarella Cheese Pearls 125g,£1.70,£13.60 / kg,null,fresh_food,cheese,2024-11-19
Philadelphia Garlic & Herbs Soft Cream Cheese 165g,£2.20,£13.33 / kg,£1.25,fresh_food,cheese,2024-11-19
Sainsbury's British Medium Grated Cheddar Cheese 500g,£4.65,£9.30 / kg,null,fresh_food,cheese,2024-11-19
Cathedral City Kids Snack Nibbles Mild Lighter Cheddar Chees...,£2.00,£25.00 / kg,£1.20,fresh_food,cheese,2024-11-19
Arla Lactofree Soft Cheese 200g,£1.75,£8.75 / kg,null,fresh_food,cheese,2024-11-19
Cathedral City Lighter Mature Cheddar Cheese Slices x6 150g,£2.40,£16.00 / kg,null,fresh_food,cheese,2024-11-19
Primula Cheese with Ham 140g,£1.85,£13.21 / kg,null,fresh_food,cheese,2024-11-19
Sainsbury's British Mild Cheddar 220g,£2.45,£11.14 / kg,null,fresh_food,cheese,2024-11-19
Sainsbury's 12 Breaded Halloumi Fries 204g,£3.25,£15.93 / kg,null,fresh_food,cheese,2024-11-19
Sainsbury's Medium British Cheddar 220g,£2.45,£11.14 / kg,null,fresh_food,cheese,2024-11-19
Violife Epic Cheddar Cheese Alternative 200g,£2.75,£13.75 / kg,null,fresh_food,cheese,2024-11-19
Sainsbury's Reduced Fat Cheesy Slices 200g,£1.40,£7.00 / kg,null,fresh_food,cheese,2024-11-19
Castello Pineapple & Almond Cream Cheese Ring 125g,£2.30,£18.40 / kg,£1.50,fresh_food,cheese,2024-11-19
St Helen's Farm Mild Goats Cheese 170g,£3.50,£20.59 / kg,null,fresh_food,cheese,2024-11-19
Philadelphia Vegan Almond & Oat Soft Cream Cheese Alternativ...,£2.75,£18.97 / kg,£2.00,fresh_food,cheese,2024-11-19
Seriously Spreadable Cheese 250g,£3.15,£12.60 / kg,null,fresh_food,cheese,2024-11-19
Sainsbury's Mozzarella Slices 250g,£2.80,£11.20 / kg,null,fresh_food,cheese,2024-11-19
Sainsbury's Grated Mild British Cheddar 250g,£2.65,£10.60 / kg,null,fresh_food,cheese,2024-11-19
Islos Greek Feta Cheese 150g,£2.25,£15.00 / kg,null,fresh_food,cheese,2024-11-19
Galbani Italian Burrata 150g,£3.20,£21.33 / kg,null,fresh_food,cheese,2024-11-19
Cathedral City Vintage Our Strongest Extra Mature Cheddar Ch...,£3.75,£10.71 / kg,£3.00,fresh_food,cheese,2024-11-19
Saint Agur Blue Creme Cheese 150g,£2.75,£18.33 / kg,null,fresh_food,cheese,2024-11-19
Stamford Street Co. Mature White Cheddar 400g,£2.49,£6.23 / kg,null,fresh_food,cheese,2024-11-19
Sainsbury's Greek Feta Cubes In Brine 390g,£2.75,£15.71 / kg,null,fresh_food,cheese,2024-11-19
Sainsbury's Mature British Cheddar Sticks 5x20g,£2.00,£20.00 / kg,null,fresh_food,cheese,2024-11-19
Primula Cheese with Chives 140g,£1.85,£13.21 / kg,null,fresh_food,cheese,2024-11-19
Cathedral City High Protein Half Fat Mature Cheddar Cheese M...,£2.10,£17.50 / kg,null,fresh_food,cheese,2024-11-19
Sainsbury's Vintage Cheddar Macaroni Cheese Ready Meal For 2...,£6.75,£9.00 / kg,£5.75,fresh_food,cheese,2024-11-19
Sainsbury's Light Garlic & Herb Soft Cheese 250g,£1.55,£6.20 / kg,null,fresh_food,cheese,2024-11-19
Dairylea Strip Cheese x8 168g,£2.50,£14.88 / kg,null,fresh_food,cheese,2024-11-19
Sainsbury's Roule Cheese 125g,£2.10,£16.80 / kg,null,fresh_food,cheese,2024-11-19
Dairylea Dunkers Breadsticks Cheese Snack 3x43g,£2.25,£17.44 / kg,null,fresh_food,cheese,2024-11-19
Sainsbury's Chipotle Chilli Cheddar Cheese 200g,£2.65,£13.25 / kg,£2.25,fresh_food,cheese,2024-11-19
Galbani Dolcelatte Italian Blue Cheese 150g,£2.95,£19.67 / kg,£2.20,fresh_food,cheese,2024-11-19
Seriously Spreadable Cheese 125g,£1.95,£15.60 / kg,£1.20,fresh_food,cheese,2024-11-19
"Sainsbury's French Goats Cheese, Mild 150g",£2.45,£16.33 / kg,null,fresh_food,cheese,2024-11-19
Castello Tickler Extra Mature Cheddar Cheese 300g,£4.50,£15.00 / kg,£3.50,fresh_food,cheese,2024-11-19
Attack a Snak Ham & Cheese Wrap Kit with Tomato Ketchup 86g,£1.50,£17.44 / kg,£1.25,fresh_food,cheese,2024-11-19
"Sainsbury's Aged Shropshire Red, Taste the Difference 200g",£3.40,£17.00 / kg,null,fresh_food,cheese,2024-11-19
"Sainsbury's Extra Mature Farmhouse Cheddar, Taste the Differ...",£3.80,£10.86 / kg,null,fresh_food,cheese,2024-11-19
Sainsbury's Lighter Mature British Cheese Slices x10 240g,£2.70,£11.25 / kg,null,fresh_food,cheese,2024-11-19
Arla Lactofree Mature Cheddar Grated Cheese 200g,£2.50,£12.50 / kg,£2.00,fresh_food,cheese,2024-11-19
"Sainsbury's Cypriot Halloumi, Taste the Difference 250g",£4.00,£16.00 / kg,null,fresh_food,cheese,2024-11-19
"Sainsbury's Baking Camembert, Autumn Edition, Taste the Diff...",£4.50,£16.07 / kg,null,fresh_food,cheese,2024-11-19
Sainsbury's British Extra Mature Cheddar Cheese Slices 240g,£2.70,£11.25 / kg,null,fresh_food,cheese,2024-11-19
Applewood Slices 160g,£2.55,£15.94 / kg,null,fresh_food,cheese,2024-11-19
Dairylea Cheese Spread 145g,£1.95,£13.45 / kg,£1.50,fresh_food,cheese,2024-11-19
Primula Cheese with Prawns 140g,£1.85,£13.21 / kg,null,fresh_food,cheese,2024-11-19
Violife Creamy Original Flavour Vegan Alternative To Cheese ...,£2.75,£13.75 / kg,£2.00,fresh_food,cheese,2024-11-19
Dairylea Filled Cheese Crackers Snacks Pack x5 96.4g,£2.20,£22.82 / kg,null,fresh_food,cheese,2024-11-19
"Sainsbury's Vintage Gouda, Taste the Difference 180g",£3.95,£21.94 / kg,null,fresh_food,cheese,2024-11-19
Cathedral City Grated Lighter Cheddar Cheese 180g,£2.40,£13.33 / kg,null,fresh_food,cheese,2024-11-19
"Sainsbury's Greek Style Salad Cheese, Be Good to Yourself 20...",£1.80,£9.00 / kg,null,fresh_food,cheese,2024-11-19
Philadelphia Chives Soft Cream Cheese 165g,£2.20,£13.33 / kg,£1.25,fresh_food,cheese,2024-11-19
Marmite Cheddar Cheese Bites 5x15g,£1.60,£21.33 / kg,null,fresh_food,cheese,2024-11-19
Graham's Quark Naturally Fat Free 250g,£1.00,£4.00 / kg,null,fresh_food,cheese,2024-11-19
The Laughing Cow Lightest Cheese Triangles x8 133g,£1.95,£14.66 / kg,null,fresh_food,cheese,2024-11-19
Sainsbury's Double Gloucester Cheese & Chive 200g,£2.65,£13.25 / kg,£2.25,fresh_food,cheese,2024-11-19
Cathedral City Mini Extra Mature Cheddar Cheese 6x20g,£2.10,£17.50 / kg,null,fresh_food,cheese,2024-11-19
Pilgrims Choice Lighter Extra Mature Cheese 350g,£4.20,£12.00 / kg,null,fresh_food,cheese,2024-11-19
Cathedral City Lactose Free Mature Cheddar Cheese 200g,£3.75,£18.75 / kg,null,fresh_food,cheese,2024-11-19
The Laughing Cow Light Blue Cheese Spread Triangles x8 128g,£1.95,£15.23 / kg,null,fresh_food,cheese,2024-11-19
Sainsbury's Mature British Cheddar Sticks 10x20g,£2.32,£11.60 / kg,null,fresh_food,cheese,2024-11-19
Président French Camembert Cheese 250g,£2.65,£10.60 / kg,null,fresh_food,cheese,2024-11-19
Jarlsberg Original 190g,£2.70,£14.21 / kg,null,fresh_food,cheese,2024-11-19
Sainsbury's White Cheshire Cheese 250g,£2.85,£11.40 / kg,null,fresh_food,cheese,2024-11-19
Sainsbury's Favourite Cheese Selection 456g,£6.60,£14.47 / kg,null,fresh_food,cheese,2024-11-19
Galbani Mozzarella Panini Slices x6 120g,£2.35,£19.58 / kg,null,fresh_food,cheese,2024-11-19
Dairylea Snackers Cheese & Crackers with Cadbury Dairy Milk ...,£1.60,£24.92 / kg,null,fresh_food,cheese,2024-11-19
Dairylea Lunchers Ham N Cheese 2x74g,£2.50,£16.89 / kg,null,fresh_food,cheese,2024-11-19
Sainsbury's Cheese Selection 320g,£3.65,£11.41 / kg,null,fresh_food,cheese,2024-11-19
"Sainsbury's Parmigiano Reggiano Cheese, SO Organic 200g",£4.10,£20.50 / kg,null,fresh_food,cheese,2024-11-19
Davidstow Reserve Cornish Vintage Cheddar Cheese 250g,£4.40,£17.60 / kg,null,fresh_food,cheese,2024-11-19
"Sainsbury's Shropshire Red & Chorizo Bake, Limited Edition, ...",£4.25,£28.33 / kg,null,fresh_food,cheese,2024-11-19
Midas Grilling Cheese 400g,£3.40,£8.50 / kg,null,fresh_food,cheese,2024-11-19
Castello Danish Blue Cheese 150g,£2.80,£18.67 / kg,£2.50,fresh_food,cheese,2024-11-19
Sainsbury's West Country Farmhouse Mature Cheddar 220g,£2.45,£11.14 / kg,null,fresh_food,cheese,2024-11-19
Stamford Street Co. Grated Cheese 250g,£1.35,£5.40 / kg,null,fresh_food,cheese,2024-11-19
"Sainsbury's Barber's Cruncher Cheddar Rarebit, Taste the Dif...",£4.25,£28.33 / kg,null,fresh_food,cheese,2024-11-19
Philadelphia Sweet Chilli Soft Cream Cheese 165g,£2.20,£13.33 / kg,£1.25,fresh_food,cheese,2024-11-19
Le Rustique Brie 200g,£2.60,£13.00 / kg,£2.20,fresh_food,cheese,2024-11-19
Caprice des Dieux French Cheese 200g,£3.00,£15.00 / kg,£2.50,fresh_food,cheese,2024-11-19
"Sainsbury's Ossau Iraty Cheese, Taste the Difference 180g",£4.25,£23.61 / kg,null,fresh_food,cheese,2024-11-19
The Laughing Cow Original Creamy Cheese Spread x8 133g,£2.00,£15.04 / kg,null,fresh_food,cheese,2024-11-19
Pie d'Angloys Cheese 200g,£2.90,£14.50 / kg,null,fresh_food,cheese,2024-11-19
Sainsbury's Barrel Aged Feta 200g,£3.55,£17.75 / kg,£3.00,fresh_food,cheese,2024-11-19
"Sainsbury's French Camembert Cheese, Taste the Difference 25...",£3.20,£12.80 / kg,null,fresh_food,cheese,2024-11-19
Mexicana Original Hot! Cheese Slices 160g,£2.55,£15.94 / kg,null,fresh_food,cheese,2024-11-19
"Sainsbury's Gorgonzola Dolce Blue Cheese, Taste the Differen...",£3.50,£17.50 / kg,null,fresh_food,cheese,2024-11-19
Philadelphia Light Low Fat Soft Cream Cheese Snacks Pack x3 ...,£2.00,£15.87 / kg,£1.50,fresh_food,cheese,2024-11-19
Cathedral City Lighter Extra Mature Cheddar Cheese 350g,£3.75,£10.71 / kg,£3.00,fresh_food,cheese,2024-11-19
Babybel Plant-Based Vegan Snacks 5x20g,£2.15,£21.50 / kg,£1.75,fresh_food,cheese,2024-11-19
Dairylea Lunchers Chicken & Cheese Snacks 68g,£1.60,£23.43 / kg,null,fresh_food,cheese,2024-11-19
"Sainsbury's Brie De Meaux, Taste the Difference 175g",£3.75,£21.43 / kg,null,fresh_food,cheese,2024-11-19
Ilchester British Cheese Selection 230g,£3.45,£15.00 / kg,null,fresh_food,cheese,2024-11-19
Sainsbury's Free From Grated Cheddar Style 200g,£2.60,£13.00 / kg,£2.30,fresh_food,cheese,2024-11-19
Boursin Velvety Garlic & Herb Cheese Dip 125g,£2.60,£20.80 / kg,null,fresh_food,cheese,2024-11-19
Paysan Breton French Sea Salt Cream Cheese 150g,£2.50,£16.67 / kg,null,fresh_food,cheese,2024-11-19
Parlick Original Pure Sheep's Milk Cheese 150g,£3.50,£23.33 / kg,null,fresh_food,cheese,2024-11-19
"Sainsbury's Blue D'Affinois Cheese, Taste the Difference 180...",£4.00,£22.22 / kg,null,fresh_food,cheese,2024-11-19
Sainsbury's Smoky Cheddar Cheese 200g,£2.65,£13.25 / kg,£2.25,fresh_food,cheese,2024-11-19
Boursin Truffle Flavoured Soft French Cream Cheese 150g,£2.95,£19.67 / kg,null,fresh_food,cheese,2024-11-19
Blacksticks Blue Cheese 150g,£2.70,£18.00 / kg,null,fresh_food,cheese,2024-11-19
Marmite Oven Baked Peanuts 190g,£3.00,£1.58 / 100g,null,fresh_food,cheese,2024-11-19
Cathedral City Plant Based Extra Mature Cheddar Cheese Flavo...,£3.60,£12.86 / kg,null,fresh_food,cheese,2024-11-19
Galbani Cucina Mozzarella 400g,£4.65,£11.63 / kg,null,fresh_food,cheese,2024-11-19
Mlekovita Gouda Slices 150g,£1.60,£10.67 / kg,null,fresh_food,cheese,2024-11-19
Violife Greek White Block Vegan Alternative to Cheese 230g,£3.00,£13.04 / kg,null,fresh_food,cheese,2024-11-19
Pilgrims Choice Grated Extra Mature Cheddar 180g,£2.25,£12.50 / kg,£1.75,fresh_food,cheese,2024-11-19
Pilgrims Choice Mature Cheddar Cheese 550g,£5.40,£9.82 / kg,£4.00,fresh_food,cheese,2024-11-19
Sheese Plant Based Mozzarella Cheese Flavour Vegan Grated 20...,£2.50,£12.50 / kg,null,fresh_food,cheese,2024-11-19
Sainsbury's Cheddar & Onion 200g,£2.65,£13.25 / kg,£2.25,fresh_food,cheese,2024-11-19
Cathedral City Red Leicester Cheese 300g,£3.75,£12.50 / kg,£3.00,fresh_food,cheese,2024-11-19
Cathedral City Naturally Smoked Cheddar Cheese 300g,£3.75,£12.50 / kg,£3.00,fresh_food,cheese,2024-11-19
Violife Cheddarton Extra Mature Vegan Cheese Alternative,£2.75,£13.75 / kg,null,fresh_food,cheese,2024-11-19
Cathedral City Plant Based Mature Cheddar Cheese Flavour Veg...,£3.60,£12.86 / kg,null,fresh_food,cheese,2024-11-19
Sainsbury's Free From Original Coconut Based Alternative to ...,£2.10,£12.35 / kg,£1.80,fresh_food,cheese,2024-11-19
"Sainsbury's Doux De Montagne, Taste the Difference 160g",£3.70,£23.13 / kg,null,fresh_food,cheese,2024-11-19
"Sainsbury's Red Leicester, SO Organic 270g",£2.75,£10.19 / kg,null,fresh_food,cheese,2024-11-19
Castello Tex Mex Spicy Mozzarella & Cheddar Grated Cheese 18...,£2.50,£13.89 / kg,null,fresh_food,cheese,2024-11-19
"Wensleydale Creamery Cranberries & Orange, Limited Edition 2...",£3.50,£17.50 / kg,£2.30,fresh_food,cheese,2024-11-19
"Sainsbury's Mozzarella Pearls, Taste the Difference 125g",£2.15,£17.20 / kg,null,fresh_food,cheese,2024-11-19
"Sainsbury's Wensleydale Cheese, Taste the Difference 240g",£3.75,£15.63 / kg,null,fresh_food,cheese,2024-11-19
Nurishh Camembert Flavour Vegan Cheese Alternative 140g,£3.50,£25.00 / kg,null,fresh_food,cheese,2024-11-19
Castello Chilli & Ginger Cream Cheese Ring 125g,£2.30,£18.40 / kg,null,fresh_food,cheese,2024-11-19
"Sainsbury's Barber's Truffle Cheddar, Taste the Difference 2...",£3.20,£16.00 / kg,null,fresh_food,cheese,2024-11-19
"Sainsbury's Chaource Cheese, Taste the Difference 250g",£3.55,£14.20 / kg,null,fresh_food,cheese,2024-11-19
"Sainsbury's Ash Goats Cheese Log, Taste the Difference 100g",£2.50,£25.00 / kg,null,fresh_food,cheese,2024-11-19
Attack a Snak Pepperoni & Cheese Wrap Kit with Tomato Ketchu...,£1.50,£18.07 / kg,£1.25,fresh_food,cheese,2024-11-19
"Sainsbury's Soft Cheese, SO Organic 250g",£2.00,£8.00 / kg,null,fresh_food,cheese,2024-11-19
Dairylea Dunkers Ritz Cheese Snacks Pack x6 258g,£3.30,£12.79 / kg,null,fresh_food,cheese,2024-11-19
Eatlean Protein Grated 180g,£2.25,£12.50 / kg,null,fresh_food,cheese,2024-11-19
Boursin Garlic & Herbs Vegan Cheese Alternative Spread 130g,£3.00,£23.08 / kg,null,fresh_food,cheese,2024-11-19
Philadelphia Lactose Free Soft Cheese 150g,£2.20,£14.67 / kg,£1.25,fresh_food,cheese,2024-11-19
Seriously Spreadable Black Pepper Cheese Spread 125g,£1.95,£15.60 / kg,£1.20,fresh_food,cheese,2024-11-19
Haute Fromagerie Cheese Selection Pack 400g,£9.80,£24.50 / kg,null,fresh_food,cheese,2024-11-19
Cathedral City High Protein Half Fat Mature Grated Cheddar C...,£2.50,£13.89 / kg,null,fresh_food,cheese,2024-11-19
Pilgrims Choice Sliced Extra Mature Cheddar 150g,£2.25,£15.00 / kg,£1.75,fresh_food,cheese,2024-11-19
Sainsbury's Continental Grated Cheese 250g,£2.65,£10.60 / kg,null,fresh_food,cheese,2024-11-19
Sainsbury's Lighter Mature British Cheese 220g,£2.45,£11.14 / kg,null,fresh_food,cheese,2024-11-19
Sainsbury's Wensleydale & Cranberry 90g,£1.25,£13.89 / kg,null,fresh_food,cheese,2024-11-19
Sainsbury's Baking Camembert with Caramelised Onion Chutney ...,£3.50,£12.50 / kg,£3.00,fresh_food,cheese,2024-11-19
Cathedral City Plant Based Mature Cheddar Cheese Flavour Veg...,£2.30,£15.33 / kg,null,fresh_food,cheese,2024-11-19
Cathedral City Grated Extra Mature Cheddar Cheese 180g,£2.40,£13.33 / kg,null,fresh_food,cheese,2024-11-19
Sainsbury's Free From Cheddar Style 200g,£2.25,£11.25 / kg,£2.00,fresh_food,cheese,2024-11-19
"Sainsbury's Vintage Reserve Cheddar, Taste the Difference 35...",£3.80,£10.86 / kg,null,fresh_food,cheese,2024-11-19
Appeteasers Mediterranean Magic 100g,£2.00,£20.00 / kg,null,fresh_food,cheese,2024-11-19
Strings & Things Cheestrings Pizza Flavour 4x20g,£1.75,£21.88 / kg,£1.25,fresh_food,cheese,2024-11-19
Sainsbury's Extra Mature Cheddar 220g,£2.45,£11.14 / kg,null,fresh_food,cheese,2024-11-19
"Sainsbury's Barber's Cheddar & Chorizo Bake, Taste the Diffe...",£7.00,£23.33 / kg,null,fresh_food,cheese,2024-11-19
Castello Bake Mozzarella & Maasdam Grated Cheese 180g,£2.50,£13.89 / kg,null,fresh_food,cheese,2024-11-19
Primula Signature Blend Mature Cheddar Cheese 140g,£1.85,£13.21 / kg,null,fresh_food,cheese,2024-11-19
"Sainsbury's Cheese Selection Classic Assortment, Taste the D...",£5.70,£20.00 / kg,null,fresh_food,cheese,2024-11-19
"Sainsbury's Beacon Fell Creamy Lancashire Cheese, Taste the ...",£3.75,£15.63 / kg,null,fresh_food,cheese,2024-11-19
"Sainsbury's Habanero Chilli Cheddar, Taste the Difference 20...",£3.20,£16.00 / kg,null,fresh_food,cheese,2024-11-19
Violife Garlic Herb Creamy Plant Based Alternative 150g,£2.75,£18.33 / kg,£2.00,fresh_food,cheese,2024-11-19
"Sainsbury's Taleggio Cheese, Taste the Difference 200g",£4.00,£20.00 / kg,null,fresh_food,cheese,2024-11-19
Cathedral City High Protein Half Fat Mature Cheddar Cheese S...,£2.50,£16.67 / kg,null,fresh_food,cheese,2024-11-19
Nurishh Cheddar Flavour Plant Based Slices x6 120g,£1.75,£14.58 / kg,null,fresh_food,cheese,2024-11-19
Sainsbury's French Camembert Cheese Whole 250g,£2.50,£10.00 / kg,null,fresh_food,cheese,2024-11-19
Cathedral City Kids Lighter Mature Cheddar Cheese Mini Bites...,£2.10,£17.50 / kg,null,fresh_food,cheese,2024-11-19
President A La Carte Crispy Bakes with Brie 6x25g,£3.00,£20.00 / kg,null,fresh_food,cheese,2024-11-19
Ivy's Reserve Vintage Somerset Cheddar 300g,£3.75,£12.50 / kg,null,fresh_food,cheese,2024-11-19
"Cathedral City Mature Cheddar Cheese Slices, Crackers & Pick...",£2.00,£16.39 / kg,null,fresh_food,cheese,2024-11-19
Sainsbury's Blue Stilton 400g,£4.50,£11.25 / kg,null,fresh_food,cheese,2024-11-19
Philadelphia Lightest Soft Cheese With Herbs 165g,£2.20,£13.33 / kg,£1.25,fresh_food,cheese,2024-11-19
Kidderton Ash a Speckled Ash Crusted Goat's Cheese 150g,£3.50,£23.33 / kg,null,fresh_food,cheese,2024-11-19
Nurishh Plant Based Grated Cheddar Flavour 120g,£1.75,£14.58 / kg,null,fresh_food,cheese,2024-11-19
Sainsbury's Lancashire Cheese 250g,£2.85,£11.40 / kg,null,fresh_food,cheese,2024-11-19
Cathedral City High Protein Half Fat Mature Cheddar Cheese 3...,£3.75,£12.50 / kg,£3.00,fresh_food,cheese,2024-11-19
Mlekovita Mazdamer Cheese Slices 150g,£1.85,£12.33 / kg,null,fresh_food,cheese,2024-11-19
President Extra Creamy Brie 200g,£2.95,£14.75 / kg,£2.25,fresh_food,cheese,2024-11-19
Attack a Snak Chicken & Cheese Wrap Kit with Tomato Ketchup ...,£1.50,£17.44 / kg,£1.25,fresh_food,cheese,2024-11-19
"Sainsbury's British Cheese Selection, Taste the Difference 5...",£8.00,£15.09 / kg,null,fresh_food,cheese,2024-11-19
"Sainsbury's Welsh Slate Cavern Aged Cheddar, Taste the Diffe...",£2.70,£13.50 / kg,null,fresh_food,cheese,2024-11-19
Sainsbury's Cheddar with Caramelised Onion 90g,£1.25,£13.89 / kg,null,fresh_food,cheese,2024-11-19
"Sainsbury's Epoisses Berthaut, Taste the Difference 250g",£7.00,£28.00 / kg,null,fresh_food,cheese,2024-11-19
"Sainsbury's Triple Cream Brie D’Affinois, Taste the Differen...",£4.50,£24.32 / kg,£3.00,fresh_food,cheese,2024-11-19
Sainsbury's Festive Cheese Selection 400g,£5.50,£13.75 / kg,null,fresh_food,cheese,2024-11-19
"Sainsbury's Smoked Shropshire Red, Taste the Difference",£3.25,£16.25 / kg,null,fresh_food,cheese,2024-11-19
Pilgrims Choice Extra Mature Cheddar 6x20g,£2.00,£16.67 / kg,£1.50,fresh_food,cheese,2024-11-19
"Sainsbury's Truffle Gouda, Taste the Difference 180g",£4.50,£25.00 / kg,null,fresh_food,cheese,2024-11-19
Shepherds Purse Yorkshire Blue 180g,£3.20,£17.78 / kg,null,fresh_food,cheese,2024-11-19
Cathedral City Grated Mature Cheddar Cheese 320g,£3.50,£10.94 / kg,£3.00,fresh_food,cheese,2024-11-19
Sainsbury's Double Gloucester & Cracked Black Pepper 90g,£1.25,£13.89 / kg,null,fresh_food,cheese,2024-11-19
Ivy's Reserve Somerset Red Cheese,£3.75,£12.50 / kg,null,fresh_food,cheese,2024-11-19
Pilgrims Choice Extra Mature Lighter Big Pack 550g,£5.40,£9.82 / kg,£4.00,fresh_food,cheese,2024-11-19
Sainsbury's Smoky Red Leicester with Chilli 90g,£1.25,£13.89 / kg,null,fresh_food,cheese,2024-11-19
"Boursin Trio Gourmand, Limited Edition 3x80g",£4.00,£16.67 / kg,null,fresh_food,cheese,2024-11-19
Shepherds Purse Harrogate Blue 180g,£3.20,£17.78 / kg,null,fresh_food,cheese,2024-11-19
Sainsbury's Free From Sliced Cheddar Style 180g,£2.50,£13.89 / kg,£2.20,fresh_food,cheese,2024-11-19
Snowdonia Cheese Company Black Bomber Extra Mature Cheddar 4...,£9.50,£23.75 / kg,null,fresh_food,cheese,2024-11-19
"Sainsbury's Baking Somerset Brie, Taste the Difference 255g",£5.00,£19.61 / kg,null,fresh_food,cheese,2024-11-19
"Sainsbury's Vintage Cheddar, Taste the Difference 200g",£3.00,£15.00 / kg,null,fresh_food,cheese,2024-11-19
Boursin Garlic & Herbs Vegan Alternative to Cheese 150g,£3.00,£20.00 / kg,null,fresh_food,cheese,2024-11-19
Lowicz Soft Cheese Vanilla Flavour 250g,£1.40,£5.60 / kg,null,fresh_food,cheese,2024-11-19
Mlekovita Edam Slices 150g,£1.50,£10.00 / kg,£1.35,fresh_food,cheese,2024-11-19
Ilchester Cheese Advent Calendar 24x15g,£10.00,£27.78 / kg,£9.00,fresh_food,cheese,2024-11-19
Riya's Paneer 250g,£3.00,£12.00 / kg,null,fresh_food,cheese,2024-11-19
Sainsbury's Plant Pioneers Selection Pack 4x100g,£5.75,£14.38 / kg,null,fresh_food,cheese,2024-11-19
Lowicz Cascaval Cheese 300g,£3.00,£10.00 / kg,null,fresh_food,cheese,2024-11-19
Snowdonia Cheese Company Green Thunder Mature Cheddar with G...,£5.00,£25.00 / kg,null,fresh_food,cheese,2024-11-19
Leerdammer Original Grated 160g,£2.35,£14.69 / kg,£1.50,fresh_food,cheese,2024-11-19
Snowdonia Cheese Company Devil Red Leicester with Habanero C...,£5.00,£25.00 / kg,null,fresh_food,cheese,2024-11-19
Sainsbury's Long Clawson Blue Stilton 225g,£6.50,£28.89 / kg,null,fresh_food,cheese,2024-11-19
"Maxi Babybel the Big Cheese, Limited Edition 200g",£3.50,£17.50 / kg,null,fresh_food,cheese,2024-11-19
"Sainsbury's Cheesemonger Selection, Taste the Difference 495...",£15.00,£30.30 / kg,null,fresh_food,cheese,2024-11-19
Dairylea Dunkers Jumbo Tubes Cheese Snacks 41g,£1.30,£3.17 / 100g,null,fresh_food,cheese,2024-11-19
Smug Dairy Blended Oat & Dairy Cheddar 320g,£4.00,£12.50 / kg,£2.00,fresh_food,cheese,2024-11-19
"Sainsbury's British Cheese Gift Set, Taste the Difference 51...",£12.00,£24.74 / kg,null,fresh_food,cheese,2024-11-19
Cathedral City Snack Bar Original Mature Cheddar Cheese 24g,£1.30,£5.42 / 100g,null,fresh_food,cheese,2024-11-19
"Sainsbury's Cave Aged Farmhouse Cheddar,Taste the Difference...",£10.00,£16.67 / kg,null,fresh_food,cheese,2024-11-19
Smug Dairy Sliced Blended Oat & Dairy Cheddar 150g,£2.25,£15.00 / kg,£1.50,fresh_food,cheese,2024-11-19
Smug Dairy Grated Blended Oat & Dairy Cheddar 160g,£2.25,£14.06 / kg,£1.50,fresh_food,cheese,2024-11-19
Sainsbury's Greek Style Natural Yogurt 500g,£1.10,22p / 100g,null,fresh_food,yogurts,2024-11-19
Sainsbury's Greek Style Natural Yogurt 1kg,£1.95,20p / 100g,null,fresh_food,yogurts,2024-11-19
"Sainsbury's Authentic Greek Yogurt, Taste the Difference 500...",£2.30,46p / 100g,null,fresh_food,yogurts,2024-11-19
Sainsbury's Greek Style Fat Free Natural Yogurt 500g,£1.10,22p / 100g,null,fresh_food,yogurts,2024-11-19
"Frubes Kids Strawberry, Red Berry & Peach Yoghurt Tubes 9x37...",£2.25,68p / 100g,null,fresh_food,yogurts,2024-11-19
FAGE Total 5% Fat Natural Greek Recipe Strained Yoghurt 950g,£5.50,58p / 100g,null,fresh_food,yogurts,2024-11-19
Müller Corner Vanilla Yogurt With Chocolate Balls 124g,90p,73p / 100g,null,fresh_food,yogurts,2024-11-19
Petits Filous Kids Strawberry & Raspberry Yoghurt 4x85g,£1.95,57p / 100g,null,fresh_food,yogurts,2024-11-19
FAGE Total 0% Fat Natural Fat Free Greek Recipe Strained Yog...,£5.50,58p / 100g,null,fresh_food,yogurts,2024-11-19
Yeo Valley Organic Kefir Natural Yogurt 350g,£2.00,57p / 100g,null,fresh_food,yogurts,2024-11-19
"Wildlife Choobs Kids Strawberry, Raspberry & Apricot Yoghurt...",£1.20,54p / 100g,£1.00,fresh_food,yogurts,2024-11-19
Sainsbury's Mixed Red Fruit Yogurt 6x125g,£1.50,20p / 100g,null,fresh_food,yogurts,2024-11-19
"Activia Strawberry, Raspberry, Cherry & Blueberry No Added S...",£4.00,43p / 100g,null,fresh_food,yogurts,2024-11-19
Yeo Valley Organic Yogurt Greek Style With Honey 4x100g,£2.50,63p / 100g,null,fresh_food,yogurts,2024-11-19
Activia Rhubarb Yogurt 4x115g,£2.50,54p / 100g,£1.75,fresh_food,yogurts,2024-11-19
Activia Strawberry Yogurt 4x115g,£2.50,54p / 100g,£1.75,fresh_food,yogurts,2024-11-19
Rachel's Luscious Multipack Yogurt 4x110g,£2.75,63p / 100g,null,fresh_food,yogurts,2024-11-19
Sainsbury's Fat Free Greek Style Natural Yogurt 1kg,£1.95,20p / 100g,null,fresh_food,yogurts,2024-11-19
Cadbury Flake Chocolate Dessert 75g,£1.15,£1.53 / 100g,null,fresh_food,yogurts,2024-11-19
Actimel Strawberry Cultured Yogurt Drink 8x100g,£3.75,47p / 100g,null,fresh_food,yogurts,2024-11-19
"Activia Mango, Strawberry, Kiwi & Apricot Multipack Yogurt 8...",£4.00,43p / 100g,null,fresh_food,yogurts,2024-11-19
Petits Filous Kids Strawberry & Apricot Yoghurt 4x85g,£1.95,57p / 100g,null,fresh_food,yogurts,2024-11-19
Yeo Valley Organic Greek Style Natural Yogurt 4x110g,£2.50,57p / 100g,null,fresh_food,yogurts,2024-11-19
Müller Corner Red Cherry Yogurt 136g,90p,66p / 100g,null,fresh_food,yogurts,2024-11-19
Yeo Valley Organic Natural Yogurt 450g,£2.00,44p / 100g,£1.50,fresh_food,yogurts,2024-11-19
Actimel Multifruit Cultured Yogurt Drink 8x100g,£3.75,47p / 100g,null,fresh_food,yogurts,2024-11-19
Muller Corner Banana Yogurt with Chocolate Flakes 124g,90p,73p / 100g,null,fresh_food,yogurts,2024-11-19
Sainsbury's Mousse Chocolate 6x60g,£1.15,32p / 100g,null,fresh_food,yogurts,2024-11-19
Müller Corner Strawberry Yogurt 136g,90p,66p / 100g,null,fresh_food,yogurts,2024-11-19
Cadbury Dairy Milk Buttons Chocolate Dessert 75g,£1.15,£1.53 / 100g,null,fresh_food,yogurts,2024-11-19
Muller Corner Vanilla Yogurt With Chocolate Digestive Biscui...,90p,73p / 100g,null,fresh_food,yogurts,2024-11-19
Stamford Street Co. Low Fat Natural Yogurt 500g,35p,7p / 100g,null,fresh_food,yogurts,2024-11-19
Rachel's Organic Divine Rice Puddings 2x150g,£2.25,75p / 100g,null,fresh_food,yogurts,2024-11-19
"Onken Mango, Papaya & Passionfruit Biopot Yogurt 450g",£1.95,43p / 100g,null,fresh_food,yogurts,2024-11-19
Oykos Strawberry Luxury Greek Style Yogurt 4x110g,£2.00,45p / 100g,null,fresh_food,yogurts,2024-11-19
Arla Skyr Natural Icelandic Style Yogurt 450g,£2.25,50p / 100g,£1.25,fresh_food,yogurts,2024-11-19
Rolo Milk Chocolate & Toffee Dessert 2 x65g,£1.85,£1.42 / 100g,null,fresh_food,yogurts,2024-11-19
Sainsbury's Natural Yogurt 500g,£1.10,22p / 100g,null,fresh_food,yogurts,2024-11-19
FAGE Total 0% Natural Fat Free Greek Recipe Strained Yogurt ...,£3.50,78p / 100g,£2.75,fresh_food,yogurts,2024-11-19
Yeo Valley Organic Greek Style Natural Yogurt 450g,£2.15,48p / 100g,£1.50,fresh_food,yogurts,2024-11-19
Arla Strawberry Protein Yogurt 200g,£1.10,55p / 100g,null,fresh_food,yogurts,2024-11-19
The Collective Suckies Peach + Apricot Kids Yoghurt Pouch 90...,95p,£1.06 / 100g,null,fresh_food,yogurts,2024-11-19
Muller Rice Original Low Fat Pudding Dessert 170g,90p,53p / 100g,null,fresh_food,yogurts,2024-11-19
FAGE Total 5% Fat Natural Greek Recipe Strained Yoghurt 450g,£3.50,78p / 100g,£2.75,fresh_food,yogurts,2024-11-19
"Sainsbury's West Country Black Cherry Yogurt, Taste the Diff...",95p,63p / 100g,80p,fresh_food,yogurts,2024-11-19
Müller Corner Vanilla Chocolate Balls & Banana Chocolate Fla...,£4.00,54p / 100g,£2.50,fresh_food,yogurts,2024-11-19
Müller Rice Vanilla Custard Low Fat Pudding Dessert 170g,90p,53p / 100g,null,fresh_food,yogurts,2024-11-19
Müller Light Red Fruits Fat Free Yogurts 6x140g,£4.00,48p / 100g,null,fresh_food,yogurts,2024-11-19
Oykos Peach Luxury Greek Style Yogurt 4x110g,£2.00,45p / 100g,null,fresh_food,yogurts,2024-11-19
Yakult Original 8x65ml,£3.75,72p / 100ml,null,fresh_food,yogurts,2024-11-19
Activia Vanilla No Added Sugar Fat Free Yogurt 4x115g,£2.50,54p / 100g,£1.75,fresh_food,yogurts,2024-11-19
Aero Milk Chocolate Mousse 4x59g,£1.85,78p / 100g,null,fresh_food,yogurts,2024-11-19
Yeo Valley Organic Natural Creamy Bio Live Yogurt 950g,£3.60,38p / 100g,null,fresh_food,yogurts,2024-11-19
Activia Cherry No Added Sugar Fat Free Yogurt 4x115g,£2.50,54p / 100g,£1.75,fresh_food,yogurts,2024-11-19
Muller Corner Peach & Apricot Yogurt 136g,90p,66p / 100g,null,fresh_food,yogurts,2024-11-19
Muller Corner Bliss Lemon Greek Style Yogurt 4x105g,£3.00,68p / 100g,null,fresh_food,yogurts,2024-11-19
"Sainsbury's West Country Lemon Curd Yogurt, Taste the Differ...",95p,63p / 100g,80p,fresh_food,yogurts,2024-11-19
The Collective Suckies Raspberry Kids Yoghurt Pouch 90g,95p,£1.06 / 100g,null,fresh_food,yogurts,2024-11-19
Müller Corner Strawberry Yogurt With White Chocolate Shortca...,90p,73p / 100g,null,fresh_food,yogurts,2024-11-19
The Collective Suckies Banana Kids Yoghurt Pouch 90g,95p,£1.06 / 100g,null,fresh_food,yogurts,2024-11-19
Muller Light Fat Free Yogurts With Chocolate Sprinkles 6x140...,£4.00,48p / 100g,null,fresh_food,yogurts,2024-11-19
Sainsbury's Fat Free Natural Yogurt 500g,£1.10,22p / 100g,null,fresh_food,yogurts,2024-11-19
Munch Bunch Double Up Fromage Frais Strawberry & Vanilla 4x8...,£2.00,59p / 100g,£1.50,fresh_food,yogurts,2024-11-19
Benecol Raspberry No Added Sugar Yogurt Drink 6x67.5g,£4.30,£1.06 / 100g,£3.75,fresh_food,yogurts,2024-11-19
Müller Corner Strawberry & Peach & Apricot Yogurts 6x136g,£4.00,49p / 100g,£2.50,fresh_food,yogurts,2024-11-19
Alpro Plain No Sugars Soya Dairy Free Yoghurt Alternative 50...,£2.10,42p / 100g,£1.50,fresh_food,yogurts,2024-11-19
Sainsbury's Mixed Yellow Fruit Yogurt 6x125g,£1.50,20p / 100g,null,fresh_food,yogurts,2024-11-19
Activia Gut Health 920g,£4.00,43p / 100g,null,fresh_food,yogurts,2024-11-19
Yeo Valley Organic Little Yeos Fruity Favourites Kids Yogurt...,£2.15,63p / 100g,£1.50,fresh_food,yogurts,2024-11-19
Oykos Blueberry Luxury greek Style Yogurt 4x110g,£2.00,45p / 100g,null,fresh_food,yogurts,2024-11-19
The Coconut Collaborative Natural Yogurt Alternative 350g,£2.50,71p / 100g,null,fresh_food,yogurts,2024-11-19
Activia Fibre Walnut & Oat Breakfast Gut Health Yoghurt 4x11...,£2.75,60p / 100g,null,fresh_food,yogurts,2024-11-19
Petits Filous Kids Strawberry & Raspberry Yoghurt 6x47g,£1.95,69p / 100g,£1.50,fresh_food,yogurts,2024-11-19
Fruit Bowl Strawberry Yogurt Flakes 5x21g,£2.25,£2.50 / 100g,null,fresh_food,yogurts,2024-11-19
Lindahls Kvarg Raspberry Protein Yogurt 150g,£1.25,83p / 100g,null,fresh_food,yogurts,2024-11-19
Biotiful Gut Health Kefir Milk Drink Original 1L,£3.50,35p / 100ml,£3.00,fresh_food,yogurts,2024-11-19
Müller Rice Strawberry Low Fat Pudding Dessert 170g,90p,53p / 100g,null,fresh_food,yogurts,2024-11-19
Alpro Blueberry & Cherry Soya Plant Based Yoghurt Alternativ...,£2.00,40p / 100g,null,fresh_food,yogurts,2024-11-19
Ski Smooth Strawberry & Raspberry Yogurt 4x120g,£1.45,30p / 100g,null,fresh_food,yogurts,2024-11-19
Alpro Strawberry Banana Peach Pear Soya Plant Based Yoghurt ...,£2.00,40p / 100g,null,fresh_food,yogurts,2024-11-19
Activia Peach No Added Sugar Fat Free Yogurt 4x115g,£2.50,54p / 100g,£1.75,fresh_food,yogurts,2024-11-19
Frubes Kids Strawberry Yoghurt Tubes 9x37g,£2.25,68p / 100g,null,fresh_food,yogurts,2024-11-19
Bonne Maman Chocolate Mousse Dessert 2x70g,£2.20,£1.57 / 100g,null,fresh_food,yogurts,2024-11-19
Arla Raspberry Protein Yogurt 200g,£1.10,55p / 100g,null,fresh_food,yogurts,2024-11-19
Wildlife Choobs Kids Strawberry Yoghurt Tubes 6x37g,£1.20,54p / 100g,£1.00,fresh_food,yogurts,2024-11-19
Yeo Valley Organic Little Yeos Strawberry & Raspberry Fromag...,£2.15,80p / 100g,null,fresh_food,yogurts,2024-11-19
Actimel Blueberry Cultured Yogurt Drink 8x100g,£3.75,47p / 100g,null,fresh_food,yogurts,2024-11-19
Sainsbury's Cholesterol Lowering Drink Strawberry 6x100g,£3.00,50p / 100g,null,fresh_food,yogurts,2024-11-19
Milkybar White Chocolate Dessert 2x65g,£1.85,£1.32 / 100g,null,fresh_food,yogurts,2024-11-19
Actimel Strawberry 0% Added Sugar Fat Free Yogurt Drink 8x10...,£3.75,47p / 100g,null,fresh_food,yogurts,2024-11-19
Onken Cherry Yogurt 450g,£1.95,43p / 100g,null,fresh_food,yogurts,2024-11-19
Yeo Valley Organic Raspberry Yogurt 450g,£2.25,50p / 100g,null,fresh_food,yogurts,2024-11-19
Benecol Original No Added Sugar Yogurt Drink 6x67.5g,£4.30,£1.06 / 100g,£3.75,fresh_food,yogurts,2024-11-19
"Sainsbury's West Country Madagascan Vanilla Yogurt, Taste th...",95p,63p / 100g,80p,fresh_food,yogurts,2024-11-19
Lindahls Kvarg Vanilla Protein Yogurt 150g,£1.25,83p / 100g,null,fresh_food,yogurts,2024-11-19
Oykos Raspberry Luxury Greek Style Yogurt 4x110g,£2.00,45p / 100g,null,fresh_food,yogurts,2024-11-19
Alpro Vanilla Soya Plant Based Yoghurt Alternative 500g,£2.10,42p / 100g,£1.50,fresh_food,yogurts,2024-11-19
Yeo Valley Organic Natural Yogurt 4x110g,£2.50,57p / 100g,null,fresh_food,yogurts,2024-11-19
Benecol Peach & Apricot No Added Sugar Yogurt Drink 6x67.5g,£4.30,£1.06 / 100g,£3.75,fresh_food,yogurts,2024-11-19
Onken Natural Set Yogurt 450g,£1.95,43p / 100g,null,fresh_food,yogurts,2024-11-19
Yeo Valley Organic Greek Style Natural Yogurt 950g,£3.85,41p / 100g,null,fresh_food,yogurts,2024-11-19
Sainsbury's Greek Style Natural Yogurt 200g,80p,40p / 100g,null,fresh_food,yogurts,2024-11-19
Müller Corner Mixed Red Fruits Yogurts 6x136g,£4.00,49p / 100g,£2.50,fresh_food,yogurts,2024-11-19
Oykos Salted Caramel Luxury Greek Style Yogurt 4x110g,£2.00,45p / 100g,null,fresh_food,yogurts,2024-11-19
Actimel Strawberry Cultured Yogurt Drink 12x100g,£4.50,38p / 100g,null,fresh_food,yogurts,2024-11-19
Cadbury Dairy Milk Layers of Joy Chocolate Trifle 2x90,£1.75,97p / 100g,£1.50,fresh_food,yogurts,2024-11-19
"Sainsbury's West Country Spanish Honey & Ginger Yogurt, Tast...",95p,63p / 100g,80p,fresh_food,yogurts,2024-11-19
Sainsbury's Greek Style Honey Yogurt 450g,£1.60,36p / 100g,null,fresh_food,yogurts,2024-11-19
Benecol Buttery Spread 500g,£4.50,£9.00 / kg,£3.50,fresh_food,yogurts,2024-11-19
Arla Salted Caramel Protein Yogurt 200g,£1.10,55p / 100g,null,fresh_food,yogurts,2024-11-19
Biotiful Gut Health Kefir Milk Drink Original 500ml,£2.60,52p / 100ml,null,fresh_food,yogurts,2024-11-19
Sainsbury's Greek Style Low Fat Natural Yogurt 500g,£1.10,22p / 100g,null,fresh_food,yogurts,2024-11-19
"Sainsbury's Raspberry Yogurt, Taste the Difference 150g",95p,63p / 100g,80p,fresh_food,yogurts,2024-11-19
Yeo Valley Organic Kefir Raspberry Yogurt Pack 4x100g,£2.50,63p / 100g,£1.50,fresh_food,yogurts,2024-11-19
Activia Prune Fusions Yogurt 4x120g,£2.75,57p / 100g,null,fresh_food,yogurts,2024-11-19
Yakult Balance 8x65ml,£3.75,72p / 100ml,null,fresh_food,yogurts,2024-11-19
Lindahls Kvarg Stracciatella with Chocolate Pieces Protein Y...,£1.25,83p / 100g,null,fresh_food,yogurts,2024-11-19
Lindahls Kvarg Stracciatella with Chocolate Pieces Protein Y...,£1.25,83p / 100g,null,fresh_food,yogurts,2024-11-19
"Activia Strawberry, Vanilla, Peach & Raspberry No Added Suga...",£4.00,43p / 100g,null,fresh_food,yogurts,2024-11-19
Yeo Valley Organic Natural Yogurt 150g,85p,57p / 100g,null,fresh_food,yogurts,2024-11-19
Actimel Multifruit Cultured Yogurt Drink 12x100g,£4.50,38p / 100g,null,fresh_food,yogurts,2024-11-19
Müller Corner Chocolate Digestive & Strawberry Shortcake Yog...,£4.00,54p / 100g,£2.50,fresh_food,yogurts,2024-11-19
Petits Filous Kids Strawberry Yoghurt Drink 4x100g,£2.40,60p / 100g,null,fresh_food,yogurts,2024-11-19
Yeo Valley Organic Strawberry Yogurt 450g,£2.25,50p / 100g,null,fresh_food,yogurts,2024-11-19
Lindahls Kvarg White Chocolate Protein Yogurt 150g,£1.25,83p / 100g,null,fresh_food,yogurts,2024-11-19
Actimel Original 0% Added Sugar Fat Free Yogurt Drink 8x100g,£3.75,47p / 100g,null,fresh_food,yogurts,2024-11-19
Alpro Greek Style Plain Dairy Free Yoghurt Alternative 400g,£2.10,53p / 100g,£1.50,fresh_food,yogurts,2024-11-19
Wildlife Kids Strawberry & Peach Yoghurt Pots 18x45g,£2.35,29p / 100g,null,fresh_food,yogurts,2024-11-19
Yeo Valley Organic Kefir Mango & Passionfruit Yogurt 350g,£2.00,57p / 100g,null,fresh_food,yogurts,2024-11-19
Sainsbury's Fruit Fool Gooseberry 114g,95p,83p / 100g,null,fresh_food,yogurts,2024-11-19
Yeo Valley Organic Kefir Mango & Passion Fruit Yogurt Pack 4...,£2.50,63p / 100g,£1.50,fresh_food,yogurts,2024-11-19
Peppa Pig Kids Strawberry Yoghurt Pots 6x45g,£1.20,44p / 100g,£1.00,fresh_food,yogurts,2024-11-19
Ski Mousse Strawberry 4x60g,£2.10,88p / 100g,null,fresh_food,yogurts,2024-11-19
Yeo Valley Organic Lemon Curd Yogurt 450g,£2.25,50p / 100g,null,fresh_food,yogurts,2024-11-19
Rachel's Organic Greek Style Ginger Yogurt 450g,£2.65,59p / 100g,£1.75,fresh_food,yogurts,2024-11-19
Bonne Maman Creme Caramel Dessert 4x100g,£3.20,80p / 100g,£2.50,fresh_food,yogurts,2024-11-19
Muller Corner Originals Apple Crumble Yogurt 4x124g,£3.00,60p / 100g,null,fresh_food,yogurts,2024-11-19
Yeo Valley Organic Fruity Favourites 4x110g,£2.50,57p / 100g,£1.50,fresh_food,yogurts,2024-11-19
Actimel Strawberry Blueberry Cultured Yogurt Drink 12x100g,£4.50,38p / 100g,null,fresh_food,yogurts,2024-11-19
Müller Light Fat Free Smooth Toffee Yogurt 160g,90p,56p / 100g,60p,fresh_food,yogurts,2024-11-19
Lindahls Pro Kvarg Lemon Cheesecake Protein Yogurt 150g,£1.40,93p / 100g,null,fresh_food,yogurts,2024-11-19
Paw Patrol Kids Strawberry Yoghurt Pots 6x45g,£1.20,44p / 100g,£1.00,fresh_food,yogurts,2024-11-19
Onken Fat Free Vanilla Yogurt 450g,£1.95,43p / 100g,null,fresh_food,yogurts,2024-11-19
"Light & Free Strawberry Greek Style 0% Added Sugar, Fat Free...",£2.50,54p / 100g,£1.25,fresh_food,yogurts,2024-11-19
Bonne Maman Strawberry Mousse Dessert 2x70g,£2.20,£1.57 / 100g,null,fresh_food,yogurts,2024-11-19
Bio & Me Kefir Live Yoghurt Original 350g,£2.10,60p / 100g,£1.50,fresh_food,yogurts,2024-11-19
Benecol Yogurt Drink Strawberry 6x67.5g,£4.30,£1.06 / 100g,£3.75,fresh_food,yogurts,2024-11-19
Activia Raspberry No Added Sugar Fat Free Yogurt 4x115g,£2.50,54p / 100g,£1.75,fresh_food,yogurts,2024-11-19
Sainsbury's Lactose Free Greek Style Yogurt 450g,£1.65,37p / 100g,null,fresh_food,yogurts,2024-11-19
Cadbury Dairy Milk Chocolate Dessert Limited Edition 75g,£1.15,£1.53 / 100g,null,fresh_food,yogurts,2024-11-19
Sainsbury's Kids Fruited Yogurt Pack 6x45g,£1.00,37p / 100g,null,fresh_food,yogurts,2024-11-19
Yeo Valley Organic 0% Fat Vanilla Yogurt 450g,£2.25,50p / 100g,null,fresh_food,yogurts,2024-11-19
Benecol Yogurt Drink Blueberry 6x67.5g,£4.30,£1.06 / 100g,£3.75,fresh_food,yogurts,2024-11-19
Fruit Bowl Raspberry Yogurt Flakes 5x21g,£2.25,£2.50 / 100g,null,fresh_food,yogurts,2024-11-19
Yeo Valley Greek Recipe 5% Strain Natural Yogurt 850g,£4.25,50p / 100g,null,fresh_food,yogurts,2024-11-19
Muller Corner Originals Mississippi Mud Pie Yogurt 4x124g,£3.00,60p / 100g,null,fresh_food,yogurts,2024-11-19
"Sainsbury's Colombian Coffee Mousse, Taste the Difference 10...",£1.00,£1.00 / 100g,null,fresh_food,yogurts,2024-11-19
Müller Light Greek Style Coconut With A Hint Of Vanilla Yogu...,£2.50,52p / 100g,£1.50,fresh_food,yogurts,2024-11-19
"Sainsbury's Rhubarb & Custard Yogurt, Summer Edition Taste T...",95p,63p / 100g,80p,fresh_food,yogurts,2024-11-19
Actimel Kids Strawberry Banana Yoghurt Drink 4x100g,£1.90,48p / 100g,null,fresh_food,yogurts,2024-11-19
The Collective Gourmet Raspberry Greek-Style Yoghurt 425g,£2.95,69p / 100g,null,fresh_food,yogurts,2024-11-19
Onken Fat Free Strawberry Yogurt 450g,£1.95,43p / 100g,null,fresh_food,yogurts,2024-11-19
"Light & Free Rasberry Greek Style 0% Added Sugar, Fat Free Y...",£2.50,54p / 100g,£1.25,fresh_food,yogurts,2024-11-19
Arla Strawberry Protein Yogurt Pouch 200g,£1.45,73p / 100g,null,fresh_food,yogurts,2024-11-19
Yeo Valley Organic Cherry Yogurt 450g,£2.25,50p / 100g,null,fresh_food,yogurts,2024-11-19
Muller Rice Apple & Raspberry Low Fat Pudding Dessert 6x170g,£4.00,39p / 100g,£3.00,fresh_food,yogurts,2024-11-19
Petits Filous Kids No Added Sugar Strawberry & Banana Yoghur...,£1.95,69p / 100g,null,fresh_food,yogurts,2024-11-19
GetPro Blueberry High Protein Yoghurt 160g,90p,56p / 100g,null,fresh_food,yogurts,2024-11-19
Biotiful Gut Health Kefir Milk Drink Cherry 500ml,£2.60,52p / 100ml,null,fresh_food,yogurts,2024-11-19
Sainsbury's Cholesterol Lowering Drink Original 6x100g,£3.00,50p / 100g,null,fresh_food,yogurts,2024-11-19
Alpro Plain Coconut Plant Based Soya Yoghurt Alternative 500...,£2.10,42p / 100g,£1.50,fresh_food,yogurts,2024-11-19
Biomel Dark Chocolate Dairy Free Coconut Probiotic Drink 125...,£1.20,96p / 100ml,null,fresh_food,yogurts,2024-11-19
FAGE Total 0% Natural Fat Free Greek Recipe Strained Yogurt ...,£1.50,£1.00 / 100g,null,fresh_food,yogurts,2024-11-19
Yeo Valley Organic Natural Kefir 500ml,£2.25,45p / 100ml,£1.75,fresh_food,yogurts,2024-11-19
Bonne Maman Salted Caramel Creme Dessert 2x90g,£2.20,£1.22 / 100g,null,fresh_food,yogurts,2024-11-19
"Light&Free Peach Passion Fruit 0% Added Sugar, Fat Free Yogu...",£2.50,54p / 100g,£1.25,fresh_food,yogurts,2024-11-19
Alpro Raspberry Cranberry & Blackberry Yoghurt Alternative 4...,£2.00,40p / 100g,null,fresh_food,yogurts,2024-11-19
Sainsbury's Natural Yoghurt 1kg,£1.75,18p / 100g,null,fresh_food,yogurts,2024-11-19
Alpro Strawberry Gut Health Soya Plant Based Yoghurt Alterna...,£2.50,50p / 100g,null,fresh_food,yogurts,2024-11-19
St Helen's Farm Goat's Milk Natural Yogurt 450g,£2.40,53p / 100g,null,fresh_food,yogurts,2024-11-19
Rachel's Organic Greek Style Honey Yogurt 450g,£2.65,59p / 100g,£1.75,fresh_food,yogurts,2024-11-19
Yeo Valley Organic Peach & Apricot Yogurt 450g,£2.25,50p / 100g,null,fresh_food,yogurts,2024-11-19
Yeo Valley Organic Half Fat Creme Fraiche 200g,£1.45,73p / 100g,£1.00,fresh_food,yogurts,2024-11-19
Alpro greek Style Strawberry & Raspberry Plant Based Yogurt ...,£1.20,80p / 100g,95p,fresh_food,yogurts,2024-11-19
Fruit Bowl Juicy Yogurt Raisins 5x25g,£2.25,£2.14 / 100g,null,fresh_food,yogurts,2024-11-19
Bonne Maman Yoghurt with an Apricot Layer 4x115g,£2.75,60p / 100g,£2.00,fresh_food,yogurts,2024-11-19
Müller Light Fat Free Cherry Yogurt 160g,90p,56p / 100g,60p,fresh_food,yogurts,2024-11-19
Yeo Valley Organic Blueberry & Lime Yogurt 450g,£2.25,50p / 100g,null,fresh_food,yogurts,2024-11-19
Muller Light Citrus Fat Free Yogurts 6x140g,£4.00,48p / 100g,null,fresh_food,yogurts,2024-11-19
The Collective Gourmet Mango Greek-Style Yoghurt 425g,£2.95,69p / 100g,null,fresh_food,yogurts,2024-11-19
GetPro Chocolate Hazelnut High Protein Yoghurt Pudding 180g,£1.85,£1.03 / 100g,null,fresh_food,yogurts,2024-11-19
Alpro Plain Natural Soya Plant Based Yoghurt Alternative 500...,£2.10,42p / 100g,£1.50,fresh_food,yogurts,2024-11-19
Biotiful Gut Health Kefir Protein Yogurt Original 250g,£1.85,74p / 100g,£1.25,fresh_food,yogurts,2024-11-19
Actimel Original 0% Added Sugar Fat Free Yogurt Drink 12x100...,£4.50,38p / 100g,null,fresh_food,yogurts,2024-11-19
Bio & Me Kefir Live Yoghurt Vanilla 350g,£2.10,60p / 100g,£1.50,fresh_food,yogurts,2024-11-19
Arla Mango Protein Yogurt Pouch 200g,£1.45,73p / 100g,null,fresh_food,yogurts,2024-11-19
Activia Strawberry No Added Sugar Fat Free Yogurt 4x115g,£2.50,54p / 100g,£1.75,fresh_food,yogurts,2024-11-19
"Petits Filous Kids Strawberry, Raspberry & Apricot Yoghurt S...",£3.50,41p / 100g,null,fresh_food,yogurts,2024-11-19
Rachel's Organic Greek Style Coconut Yogurt 450g,£2.65,59p / 100g,£1.75,fresh_food,yogurts,2024-11-19
Muller Corner Toffee Yogurt with Chocolate Hoops 124g,90p,73p / 100g,null,fresh_food,yogurts,2024-11-19
Arla Skyr Strawberry Icelandic Style Yogurt 450g,£2.25,50p / 100g,£1.25,fresh_food,yogurts,2024-11-19
Yeo Valley Greek Recipe 5% Strain Natural Yogurt 450g,£3.00,67p / 100g,£2.00,fresh_food,yogurts,2024-11-19
Rachel's Organic Greek Style Set Natural Yogurt 450g,£2.00,44p / 100g,£1.50,fresh_food,yogurts,2024-11-19
Actimel Raspberry 0% Added Sugar Fat Free Yogurt Drink 8x100...,£3.75,47p / 100g,null,fresh_food,yogurts,2024-11-19
Arla Protein Chocolate Flavour Pudding 200g,£1.75,88p / 100g,£1.25,fresh_food,yogurts,2024-11-19
Lindahls Pro+ Kvarg Banoffee Pie Protein Yogurt 150g,£1.40,93p / 100g,null,fresh_food,yogurts,2024-11-19
"Sainsbury's Authentic Fat Free Greek Yogurt, Taste the Diffe...",£2.30,46p / 100g,null,fresh_food,yogurts,2024-11-19
Lindahls Pro+ Kvarg Blueberry Muffin Protein Yogurt 150g,£1.40,93p / 100g,null,fresh_food,yogurts,2024-11-19
Bonne Maman Clementine & Lemon Mousse Dessert 2x70g,£2.20,£1.57 / 100g,null,fresh_food,yogurts,2024-11-19
Müller Light Greek Style Sublime Strawberry Yogurt 4x115g,£2.50,54p / 100g,£1.50,fresh_food,yogurts,2024-11-19
Benecol Strawberry Yogurt 4x115g,£4.00,87p / 100g,null,fresh_food,yogurts,2024-11-19
Yeo Valley Organic Strawberry 4x110g,£2.50,57p / 100g,£1.50,fresh_food,yogurts,2024-11-19
Arla Skyr Vanilla Icelandic Style Yogurt 450g,£2.25,50p / 100g,£1.25,fresh_food,yogurts,2024-11-19
Benecol Light Spread 500g,£4.50,£9.00 / kg,£3.50,fresh_food,yogurts,2024-11-19
Müller Light Fat Free Strawberry Yogurt 160g,90p,56p / 100g,60p,fresh_food,yogurts,2024-11-19
Activia Vanilla & granola Breakfast Pot with Spoon Low Fat Y...,£1.85,£1.12 / 100g,null,fresh_food,yogurts,2024-11-19
The Coconut Collaborative Little Choc Pots 4x45g,£2.95,£1.64 / 100g,null,fresh_food,yogurts,2024-11-19
Yeo Valley Organic Kefir Natural Yogurt 950g,£4.50,47p / 100g,£4.00,fresh_food,yogurts,2024-11-19
Bio & Me Kefir Live Yoghurt Mango 350g,£2.10,60p / 100g,£1.50,fresh_food,yogurts,2024-11-19
Yeo Valley Organic Greek Style with Honey Yogurt 450g,£2.15,48p / 100g,null,fresh_food,yogurts,2024-11-19
Yeo Valley Organic 0% Fat Natural Yogurt 150g,85p,57p / 100g,null,fresh_food,yogurts,2024-11-19
Sainsbury's Fab Creamy Hazelnut Yogurt 150g,65p,43p / 100g,null,fresh_food,yogurts,2024-11-19
"Sainsbury's West Country Creamy Fudge Yogurt, Taste the Diff...",95p,63p / 100g,80p,fresh_food,yogurts,2024-11-19
Alpro Strawberry Soya Plant Based Yoghurt Alternative 500g,£2.10,42p / 100g,£1.50,fresh_food,yogurts,2024-11-19
Oatly Oatgurt Greek 400g,£2.60,65p / 100g,null,fresh_food,yogurts,2024-11-19
Activia Fibre Apple Cereals Breakfast Gut Health Yoghurt 4x1...,£2.75,60p / 100g,null,fresh_food,yogurts,2024-11-19
Activia Blueberry Acai Fusions Yogurt 4x120g,£2.75,57p / 100g,null,fresh_food,yogurts,2024-11-19
Arla Skyr Coconut Icelandic Style Yogurt 450g,£1.85,41p / 100g,£1.25,fresh_food,yogurts,2024-11-19
Muller Light Fat Free Vanilla Yogurt with Chocolate Sprinkle...,90p,56p / 100g,60p,fresh_food,yogurts,2024-11-19
Bonne Maman Blackcurrant Mousse Dessert 2x70g,£2.20,£1.57 / 100g,null,fresh_food,yogurts,2024-11-19
Biotiful Gut Health Raspberry Kefir Milk Drink 500ml,£2.60,52p / 100g,null,fresh_food,yogurts,2024-11-19
Petits Filous Kids Strawberry & Apricot Yoghurt 6x47g,£1.95,69p / 100g,£1.50,fresh_food,yogurts,2024-11-19
GetPro Vanilla High Protein Yoghurt 160g,90p,56p / 100g,null,fresh_food,yogurts,2024-11-19
Yeo Valley Organic Kefir Mango & Passion Fruit 500ml,£2.25,45p / 100ml,£1.75,fresh_food,yogurts,2024-11-19
Lindahls Protein Pudding Chocolate 140g,£1.40,£1.00 / 100g,null,fresh_food,yogurts,2024-11-19
Irish Yogurts Diet Fat Free 4x125g,£1.50,30p / 100g,null,fresh_food,yogurts,2024-11-19
Bonne Maman Yoghurt with a Rhubarb Layer 4x115g,£2.75,60p / 100g,£2.00,fresh_food,yogurts,2024-11-19
Biotiful Gut Health Kefir Milk Drink Strawberry 1L,£3.50,35p / 100ml,£3.00,fresh_food,yogurts,2024-11-19
Yeo Valley Greek Recipe 0% Strain Natural Yogurt 850g,£4.25,50p / 100g,null,fresh_food,yogurts,2024-11-19
Stamford Street Co. Low Fat Strawberry Yogurt 450g,95p,21p / 100g,null,fresh_food,yogurts,2024-11-19
Sainsbury's Fruit Fool Lemon 114g,95p,83p / 100g,null,fresh_food,yogurts,2024-11-19
"Sainsbury's Belgian Chocolate Mousse, Taste the Difference 1...",£1.00,£1.00 / 100g,null,fresh_food,yogurts,2024-11-19
Alpro Peach Gut Health Dairy Free Soya Yoghurt Alternative 4...,£2.50,50p / 100g,null,fresh_food,yogurts,2024-11-19
Muller Bliss Mascarpone Cherry Yogurt 4x110g,£3.00,68p / 100g,null,fresh_food,yogurts,2024-11-19
Biotiful Gut Health Kefir Natural Yogurt Original 350g,£2.00,57p / 100g,£1.25,fresh_food,yogurts,2024-11-19
Yeo Valley Organic Kefir Strawberry Yogurt 350g,£2.00,57p / 100g,null,fresh_food,yogurts,2024-11-19
Pro Mlk Strawberry Protein Shake 330ml,£1.15,35p / 100ml,null,fresh_food,yogurts,2024-11-19
Arla Blueberry Protein Yogurt 200g,£1.25,63p / 100g,null,fresh_food,yogurts,2024-11-19
The Collective Gourmet Passion Fruit Greek-Style Yoghurt 425...,£2.95,69p / 100g,null,fresh_food,yogurts,2024-11-19
Biotiful Gut Health Kefir Yogurt Madagascan Vanilla 350g,£2.00,57p / 100g,£1.25,fresh_food,yogurts,2024-11-19
Yeo Valley Organic 0% Fat Natural Yogurt 450g,£2.00,44p / 100g,£1.50,fresh_food,yogurts,2024-11-19
Pro Mlk Chocolate Protein Shake 330ml,£1.15,35p / 100ml,null,fresh_food,yogurts,2024-11-19
FAGE Total 0% Fat Free Greek Recipe Strained Yoghurt with Ra...,£1.35,90p / 100g,£1.00,fresh_food,yogurts,2024-11-19
Petits Filous Kids Dairy Free Raspberry Yoghurt Pots 4x95g,£2.50,66p / 100g,null,fresh_food,yogurts,2024-11-19
Biotiful Gut Health Kefir Milk Drink Mango 500ml,£2.60,52p / 100ml,null,fresh_food,yogurts,2024-11-19
Benecol Peach Yogurt 4x115g,£4.00,87p / 100g,null,fresh_food,yogurts,2024-11-19
Fruit Bowl Blackcurrant Yogurt Flakes 5x21g,£2.25,£2.50 / 100g,null,fresh_food,yogurts,2024-11-19
Rachel's Organic Greek Style Yogurt Rhubarb 450g,£2.65,59p / 100g,£1.75,fresh_food,yogurts,2024-11-19
Sainsbury's Fat Free Natural Yoghurt 1kg,£1.75,18p / 100g,null,fresh_food,yogurts,2024-11-19
Gü Key Lime Pie Cheesecake Dessert 2x78g,£3.75,£2.40 / 100g,£2.50,fresh_food,yogurts,2024-11-19
Sainsbury's On the Go Greek Style Yogurt with Mixed Berry Co...,£1.75,83p / 100g,null,fresh_food,yogurts,2024-11-19
Arla Skyr Creamy Icelandic Style Yogurt 450g,£2.25,50p / 100g,£1.25,fresh_food,yogurts,2024-11-19
Kinder Milk Slice Chilled Snack Cake Bar Multipack 3x28g,£1.15,£1.37 / 100g,null,fresh_food,yogurts,2024-11-19
Yeo Valley Organic Greek Style Natural Yogurt 150g,85p,57p / 100g,null,fresh_food,yogurts,2024-11-19
Actimel Plus Cherry & Elderberry Twist 8x100g,£3.85,48p / 100g,£2.75,fresh_food,yogurts,2024-11-19
Yeo Valley Greek Recipe 0% Strain Natural Yogurt 450g,£3.00,67p / 100g,£2.00,fresh_food,yogurts,2024-11-19
The Collective Gourmet Morello Cherry Greek-Style Yoghurt 42...,£2.95,69p / 100g,null,fresh_food,yogurts,2024-11-19
Yeo Valley Organic Lemon Curd 4x110g,£2.50,57p / 100g,£1.50,fresh_food,yogurts,2024-11-19
After Eight Chocolate Peppermint Flavoured Mousse 4X57g,£2.20,96p / 100g,£1.50,fresh_food,yogurts,2024-11-19
Muller Light Choc Pot Chocolate Dessert 4x80g,£2.25,70p / 100g,null,fresh_food,yogurts,2024-11-19
Tims Dairy Greek Style Vanilla Bio-Live Yogurt 450g,£2.30,51p / 100g,null,fresh_food,yogurts,2024-11-19
Sainsbury's Rhubarb Fool 114g,95p,83p / 100g,null,fresh_food,yogurts,2024-11-19
Biomel Natural Dairy Free Coconut Probiotic Drink 510ml,£2.90,57p / 100ml,null,fresh_food,yogurts,2024-11-19
Biotiful Gut Health Kefir Milk Drink Vanilla 1L,£3.50,35p / 100ml,£3.00,fresh_food,yogurts,2024-11-19
Sainsbury's Protein Natural Big Pot Yogurt 450g,£1.65,37p / 100g,null,fresh_food,yogurts,2024-11-19
Actimel Plus Strawberry & Pomegranate Twist 8x100g,£3.85,48p / 100g,£2.75,fresh_food,yogurts,2024-11-19
For Goodness Shakes Protein Chocolate Flavour Shake 435ml,£2.30,53p / 100ml,null,fresh_food,yogurts,2024-11-19
Bonne Maman Creme Brulee Dessert 2x100g,£3.20,£1.60 / 100g,£2.50,fresh_food,yogurts,2024-11-19
Müller Rice Protein Chocolate Dessert 180g,£1.10,61p / 100g,null,fresh_food,yogurts,2024-11-19
Müller Light Fat Free Yogurt Limited Edition 160g,90p,56p / 100g,60p,fresh_food,yogurts,2024-11-19
Sainsbury's Kids Plain Yogurt Pack 6x45g,£1.00,37p / 100g,null,fresh_food,yogurts,2024-11-19
Cadbury Dairy Milk Big Pots of Joy Chocolate Dessert 350g,£3.00,86p / 100g,null,fresh_food,yogurts,2024-11-19
Arla Skyr Whipped Yogurt Strawberries & Cream 128g,£1.25,98p / 100g,null,fresh_food,yogurts,2024-11-19
Arla Protein Salted Caramel Flavour Pudding 200g,£1.75,88p / 100g,£1.25,fresh_food,yogurts,2024-11-19
FAGE Total 0% Fat Free Greek Recipe Strained Yoghurt with Ho...,£1.35,90p / 100g,£1.00,fresh_food,yogurts,2024-11-19
Oatly Oatgurt Strawberry 400g,£2.40,60p / 100g,null,fresh_food,yogurts,2024-11-19
Strings & Things Yollies Yogurt Lollies Strawberry Flavour 4...,£1.75,£1.75 / 100g,£1.25,fresh_food,yogurts,2024-11-19
Actimel Strawberry 0% Added Sugar Fat Free Yogurt Drink 12x1...,£4.50,38p / 100g,null,fresh_food,yogurts,2024-11-19
Gü Plant Spanish Lemon Cheesecake Dessert 2x92g,£3.95,£2.15 / 100g,£2.95,fresh_food,yogurts,2024-11-19
GetPro Dark Chocolate High Protein Yoghurt Mousse 200g,£2.50,£1.25 / 100g,£1.75,fresh_food,yogurts,2024-11-19
Sainsbury's Little Ones Organic Peach & Mango Yogurt 7+ Mont...,65p,72p / 100g,null,fresh_food,yogurts,2024-11-19
Arla Protein Passionfruit & Papaya 200g,£1.10,55p / 100g,null,fresh_food,yogurts,2024-11-19
Müller Rice Protein Vanilla Dessert 180g,£1.10,61p / 100g,null,fresh_food,yogurts,2024-11-19
Pro Mlk Coffee Protein Shake 330ml,£1.15,35p / 100ml,null,fresh_food,yogurts,2024-11-19
The Collective Dairy Suckies Mango & Peach 90g,95p,£1.06 / 100g,null,fresh_food,yogurts,2024-11-19
Activia Low Fat Yogurt Raspberry & Chia Seed Muesli 165g,£1.85,£1.12 / 100g,null,fresh_food,yogurts,2024-11-19
Biotiful Gut Health Kids Kefir Yogurt Drink Strawberry & Ban...,£2.00,50p / 100ml,£1.50,fresh_food,yogurts,2024-11-19
For Goodness Shakes Protein Strawberry Flavour Shake 435ml,£2.30,53p / 100ml,null,fresh_food,yogurts,2024-11-19
Lindahls Protein Pudding Salted Caramel 140g,£1.40,£1.00 / 100g,null,fresh_food,yogurts,2024-11-19
GetPro Strawberry High Protein Yoghurt Drink 300g,£2.00,67p / 100g,£1.50,fresh_food,yogurts,2024-11-19
Aero Creations Milk Chocolate Mousse 4x57g,£2.20,96p / 100g,£1.50,fresh_food,yogurts,2024-11-19
FAGE Total 5% Fat Natural Greek Recipe Strained Yoghurt 150g,£1.50,£1.00 / 100g,null,fresh_food,yogurts,2024-11-19
The Coconut Collab Gut Health Cultured Coconut Yog Plain 350...,£2.75,79p / 100g,null,fresh_food,yogurts,2024-11-19
"The Coconut Collaborative Yogurt Alternative, Madagascan Van...",£2.75,79p / 100g,£1.95,fresh_food,yogurts,2024-11-19
Muller Plant Based Corner Vanilla & Chocolate Balls Yogurt 1...,£1.35,£1.08 / 100g,85p,fresh_food,yogurts,2024-11-19
Fage Fruits Strawberry Strained Yoghurt 380g,£2.50,66p / 100g,null,fresh_food,yogurts,2024-11-19
Yeo Valley Organic Greek Recipe Peach & Raspberry 150g,£1.35,90p / 100g,null,fresh_food,yogurts,2024-11-19
Lindahls Pro+ Kvarg Raspberry & Vanilla Protein Yogurt Drink...,£1.50,60p / 100g,null,fresh_food,yogurts,2024-11-19
Muller Light Choc Pot Orange Chocolate Dessert 4x80g,£2.25,70p / 100g,null,fresh_food,yogurts,2024-11-19
Fage Fruits Mango & Passion Fruit Strained Yoghurt 380g,£2.50,66p / 100g,null,fresh_food,yogurts,2024-11-19
Alpro High Protein Tropical Fruit Dairy Free Soya Yoghurt Al...,£1.50,75p / 100g,£1.25,fresh_food,yogurts,2024-11-19
Yeo Valley Organic Greek Recipe Strawberry & Passion Fruit 1...,£1.35,90p / 100g,null,fresh_food,yogurts,2024-11-19
Sainsbury's Chocolate Surprise 150g,£1.25,83p / 100g,null,fresh_food,yogurts,2024-11-19
Lindahls Blueberry Protein Yoghurt 150g,£1.10,73p / 100g,null,fresh_food,yogurts,2024-11-19
Biotiful Gut Health Organic Kefir Milk Drink Original 500ml,£2.80,56p / 100g,null,fresh_food,yogurts,2024-11-19
Tims Dairy Greek Style Raspberry Bio Live Yogurt 450g,£2.30,51p / 100g,null,fresh_food,yogurts,2024-11-19
The Collective Great Dairy Suckies Fridge Pack Strawberry 4x...,£3.40,94p / 100g,£3.00,fresh_food,yogurts,2024-11-19
"Sainsbury's Mango & Passionfruit Layered Yogurt, Taste the D...",£2.00,44p / 100g,£1.80,fresh_food,yogurts,2024-11-19
Arla Protein Hazelnut Latte Flavour Pudding 200g,£1.75,88p / 100g,£1.25,fresh_food,yogurts,2024-11-19
Bio & Me Kefir Drink Natural 500ml,£2.60,52p / 100ml,null,fresh_food,yogurts,2024-11-19
"Sainsbury's Pear & Butterscotch Crumble Yogurt, Taste the Di...",95p,63p / 100g,80p,fresh_food,yogurts,2024-11-19
Lindahls Caramel Flavour Protein Yoghurt 150g,£1.10,73p / 100g,null,fresh_food,yogurts,2024-11-19
Little Ones Berry Yogurt 90g,65p,72p / 100g,null,fresh_food,yogurts,2024-11-19
Lancashire Farm Virtually Fat Free Natural Yogurt 1kg,£2.25,23p / 100g,null,fresh_food,yogurts,2024-11-19
Bonne Maman Baba Au Rhum Dessert 2x140g,£3.20,£1.14 / 100g,£2.50,fresh_food,yogurts,2024-11-19
Arla Skyr Whipped Yogurt Coconut & White Chocolate 128g,£1.25,98p / 100g,null,fresh_food,yogurts,2024-11-19
Cadbury Pots Of Joy Chocolate Dessert Limited Edition 4x60g,£2.70,£1.13 / 100g,£1.50,fresh_food,yogurts,2024-11-19
Milkybar White Chocolate Mousse 4x55g,£2.00,91p / 100g,null,fresh_food,yogurts,2024-11-19
The Coconut Collab Raspberry Yog 350g,£2.75,79p / 100g,£1.95,fresh_food,yogurts,2024-11-19
Arla Skyr Whipped Yogurt Caramelised Orange 128g,£1.25,98p / 100g,null,fresh_food,yogurts,2024-11-19
Cadburys Dairy Milk Pots Of Joy Chocolate Dessert 4x60g,£2.70,£1.13 / 100g,£1.50,fresh_food,yogurts,2024-11-19
Yeo Valley Organic Greek Recipe Lemon 150g,£1.35,90p / 100g,null,fresh_food,yogurts,2024-11-19
Biotiful Gut Health Kefir Yogurt British Strawberry 350g,£2.00,57p / 100g,£1.25,fresh_food,yogurts,2024-11-19
Gü Plant Chocolate & Vanilla Cheesecake Dessert 2x82g,£3.95,£2.41 / 100g,£2.95,fresh_food,yogurts,2024-11-19
Muller Myprotein Chocolate Mousse Dessert 200g,£2.50,£1.25 / 100g,null,fresh_food,yogurts,2024-11-19
Muller Myprotein Chocolate Pudding 200g,£1.95,98p / 100g,null,fresh_food,yogurts,2024-11-19
Biotiful Gut Health Apple & Mango Kids Kefir 4x100ml,£2.00,50p / 100g,£1.50,fresh_food,yogurts,2024-11-19
Gü Wild Strawberry & Clotted Cream Cheesecake Dessert 2x87g,£3.75,£2.16 / 100g,£2.50,fresh_food,yogurts,2024-11-19
Cadbury Caramilk Mousse 4x45g,£2.00,£1.11 / 100g,null,fresh_food,yogurts,2024-11-19
Nush Dairy Free Almond Milk Yog Strawberry 350g,£3.00,86p / 100g,null,fresh_food,yogurts,2024-11-19
Woodlands Sheep's Milk Yogurt 450g,£3.10,69p / 100g,null,fresh_food,yogurts,2024-11-19
"Sainsbury's Raspberry & Blackcurrant Layered Yogurt, Taste t...",£2.00,44p / 100g,£1.80,fresh_food,yogurts,2024-11-19
Cadbury Dairy Milk Pots Of Joy Caramel Chocolate Dessert 4x6...,£2.70,£1.13 / 100g,£1.50,fresh_food,yogurts,2024-11-19
Muller Myprotein Vanilla Pudding 200g,£1.95,98p / 100g,null,fresh_food,yogurts,2024-11-19
Sainsbury's Caramel Surprise 150g,£1.25,83p / 100g,null,fresh_food,yogurts,2024-11-19
The Collective Dairy Immunity Cherry & Acai Live Yoghurt 130...,£1.50,£1.15 / 100g,null,fresh_food,yogurts,2024-11-19
GetPro Forest Fruits Flavour Protein Pouch Drink 200g,£1.65,83p / 100g,null,fresh_food,yogurts,2024-11-19
Muller Light Protein Chocolate Orange Pudding 140g,£1.50,£1.07 / 100g,£1.00,fresh_food,yogurts,2024-11-19
Arla Protein Vanilla Milk Shake 482ml,£2.00,42p / 100ml,null,fresh_food,yogurts,2024-11-19
Arla Protein Strawberry & Raspberry Flavoured Milk Drink 482...,£2.00,42p / 100ml,null,fresh_food,yogurts,2024-11-19
Muller Light Protein Chocolate Brownie Pudding 140g,£1.50,£1.07 / 100g,£1.00,fresh_food,yogurts,2024-11-19
Bio & Me Kefir Drink Vanilla 500ml,£2.60,52p / 100ml,null,fresh_food,yogurts,2024-11-19
Danone Getpro Strawberry Flavour Yoghurt 160g,90p,56p / 100g,null,fresh_food,yogurts,2024-11-19
Cadbury Big Pot Caramilk Dessert 350g,£3.00,86p / 100g,null,fresh_food,yogurts,2024-11-19
Sainsbury's Hazelnut Yoghurt 450g,£1.50,33p / 100g,null,fresh_food,yogurts,2024-11-19
The Collective Dairy Gut Feel Hint of Vanilla Live Yoghurt 1...,£1.50,£1.15 / 100g,null,fresh_food,yogurts,2024-11-19
Lindahls Pro+ Kvarg Tropical Protein Yogurt Drink 250g,£1.50,60p / 100g,null,fresh_food,yogurts,2024-11-19
Lindahls Pro+ Kvarg Tropical Protein Yogurt Drink 250g,£1.50,60p / 100g,null,fresh_food,yogurts,2024-11-19
Muller Plant Based Corner Strawberry & Pomegranate Yogurt 13...,£1.35,99p / 100g,85p,fresh_food,yogurts,2024-11-19
Biotiful Gut Health Kefir Protein Yogurt Cherry 250g,£1.85,74p / 100g,£1.25,fresh_food,yogurts,2024-11-19
Smarties Vanilla Flavour Yogurt with Mini Smarties 4x107g,£2.65,62p / 100g,null,fresh_food,yogurts,2024-11-19
Lindahls Strawberry Sundae Pro + Kvarg 150g,£1.40,93p / 100g,null,fresh_food,yogurts,2024-11-19
Arla Jord Oat Vanilla use as alternative to yoghurt 400g,£2.25,56p / 100g,£1.25,fresh_food,yogurts,2024-11-19
Muller Myprotein Salted Caramel Dessert 200g,£2.50,£1.25 / 100g,null,fresh_food,yogurts,2024-11-19
Coconut Collaborative Mango & Passionfruit Yoghurt 360g,£2.75,76p / 100g,£1.95,fresh_food,yogurts,2024-11-19
Biotiful Gut Health Kefir Protein Yogurt Vanilla 250g,£1.85,74p / 100g,£1.25,fresh_food,yogurts,2024-11-19
The Collective Great Dairy Gourmet Fudge 425g,£2.95,69p / 100g,null,fresh_food,yogurts,2024-11-19
Yeo Valley Organic Gut Boost Mango & Lime 150ml,£1.60,£1.07 / 100ml,null,fresh_food,yogurts,2024-11-19
Arla Protein Chocolate Flavoured Milk Drink 479ml,£2.00,42p / 100ml,null,fresh_food,yogurts,2024-11-19
For Goodness Shakes Protein Salted Caramel Flavour Shake 435...,£2.30,53p / 100ml,null,fresh_food,yogurts,2024-11-19
The Collective Dairy Free Suckies Peach & Apricot 85g,£1.00,£1.18 / 100g,null,fresh_food,yogurts,2024-11-19
Pakeeza Exotic Mango Lassi Thick Yogurt Drink 330g,£1.45,44p / 100g,null,fresh_food,yogurts,2024-11-19
Pakeeza Live Natural Set 900g,£2.10,23p / 100g,null,fresh_food,yogurts,2024-11-19
Yeo Valley Organic Little Yeos Red Berries Kids Yogurt Pouch...,90p,£1.00 / 100g,60p,fresh_food,yogurts,2024-11-19
The Collective Dairy Uplift Peach & Raspberry Live Yoghurt 1...,£1.50,£1.15 / 100g,null,fresh_food,yogurts,2024-11-19
Lancashire Farm Greek Style Fat Free Yogurt 1kg,£2.95,30p / 100g,null,fresh_food,yogurts,2024-11-19
"The Collective Dairy Restore Apple, Kiwi & Spirulina Live Yo...",£1.50,£1.15 / 100g,null,fresh_food,yogurts,2024-11-19
Yeo Valley Organic Gut Boost Mixed Berries 150ml,£1.60,£1.07 / 100ml,null,fresh_food,yogurts,2024-11-19
Arla Protein Vanilla Yogurt Pouch 200g,£1.45,73p / 100g,null,fresh_food,yogurts,2024-11-19
The Collective Dairy Invigorate Passion Fruit & Ginseng Live...,£1.50,£1.15 / 100g,null,fresh_food,yogurts,2024-11-19
Yeo Valley Organic Kefir Blueberry 500ml,£2.25,45p / 100ml,£1.75,fresh_food,yogurts,2024-11-19
"Sainsbury's Jaffa Cake Yogurt, Taste the Difference 150g",95p,63p / 100g,80p,fresh_food,yogurts,2024-11-19
Ufit White Chocolate Flavour High Protein Milkshake 330ml,£2.00,61p / 100ml,null,fresh_food,yogurts,2024-11-19
Arla Lactofree Natural Yogurt 400g,£1.85,46p / 100g,null,fresh_food,yogurts,2024-11-19
Yeo Valley Organic Kefir Natural 4x100g,£2.50,63p / 100g,£1.50,fresh_food,yogurts,2024-11-19
Arla Jord Oat Strawberry use as alternative to Yoghurt 400g,£2.25,56p / 100g,£1.25,fresh_food,yogurts,2024-11-19
Yeo Valley Organic Little Yeos Natural Greek Style Kids Yogu...,90p,£1.06 / 100g,60p,fresh_food,yogurts,2024-11-19
Activia Kefir Strawberry Gut Health Yoghurt Drink 280ml,£1.60,57p / 100ml,£1.00,fresh_food,yogurts,2024-11-19
The Coconut Collab Strawberry Coconut Yog 4x90g,£2.95,82p / 100g,null,fresh_food,yogurts,2024-11-19
Nomadic Power Pot Chocolate Brownie 190g,£2.00,£1.05 / 100g,null,fresh_food,yogurts,2024-11-19
Fage Fruits Vanilla Thick & Smooth Strained Yoghurt 380g,£2.50,66p / 100g,null,fresh_food,yogurts,2024-11-19
Piatnica Vanilla Fromage Frais 150g,£1.00,67p / 100g,null,fresh_food,yogurts,2024-11-19
Activia Kefir Natural Gut Health Yoghurt Drink 280ml,£1.60,57p / 100ml,£1.00,fresh_food,yogurts,2024-11-19
Cadbury Dairy Milk Big Pots of Joy Chocolate Orange Dessert,£3.00,86p / 100g,null,fresh_food,yogurts,2024-11-19
Arla Protein Strawberry 450g,£2.15,48p / 100g,null,fresh_food,yogurts,2024-11-19
Arla Protein Vanilla 450g,£2.15,48p / 100g,null,fresh_food,yogurts,2024-11-19
Biotiful Gut Health Kefir Overnight Oats Mixed Berry 150g,£1.75,£1.17 / 100g,null,fresh_food,yogurts,2024-11-19
Pakeeza Passion Fruit Lassi Thick Yogurt Drink 330g,£1.45,44p / 100g,null,fresh_food,yogurts,2024-11-19
Ufit Chocolate Flavour High Protein Milkshake 330ml,£2.00,61p / 100ml,null,fresh_food,yogurts,2024-11-19
Muller Myprotein Big Pot Vanilla Yogurt 500g,£3.00,60p / 100g,null,fresh_food,yogurts,2024-11-19
Biotiful Gut Health Kefir Spiced Fruit Overnight Oats 150g,£1.75,£1.17 / 100g,null,fresh_food,yogurts,2024-11-19
Biotiful Gut Health Strawberry Kefir Protein Drink 330ml,£2.00,61p / 100ml,null,fresh_food,yogurts,2024-11-19
The Collective Dairy Crunchin' Strawb Mixers 100g,£1.50,£1.50 / 100g,null,fresh_food,yogurts,2024-11-19
UFIT Fudge Brownie Flavour High Protein Milkshake 330ml,£2.00,61p / 100ml,null,fresh_food,yogurts,2024-11-19
Biotiful Gut Health Kefir Chocolate Protein Drink 330ml,£2.00,61p / 100ml,null,fresh_food,yogurts,2024-11-19
Fage Befree Natural Greek Yoghurt 450g,£3.50,78p / 100g,£2.75,fresh_food,yogurts,2024-11-19
Biotiful Gut Health Cherry Kefir Yogurt 4x115g,£2.50,54p / 100g,null,fresh_food,yogurts,2024-11-19
Ufit Strawberry Flavour High Protein Milkshake 500ml,£3.00,60p / 100ml,£2.25,fresh_food,yogurts,2024-11-19
Ufit Salted Caramel Flavour High Protein Milkshake 500ml,£3.00,60p / 100ml,£2.25,fresh_food,yogurts,2024-11-19
Biotiful Gut Health Organic Vanilla Chai Kefir Drink 500ml,£2.80,56p / 100ml,null,fresh_food,yogurts,2024-11-19
Biotiful Gut Health Peach Kefir Yogurt 4x115g,£2.50,54p / 100g,null,fresh_food,yogurts,2024-11-19
The Collective Dairy Kickstart Blueberry & Raspberry 130g,£1.50,£1.15 / 100g,null,fresh_food,yogurts,2024-11-19
For Goodness Shakes Recovery Vanilla Flavour Shake 435ml,£2.00,46p / 100ml,null,fresh_food,yogurts,2024-11-19
Zott Jogobella 400g,£1.40,35p / 100g,null,fresh_food,yogurts,2024-11-19
For Goodness Shakes Recovery Chocolate Flavour Shake 435ml,£2.00,46p / 100ml,null,fresh_food,yogurts,2024-11-19
The Collective Dairy Poppin' Choco Mixers 100g,£1.50,£1.50 / 100g,null,fresh_food,yogurts,2024-11-19
Sainsbury's Little Ones Organic Peach & Mango Yogurts 4x90g,£2.60,72p / 100g,null,fresh_food,yogurts,2024-11-19
For Goodness Shakes Protein Strawberry Flavour Shake 1000 m...,£4.50,45p / 100ml,£3.00,fresh_food,yogurts,2024-11-19
For Goodness Shakes Protein Strawberry Flavour Shake 471ml,£3.00,64p / 100ml,£2.00,fresh_food,yogurts,2024-11-19
For Goodness Shakes Protein Chocolate Flavour Shake 471ml,£3.00,64p / 100ml,£2.00,fresh_food,yogurts,2024-11-19
For Goodness Shakes Protein Chocolate Flavour Shake 1000ml,£4.50,45p / 100ml,£3.00,fresh_food,yogurts,2024-11-19
Oatly Oat Drink Barista Edition Long Life 1L,£2.10,£2.10 / ltr,null,fresh_food,dairy_free,2024-11-19
Sainsbury's Everyday Lactose Free Semi Skimmed Dairy Drink 1...,£1.35,£1.35 / ltr,null,fresh_food,dairy_free,2024-11-19
Alpro Almond Milk No Sugars Chilled Dairy Alternative 1L,£2.00,£2.00 / ltr,£1.50,fresh_food,dairy_free,2024-11-19
Alpro Almond Milk No Sugars Long Life Dairy Alternative 1L,£2.10,£2.10 / ltr,null,fresh_food,dairy_free,2024-11-19
Vitalite Dairy Free Spread 500g,£2.00,£4.00 / kg,null,fresh_food,dairy_free,2024-11-19
Oatly Oat Drink Semi Chilled 1L,£2.10,£2.10 / ltr,null,fresh_food,dairy_free,2024-11-19
Arla Lactofree Semi Skimmed Milk Drink 1L,£1.85,£1.85 / ltr,null,fresh_food,dairy_free,2024-11-19
Alpro Oat Milk No Sugars Long Life Dairy Alternative 1L,£2.30,£2.30 / ltr,null,fresh_food,dairy_free,2024-11-19
Alpro Oat Milk No Sugars Chilled Dairy Alternative 1L,£2.00,£2.00 / ltr,£1.50,fresh_food,dairy_free,2024-11-19
Oatly Oat Drink Whole Chilled 1L,£2.10,£2.10 / ltr,null,fresh_food,dairy_free,2024-11-19
Flora Lighter Spread  Alternative To Butter 450g,£2.50,£5.56 / kg,null,fresh_food,dairy_free,2024-11-19
Arla Lactofree Mature Cheddar Cheese 200g,£2.50,£12.50 / kg,null,fresh_food,dairy_free,2024-11-19
Califia Farms Oat Drink Barista Blend 1L,£2.10,£2.10 / ltr,null,fresh_food,dairy_free,2024-11-19
Alpro Plain No Sugars Soya Dairy Free Yoghurt Alternative 50...,£2.10,42p / 100g,£1.50,fresh_food,dairy_free,2024-11-19
Alpro Soya Milk Chilled Dairy Alternative 1L,£2.00,£2.00 / ltr,£1.50,fresh_food,dairy_free,2024-11-19
ProActiv Buttery Taste Spread 450g,£4.50,£10.00 / kg,null,fresh_food,dairy_free,2024-11-19
The Coconut Collaborative Natural Yogurt Alternative 350g,£2.50,71p / 100g,null,fresh_food,dairy_free,2024-11-19
Flora Original Spread  Alternative To Butter 450g,£2.50,£5.56 / kg,null,fresh_food,dairy_free,2024-11-19
Alpro Soya Milk No Sugars Chilled Dairy Alternative 1L,£2.00,£2.00 / ltr,£1.50,fresh_food,dairy_free,2024-11-19
Alpro Blueberry & Cherry Soya Plant Based Yoghurt Alternativ...,£2.00,40p / 100g,null,fresh_food,dairy_free,2024-11-19
Alpro Strawberry Banana Peach Pear Soya Plant Based Yoghurt ...,£2.00,40p / 100g,null,fresh_food,dairy_free,2024-11-19
Plenish Organic Almond Dairy Alternative Long Life Drink 1L,£2.25,£2.25 / ltr,£2.00,fresh_food,dairy_free,2024-11-19
Sainsbury's Sweetened Soya Drink 1L,99p,99p / ltr,null,fresh_food,dairy_free,2024-11-19
Sainsbury's Unsweetened Almond Drink 1L,99p,99p / ltr,null,fresh_food,dairy_free,2024-11-19
Alpro Oat Milk Long Life Dairy Alternative 1L,£2.10,£2.10 / ltr,null,fresh_food,dairy_free,2024-11-19
Oatly Oat Drink Barista Edition Chilled 1L,£2.20,£2.20 / ltr,£1.70,fresh_food,dairy_free,2024-11-19
Alpro Vanilla Soya Plant Based Yoghurt Alternative 500g,£2.10,42p / 100g,£1.50,fresh_food,dairy_free,2024-11-19
Alpro Soya Milk No Sugars Long Life Dairy Alternative 1L,£2.10,£2.10 / ltr,£1.50,fresh_food,dairy_free,2024-11-19
Arla Jord Chilled Oat Drink 1L,£1.90,£1.90 / ltr,null,fresh_food,dairy_free,2024-11-19
Sainsbury's Everyday Lactose Free Whole Dairy Drink 1l,£1.35,£1.35 / ltr,null,fresh_food,dairy_free,2024-11-19
Sainsbury's Everyday Lactose Free Skimmed Dairy Drink 1L,£1.35,£1.35 / ltr,null,fresh_food,dairy_free,2024-11-19
ProActiv Light Spread 450g,£4.50,£10.00 / kg,null,fresh_food,dairy_free,2024-11-19
Swedish Glace Vanilla Dairy Free Vegan Ice Cream Tub Dessert...,£3.00,40p / 100ml,null,fresh_food,dairy_free,2024-11-19
Alpro Greek Style Plain Dairy Free Yoghurt Alternative 400g,£2.10,53p / 100g,£1.50,fresh_food,dairy_free,2024-11-19
Arla Lactofree Semi Skimmed Milk Drink 2L,£2.90,£1.45 / ltr,£2.25,fresh_food,dairy_free,2024-11-19
Arla Lactofree Fresh Whole Milk Drink 1 Litre,£1.85,£1.85 / ltr,null,fresh_food,dairy_free,2024-11-19
Oatly Organic Oat Drink Long Life 1L,£2.00,£2.00 / ltr,£1.50,fresh_food,dairy_free,2024-11-19
Alpro Organic Soya Milk No Sugars Long Life Dairy Alternativ...,£2.10,£2.10 / ltr,£1.50,fresh_food,dairy_free,2024-11-19
Rude Health Almond Drink 1L,£2.30,£2.30 / ltr,null,fresh_food,dairy_free,2024-11-19
Sainsbury's Lactose Free Greek Style Yogurt 450g,£1.65,37p / 100g,null,fresh_food,dairy_free,2024-11-19
Arla Lactofree Cream 250ml,£1.55,62p / 100ml,null,fresh_food,dairy_free,2024-11-19
Rude Health Oat Drink 1L,£2.20,£2.20 / ltr,null,fresh_food,dairy_free,2024-11-19
Alpro Dark Chocolate Dessert 4x125g,£1.85,37p / 100g,null,fresh_food,dairy_free,2024-11-19
Alpro Barista Oat Milk Long Life Dairy Alternative 1L,£2.05,£2.05 / ltr,£1.50,fresh_food,dairy_free,2024-11-19
Alpro Vanilla Custard 525g,£1.15,22p / 100g,null,fresh_food,dairy_free,2024-11-19
Arla Lactofree Skimmed Milk Drink 1L,£1.85,£1.85 / ltr,null,fresh_food,dairy_free,2024-11-19
Alpro Plain Coconut Plant Based Soya Yoghurt Alternative 500...,£2.10,42p / 100g,£1.50,fresh_food,dairy_free,2024-11-19
Biomel Dark Chocolate Dairy Free Coconut Probiotic Drink 125...,£1.20,96p / 100ml,null,fresh_food,dairy_free,2024-11-19
Alpro Barista Oat Milk Chilled Dairy Alternative 750ml,£1.75,£2.33 / ltr,null,fresh_food,dairy_free,2024-11-19
Alpro Soya Milk Long Life Dairy Alternative 1L,£2.10,£2.10 / ltr,£1.50,fresh_food,dairy_free,2024-11-19
Alpro Soya Long Life Alternative to Single Cream 250ml,£1.25,50p / 100ml,null,fresh_food,dairy_free,2024-11-19
Alpro Raspberry Cranberry & Blackberry Yoghurt Alternative 4...,£2.00,40p / 100g,null,fresh_food,dairy_free,2024-11-19
Alpro Strawberry Gut Health Soya Plant Based Yoghurt Alterna...,£2.50,50p / 100g,null,fresh_food,dairy_free,2024-11-19
St Helen's Farm Goat's Milk Natural Yogurt 450g,£2.40,53p / 100g,null,fresh_food,dairy_free,2024-11-19
Alpro greek Style Strawberry & Raspberry Plant Based Yogurt ...,£1.20,80p / 100g,95p,fresh_food,dairy_free,2024-11-19
Cathedral City Plant Based Mature Cheddar Cheese Flavour Veg...,£2.30,£15.33 / kg,null,fresh_food,dairy_free,2024-11-19
Alpro Barista Coconut Milk Long Life Dairy Alternative 1L,£2.00,£2.00 / ltr,£1.50,fresh_food,dairy_free,2024-11-19
Alpro Plain Natural Soya Plant Based Yoghurt Alternative 500...,£2.10,42p / 100g,£1.50,fresh_food,dairy_free,2024-11-19
Alpro Oat Milk Chilled Dairy Alternative 1L,£2.00,£2.00 / ltr,£1.50,fresh_food,dairy_free,2024-11-19
Alpro Velvet Vanilla Dessert 4x125g,£1.85,37p / 100g,null,fresh_food,dairy_free,2024-11-19
Alpro Almond Milk Long Life Dairy Alternative 1L,£2.10,£2.10 / ltr,null,fresh_food,dairy_free,2024-11-19
Rude Health Coconut Drink 1L,£2.30,£2.30 / ltr,null,fresh_food,dairy_free,2024-11-19
Alpro Soya Growing Up Long Life Dairy Alternative Toddler Dr...,£2.00,£2.00 / ltr,null,fresh_food,dairy_free,2024-11-19
"Naturli Vegan Spread, Organic 450g",£3.90,£8.67 / kg,null,fresh_food,dairy_free,2024-11-19
Oatly Oat Drink Chocolate Long Life 1L,£1.90,£1.90 / ltr,£1.50,fresh_food,dairy_free,2024-11-19
Alpro Coconut Milk Chilled Dairy Alternative 1L,£2.00,£2.00 / ltr,null,fresh_food,dairy_free,2024-11-19
Alpro Soya Light Milk Chilled Dairy Alternative 1L,£2.00,£2.00 / ltr,£1.50,fresh_food,dairy_free,2024-11-19
Plenish Organic Coconut Milk 1L,£2.25,£2.25 / ltr,£1.75,fresh_food,dairy_free,2024-11-19
Oatly Creamy Oat Fraiche Chilled 200ml,£1.75,88p / 100ml,null,fresh_food,dairy_free,2024-11-19
Arla Lactofree Soft Cheese 200g,£1.75,£8.75 / kg,null,fresh_food,dairy_free,2024-11-19
Sainsbury's Sweetened Almond Drink 1L,99p,99p / ltr,null,fresh_food,dairy_free,2024-11-19
The Coconut Collaborative Little Choc Pots 4x45g,£2.95,£1.64 / 100g,null,fresh_food,dairy_free,2024-11-19
Violife Epic Cheddar Cheese Alternative 200g,£2.75,£13.75 / kg,null,fresh_food,dairy_free,2024-11-19
Philadelphia Vegan Almond & Oat Soft Cream Cheese Alternativ...,£2.75,£18.97 / kg,£2.00,fresh_food,dairy_free,2024-11-19
Alpro Strawberry Soya Plant Based Yoghurt Alternative 500g,£2.10,42p / 100g,£1.50,fresh_food,dairy_free,2024-11-19
Arla Lactofree Slightly Salted Spreadable Blend of Butter & ...,£2.50,£10.00 / kg,null,fresh_food,dairy_free,2024-11-19
Oatly Oatgurt Greek 400g,£2.60,65p / 100g,null,fresh_food,dairy_free,2024-11-19
Alpro Soya Chocolate Chilled Drink 1L,£2.00,£2.00 / ltr,£1.50,fresh_food,dairy_free,2024-11-19
Alpro Soya Vanilla Long Life Drink 1L,£1.90,£1.90 / ltr,£1.50,fresh_food,dairy_free,2024-11-19
Plenish Organic Oat Dairy Alternative Long Life Drink 1L,£2.25,£2.25 / ltr,£1.75,fresh_food,dairy_free,2024-11-19
Sainsbury's Sweetened Coconut Drink 1L,£1.25,£1.25 / ltr,null,fresh_food,dairy_free,2024-11-19
Alpro Almond Milk Chilled Dairy Alternative 1L,£2.00,£2.00 / ltr,£1.50,fresh_food,dairy_free,2024-11-19
Arla Lactofree Mature Cheddar Grated Cheese 200g,£2.50,£12.50 / kg,£2.00,fresh_food,dairy_free,2024-11-19
Alpro Peach Gut Health Dairy Free Soya Yoghurt Alternative 4...,£2.50,50p / 100g,null,fresh_food,dairy_free,2024-11-19
Alpro Smooth Chocolate Dessert 4x125g,£1.85,37p / 100g,null,fresh_food,dairy_free,2024-11-19
Arla LactoFREE Long Life Semi Skimmed Milk Drink 1L,£1.90,£1.90 / ltr,null,fresh_food,dairy_free,2024-11-19
Magnum Vegan Almond Ice Cream Sticks 3x90ml,£4.00,£1.48 / 100ml,null,fresh_food,dairy_free,2024-11-19
Violife Creamy Original Flavour Vegan Alternative To Cheese ...,£2.75,£13.75 / kg,£2.00,fresh_food,dairy_free,2024-11-19
"Naturli Vegan Block, Organic 200g",£2.00,£10.00 / kg,null,fresh_food,dairy_free,2024-11-19
Petits Filous Kids Dairy Free Raspberry Yoghurt Pots 4x95g,£2.50,66p / 100g,null,fresh_food,dairy_free,2024-11-19
Cathedral City Lactose Free Mature Cheddar Cheese 200g,£3.75,£18.75 / kg,null,fresh_food,dairy_free,2024-11-19
Oatly Oat Drink Light Chilled 1L,£2.10,£2.10 / ltr,null,fresh_food,dairy_free,2024-11-19
ProActiv Olive Oil Spread 450g,£4.50,£10.00 / kg,null,fresh_food,dairy_free,2024-11-19
Alpro Hazelnut Long Life Drink 1L,£2.20,£2.20 / ltr,null,fresh_food,dairy_free,2024-11-19
Magnum Vegan Classic Chocolate Ice Cream Sticks 3x90ml,£4.00,£1.48 / 100ml,null,fresh_food,dairy_free,2024-11-19
Alpro Soya Chocolate Long Life Drink 3x250ml,£2.10,28p / 100ml,null,fresh_food,dairy_free,2024-11-19
Plenish Organic Cashew Dairy Alternative Long Life Drink 1L,£2.25,£2.25 / ltr,£2.00,fresh_food,dairy_free,2024-11-19
Koko Dairy Free Unsweetened Drink 1L,£1.80,£1.80 / ltr,null,fresh_food,dairy_free,2024-11-19
Alpro Soya Light Milk Long Life Dairy Alternative 1L,£2.00,£2.00 / ltr,£1.50,fresh_food,dairy_free,2024-11-19
Alpro Barista Coconut Milk Chilled Dairy Alternative 750ml,£1.75,£2.33 / ltr,null,fresh_food,dairy_free,2024-11-19
Biomel Natural Dairy Free Coconut Probiotic Drink 510ml,£2.90,57p / 100ml,null,fresh_food,dairy_free,2024-11-19
Plenish Barista Organic Oat Drink Chilled 1L,£2.25,£2.25 / ltr,null,fresh_food,dairy_free,2024-11-19
Alpro High Protein Mixed Berries Dairy Free Soya Yoghurt Alt...,£1.50,75p / 100g,£1.25,fresh_food,dairy_free,2024-11-19
Alpro High Protein Chocolate Long Life Soya Dairy Alternativ...,£2.15,£2.15 / ltr,£1.50,fresh_food,dairy_free,2024-11-19
Alpro My Cuppa Soya Milk Chilled Dairy Alternative 1L,£1.95,£2.60 / ltr,null,fresh_food,dairy_free,2024-11-19
Oatly Oat Drink No Sugars Chilled 1L,£2.10,£2.10 / ltr,null,fresh_food,dairy_free,2024-11-19
Alpro Soya Chilled Alternative to Single Cream 250ml,£1.25,50p / 100ml,null,fresh_food,dairy_free,2024-11-19
The Coconut Collab Natural Coconut 750g,£4.75,63p / 100g,£3.95,fresh_food,dairy_free,2024-11-19
Oatly Oatgurt Strawberry 400g,£2.40,60p / 100g,null,fresh_food,dairy_free,2024-11-19
Sainsbury's Free From Grated Cheddar Style 200g,£2.60,£13.00 / kg,£2.30,fresh_food,dairy_free,2024-11-19
Koko Unsweetened Coconut UHT 1L,£1.80,£1.80 / ltr,£1.25,fresh_food,dairy_free,2024-11-19
Gü Plant Spanish Lemon Cheesecake Dessert 2x92g,£3.95,£2.15 / 100g,£2.95,fresh_food,dairy_free,2024-11-19
Arla Jord Chilled Hemp & Oat Drink 1L,£1.90,£1.90 / ltr,null,fresh_food,dairy_free,2024-11-19
Mighty High Protein Pea Milk Alternative Unsweetened 1L,£1.90,£1.90 / ltr,null,fresh_food,dairy_free,2024-11-19
Koko Coconut UHT Drink 1L,£1.80,£1.80 / ltr,£1.25,fresh_food,dairy_free,2024-11-19
The Coconut Collab Gut Health Cultured Coconut Yog Plain 350...,£2.75,79p / 100g,null,fresh_food,dairy_free,2024-11-19
"The Coconut Collaborative Yogurt Alternative, Madagascan Van...",£2.75,79p / 100g,£1.95,fresh_food,dairy_free,2024-11-19
Cathedral City Plant Based Extra Mature Cheddar Cheese Flavo...,£3.60,£12.86 / kg,null,fresh_food,dairy_free,2024-11-19
Alpro High Protein Tropical Fruit Dairy Free Soya Yoghurt Al...,£1.50,75p / 100g,£1.25,fresh_food,dairy_free,2024-11-19
Sheese Plant Based Mozzarella Cheese Flavour Vegan Grated 20...,£2.50,£12.50 / kg,null,fresh_food,dairy_free,2024-11-19
Food Heaven Heavenly Whipped 200ml,£2.20,£1.10 / 100ml,null,fresh_food,dairy_free,2024-11-19
Mighty Gingerbread Barista Oat Milk Alternative Long Life 1L,£2.30,£2.30 / ltr,null,fresh_food,dairy_free,2024-11-19
Alpro Barista Almond Milk Long Life Dairy Alternative 1L,£2.20,£2.20 / ltr,£1.50,fresh_food,dairy_free,2024-11-19
Cathedral City Plant Based Mature Cheddar Cheese Flavour Veg...,£3.60,£12.86 / kg,null,fresh_food,dairy_free,2024-11-19
Sainsbury's Free From Original Coconut Based Alternative to ...,£2.10,£12.35 / kg,£1.80,fresh_food,dairy_free,2024-11-19
Flora Buttery Spread Alternative To Butter 250g,£1.50,£6.00 / kg,£1.00,fresh_food,dairy_free,2024-11-19
The Coconut Collab Chocolate & Cream 4x60g,£2.95,£1.23 / 100g,null,fresh_food,dairy_free,2024-11-19
Oatly Oat Drink Chocolate Deluxe Chilled 1L,£2.20,£2.20 / ltr,null,fresh_food,dairy_free,2024-11-19
The Coconut Collab Raspberry Yog 350g,£2.75,79p / 100g,£1.95,fresh_food,dairy_free,2024-11-19
Arla Jord Chilled Vanilla & Oat Drink 1L,£1.90,£1.90 / ltr,null,fresh_food,dairy_free,2024-11-19
Alpro Soya Growing Up Long Life Dairy Alternative Toddler Dr...,£1.75,£2.33 / ltr,null,fresh_food,dairy_free,2024-11-19
Philadelphia Lactose Free Soft Cheese 150g,£2.20,£14.67 / kg,£1.25,fresh_food,dairy_free,2024-11-19
Gü Plant Chocolate & Vanilla Cheesecake Dessert 2x82g,£3.95,£2.41 / 100g,£2.95,fresh_food,dairy_free,2024-11-19
Califia Farms Mocha Cold Brew Coffee with Almond 750ml,£2.95,£3.93 / ltr,£2.00,fresh_food,dairy_free,2024-11-19
Nush Dairy Free Almond Milk Yog Strawberry 350g,£3.00,86p / 100g,null,fresh_food,dairy_free,2024-11-19
Woodlands Sheep's Milk Yogurt 450g,£3.10,69p / 100g,null,fresh_food,dairy_free,2024-11-19
Cathedral City Plant Based Mature Cheddar Cheese Flavour Veg...,£2.30,£15.33 / kg,null,fresh_food,dairy_free,2024-11-19
Sainsbury's Free From Cheddar Style 200g,£2.25,£11.25 / kg,£2.00,fresh_food,dairy_free,2024-11-19
Alpro Coconut Milk Long Life Dairy Alternative 1L,£2.10,£2.10 / ltr,null,fresh_food,dairy_free,2024-11-19
Sainsbury's Sweetened Soya Drink 1L,£1.25,£1.25 / ltr,null,fresh_food,dairy_free,2024-11-19
"Califia Farms Oat Pumpkin Spice Barista Blend, Limited Editi...",£2.30,£2.30 / ltr,null,fresh_food,dairy_free,2024-11-19
Organic Oat Drink Chilled 1L,£2.20,£2.20 / ltr,null,fresh_food,dairy_free,2024-11-19
Arla Jord Oat Vanilla use as alternative to yoghurt 400g,£2.25,56p / 100g,£1.25,fresh_food,dairy_free,2024-11-19
Alpro Barista Caramel Flavour 750ml,£1.75,£2.33 / ltr,null,fresh_food,dairy_free,2024-11-19
Califia Farms Simple & Organic Almond 750ml,£2.45,£3.27 / ltr,null,fresh_food,dairy_free,2024-11-19
Koko Dairy Free Super Drink 1L,£2.30,£2.30 / ltr,null,fresh_food,dairy_free,2024-11-19
Alpro High Protein Chocolate Chilled Soya Dairy Alternative ...,£2.00,£2.67 / ltr,null,fresh_food,dairy_free,2024-11-19
Food Heaven Vegan Garlic Spreadable 125g,£1.00,£8.00 / kg,null,fresh_food,dairy_free,2024-11-19
Coconut Collaborative Mango & Passionfruit Yoghurt 360g,£2.75,76p / 100g,£1.95,fresh_food,dairy_free,2024-11-19
Arla Lactofree Whole Milk Drink 2L,£2.75,£1.38 / ltr,£2.25,fresh_food,dairy_free,2024-11-19
Oatly Oat Drink Whole Long Life 500ml,£1.20,£2.40 / ltr,null,fresh_food,dairy_free,2024-11-19
Alpro High Protein Soya Chilled Dairy Alternative Drink 750m...,£2.00,£2.67 / ltr,null,fresh_food,dairy_free,2024-11-19
Arla Lactofree Natural Yogurt 400g,£1.85,46p / 100g,null,fresh_food,dairy_free,2024-11-19
Oatly Oat Drink Semi Long Life 500ml,£1.20,£2.14 / ltr,null,fresh_food,dairy_free,2024-11-19
Arla Jord Oat Strawberry use as alternative to Yoghurt 400g,£2.25,56p / 100g,£1.25,fresh_food,dairy_free,2024-11-19
Alpro No Sugars Nutty Almond 500ml,£1.30,£2.60 / ltr,null,fresh_food,dairy_free,2024-11-19
Arla Jord Barista Nordic Oats 1L,£1.90,£1.90 / ltr,£1.50,fresh_food,dairy_free,2024-11-19
Califia Farms Extra Creamy Almond 750ml,£2.45,£3.27 / ltr,null,fresh_food,dairy_free,2024-11-19
Alpro Smooth Subtle Creamy Oat 500ml,£1.30,£2.60 / ltr,null,fresh_food,dairy_free,2024-11-19
Califia Farms Extra Creamy Oat 750ml,£2.45,£3.27 / ltr,null,fresh_food,dairy_free,2024-11-19
Califia Farms Simple & Organic Oat 750ml,£2.45,£3.27 / ltr,null,fresh_food,dairy_free,2024-11-19
Magnum Mini Vegan Classic & Almond Ice Cream Sticks x6 55 ml,£4.50,£1.36 / 100ml,£3.50,fresh_food,dairy_free,2024-11-19
Califia Farms Pumpkin Spice Cold Brew Coffee with Almond 750...,£2.95,£3.93 / ltr,null,fresh_food,dairy_free,2024-11-19
Boursin Garlic & Herbs Vegan Alternative to Cheese 150g,£3.00,£20.00 / kg,null,fresh_food,dairy_free,2024-11-19
Chocomel Plant Based 1L,£3.20,£3.20 / ltr,null,fresh_food,dairy_free,2024-11-19
Sainsbury's Oat 1L,£1.45,£1.45 / ltr,null,fresh_food,dairy_free,2024-11-19
Rude Health Oat with Calcium 1L,£2.20,£2.20 / ltr,£1.70,fresh_food,dairy_free,2024-11-19
Sainsbury's Smoked Back Bacon Rashers x10 300g,£2.25,£7.50 / kg,null,fresh_food,meat_poultry,2024-11-19
"Sainsbury's Pork Sausages, Taste the Difference x10 667g",£5.00,£7.50 / kg,null,fresh_food,meat_poultry,2024-11-19
"Sainsbury's British Pork Sausages, Taste the Difference x6 4...",£3.25,£8.13 / kg,null,fresh_food,meat_poultry,2024-11-19
Sainsbury's Unsmoked Back Bacon Rashers x10 300g,£2.25,£7.50 / kg,null,fresh_food,meat_poultry,2024-11-19
"Sainsbury's Smoked Air Dried Streaky Bacon Rashers, Taste th...",£3.50,£15.91 / kg,null,fresh_food,meat_poultry,2024-11-19
"Sainsbury's British Pork and Red Onion Sausages, Taste the D...",£3.25,£8.13 / kg,null,fresh_food,meat_poultry,2024-11-19
Sainsbury's Unsmoked Thick Cut Back Bacon Rashers x6 300g,£2.25,£7.50 / kg,£2.00,fresh_food,meat_poultry,2024-11-19
Richmond Thick Pork Sausages x8 410g,£2.50,£6.10 / kg,null,fresh_food,meat_poultry,2024-11-19
"Sainsburys British Pork Chipolata sausages, Taste the Differ...",£3.25,£8.67 / kg,null,fresh_food,meat_poultry,2024-11-19
Sainsbury's Butcher's choice British Pork Sausage x8 454g,£2.25,£4.96 / kg,null,fresh_food,meat_poultry,2024-11-19
Sainsbury's Smoked Thick Cut Back Bacon Rashers X6 300g,£2.25,£7.50 / kg,£2.00,fresh_food,meat_poultry,2024-11-19
Stamford Street Co. Smoked Back Bacon Rashers 300g,£1.45,£4.83 / kg,null,fresh_food,meat_poultry,2024-11-19
"Sainsbury's British Pork Cumberland Sausages, Taste the Diff...",£3.25,£8.13 / kg,£2.50,fresh_food,meat_poultry,2024-11-19
Sainsbury's Butcher's choice British Pork Sausage x12 681g,£3.25,£4.77 / kg,null,fresh_food,meat_poultry,2024-11-19
Sainsbury's Butcher's Choice British Pork & British Bacon Pi...,£3.25,£12.50 / kg,£2.50,fresh_food,meat_poultry,2024-11-19
Stamford Street Co. Unsmoked Back Bacon Rashers 300g,£1.45,£4.83 / kg,null,fresh_food,meat_poultry,2024-11-19
Sainsbury's Smoked Reduced Salt Back Bacon Rashers x8 250g,£1.65,£6.60 / kg,null,fresh_food,meat_poultry,2024-11-19
Sainsbury's Smoked Streaky Bacon Rashers x14 300g,£2.75,£9.17 / kg,null,fresh_food,meat_poultry,2024-11-19
Sainsbury's Unsmoked Reduced Salt Back Bacon Rashers x8 250g,£1.65,£6.60 / kg,null,fresh_food,meat_poultry,2024-11-19
Herta Frankfurter Hot Dogs x10 350g,£2.55,73p / 100g,£2.00,fresh_food,meat_poultry,2024-11-19
Sainsbury's Smoked 16 Back Bacon Rashers 2x250g,£3.50,£7.00 / kg,null,fresh_food,meat_poultry,2024-11-19
"Sainsbury's Unsmoked Air Dried Streaky Bacon Rashers, Taste ...",£3.50,£15.91 / kg,null,fresh_food,meat_poultry,2024-11-19
"Sainsbury's Smooth British Pork Chipolata sausages, Taste th...",£3.25,£8.67 / kg,null,fresh_food,meat_poultry,2024-11-19
Sainsbury's Butcher's choice Cumberland British Pork Sausage...,£2.25,£4.96 / kg,null,fresh_food,meat_poultry,2024-11-19
Heck Chicken Italia Gluten Free Chipolata Sausages x10 340g,£3.25,£9.56 / kg,null,fresh_food,meat_poultry,2024-11-19
"Sainsbury's Unsmoked Bacon Medallions, Be Good to Yourself x...",£2.50,£12.50 / kg,null,fresh_food,meat_poultry,2024-11-19
Sainsbury's Smoked Air Dried Wiltshire Cured Back Bacon Rash...,£3.50,£14.58 / kg,null,fresh_food,meat_poultry,2024-11-19
Sainsbury's Butcher's Choice British Pork Sausagemeat 400g,£2.50,£6.25 / kg,null,fresh_food,meat_poultry,2024-11-19
Sainsbury's Unsmoked Air Dried Wiltshire Cured Back Bacon Ra...,£3.50,£14.58 / kg,null,fresh_food,meat_poultry,2024-11-19
"Sainsbury's Smoked Air Dried Dry Cured Back Bacon Rashers, T...",£3.50,£15.91 / kg,£2.50,fresh_food,meat_poultry,2024-11-19
Sainsbury's Unsmoked 16 Back Bacon Rashers 2x250g,£3.50,£7.00 / kg,null,fresh_food,meat_poultry,2024-11-19
"Sainsbury's Smoked Bacon Medallions, Be Good to Yourself x8 ...",£2.50,£12.50 / kg,null,fresh_food,meat_poultry,2024-11-19
"Sainsbury's Unsmoked Air Dried Dry Cured Back Bacon Rashers,...",£3.50,£15.91 / kg,£2.50,fresh_food,meat_poultry,2024-11-19
"Sainsbury's Pigs in Blankets, Taste the Difference x10 210g",£3.50,£1.67 / 100g,null,fresh_food,meat_poultry,2024-11-19
Richmond Meat Free Vegan & Vegetarian Sausages x8 304g,£2.40,£7.89 / kg,£1.75,fresh_food,meat_poultry,2024-11-19
Sainsbury's Butcher's Choice British Pork Chipolata sausages...,£2.25,£6.62 / kg,null,fresh_food,meat_poultry,2024-11-19
Sainsbury's Unsmoked Streaky Bacon Rashers x14 300g,£2.75,£9.17 / kg,null,fresh_food,meat_poultry,2024-11-19
Richmond Thick Pork Sausages x12 615g,£3.60,£5.85 / kg,null,fresh_food,meat_poultry,2024-11-19
"Sainsbury's Cumberland British Pork Chipolata sausages, Tast...",£3.25,£8.67 / kg,null,fresh_food,meat_poultry,2024-11-19
"Sainsbury's British Pork & Apple Sausages, Taste the Differe...",£3.25,£8.13 / kg,£2.50,fresh_food,meat_poultry,2024-11-19
Heck 97% Pork Gluten Free Sausages x6 400g,£3.25,£8.13 / kg,null,fresh_food,meat_poultry,2024-11-19
Sainsbury's Lightly Dusted MSC Cod Fillets x2 255g,£3.95,£15.49 / kg,£2.95,fresh_food,meat_poultry,2024-11-19
Sainsbury's Smoked Bacon Lardons 250g,£3.25,£13.00 / kg,null,fresh_food,meat_poultry,2024-11-19
"Sainsbury's Smoked Air Dried Bacon Lardons, Taste the Differ...",£3.50,£21.88 / kg,null,fresh_food,meat_poultry,2024-11-19
The Bury Black Pudding Company Traditional Black Pudding Sli...,£1.20,£5.22 / kg,null,fresh_food,meat_poultry,2024-11-19
Heck Simply Chicken Gluten Free Chipolata Sausages x10 340g,£3.25,£9.56 / kg,null,fresh_food,meat_poultry,2024-11-19
"Sainsbury's Pork, Fresh Sage & Onion Stuffing Balls, Taste t...",£3.00,83p / 100g,null,fresh_food,meat_poultry,2024-11-19
Sainsbury's Pork Sausagemeat 500g,£2.75,55p / 100g,null,fresh_food,meat_poultry,2024-11-19
Sainsbury's Butcher's choice Cumberland British Pork Sausage...,£3.25,£4.77 / kg,£3.00,fresh_food,meat_poultry,2024-11-19
Sainsbury's British Pork Sage & Onion Stuffing Balls x12 360...,£2.50,69p / 100g,null,fresh_food,meat_poultry,2024-11-19
"Black Farmer Premium Pork Sausages, Gluten Free x6 400g",£3.50,£8.75 / kg,£3.00,fresh_food,meat_poultry,2024-11-19
Richmond Skinless Pork Sausages x12 319g,£2.60,£8.15 / kg,null,fresh_food,meat_poultry,2024-11-19
Stamford Street Co. Cooking Bacon 500g,£1.00,£2.00 / kg,null,fresh_food,meat_poultry,2024-11-19
Herta Chicken Frankfurter Hot Dogs x10 350g,£2.55,73p / 100g,£2.00,fresh_food,meat_poultry,2024-11-19
Finnebrogue Naked Unsmoked Back Bacon Rashers x6 200g,£3.50,£17.50 / kg,null,fresh_food,meat_poultry,2024-11-19
Sainsbury's Pork Cocktail Sausages x56 672g,£3.40,£5.06 / kg,null,fresh_food,meat_poultry,2024-11-19
The Jolly Hog Proper Porker Sausage x6 400g,£4.00,£10.00 / kg,£3.00,fresh_food,meat_poultry,2024-11-19
"Sainsburys Cumberland British Pork Sausages, Be Good To Your...",£2.30,£5.07 / kg,null,fresh_food,meat_poultry,2024-11-19
Finnebrogue Naked Smoked Streaky Bacon Rashers x12 200g,£3.50,£17.50 / kg,null,fresh_food,meat_poultry,2024-11-19
Richmond Thin Pork Sausages x12 340g,£2.60,£7.65 / kg,null,fresh_food,meat_poultry,2024-11-19
Cauldron Lincolnshire Vegetarian Sausages x6 276g,£2.85,£10.33 / kg,null,fresh_food,meat_poultry,2024-11-19
"Sainsbury's Lincolnshire British Pork Sausages, Taste the Di...",£3.25,£8.13 / kg,£2.50,fresh_food,meat_poultry,2024-11-19
Sainsbury's Butcher's choice Lincolnshire British Pork Sausa...,£2.25,£4.96 / kg,null,fresh_food,meat_poultry,2024-11-19
Finnebrogue Naked Unsmoked Back Bacon Rashers x6 200g,£2.75,£13.75 / kg,null,fresh_food,meat_poultry,2024-11-19
"Sainsbury's Proper Pigs in Blankets, Taste the Difference x6...",£4.25,£1.45 / 100g,null,fresh_food,meat_poultry,2024-11-19
Oakpark Smoked Lean Bacon Medallions x6 170g,£1.75,£10.29 / kg,null,fresh_food,meat_poultry,2024-11-19
Mattessons Smoked Turkey Rashers Lightly x6 150g,£2.00,£13.33 / kg,£1.75,fresh_food,meat_poultry,2024-11-19
"Sainsbury's Chorizo Style British Pork Sausages, Taste the D...",£3.25,£8.13 / kg,null,fresh_food,meat_poultry,2024-11-19
Stamford Street Co. Unsmoked Middle Bacon Rashers x6 350g,£1.50,£4.29 / kg,null,fresh_food,meat_poultry,2024-11-19
Oakpark Naturally Smoked Turkey Breast Rashers x6 150g,£1.75,£11.67 / kg,£1.50,fresh_food,meat_poultry,2024-11-19
Richmond Vegan & Vegetarian Streaky Bacon Rashers x8 120g,£2.30,£19.17 / kg,null,fresh_food,meat_poultry,2024-11-19
Herta Jumbo Frankfurter Hot Dogs x4 360g,£2.95,82p / 100g,null,fresh_food,meat_poultry,2024-11-19
Sainsbury's Smoked Air-Dried Dry Cured Thinly Sliced Pancett...,£3.50,£19.44 / kg,£2.50,fresh_food,meat_poultry,2024-11-19
Cauldron Cumberland Vegetarian Sausages x6 276g,£2.85,£10.33 / kg,null,fresh_food,meat_poultry,2024-11-19
This Isn't Pork Plant Based Sausages 270g,£3.75,£13.89 / kg,null,fresh_food,meat_poultry,2024-11-19
Finnebrogue Naked Ultimate Pork Sausage x6 400g,£3.50,£8.75 / kg,£2.75,fresh_food,meat_poultry,2024-11-19
Herta Frankfurter Hot Dogs x4 140g,£1.60,£1.14 / 100g,null,fresh_food,meat_poultry,2024-11-19
Sainsbury's Traditional Style Sicilian Inspired British Pork...,£4.25,£9.36 / kg,null,fresh_food,meat_poultry,2024-11-19
Finnebrogue Naked Smoked Back Bacon Rashers x6 200g,£3.50,£17.50 / kg,null,fresh_food,meat_poultry,2024-11-19
Oakpark Smoked Lean Bacon Lardons 130g,£1.30,£10.00 / kg,£1.00,fresh_food,meat_poultry,2024-11-19
"Sainsbury's British Pork Chipolatas, Taste the Difference x2...",£5.00,£8.00 / kg,null,fresh_food,meat_poultry,2024-11-19
The Jolly Hog Pork & Caramelised Onion Sausages x6 400g,£4.00,£10.00 / kg,null,fresh_food,meat_poultry,2024-11-19
"Sainsbury's Firecracker British Pork Sausages, Taste the Dif...",£3.25,£8.13 / kg,null,fresh_food,meat_poultry,2024-11-19
The Jolly Hog Outdoor Bred Smoked Back Bacon British Rashers...,£3.50,£17.50 / kg,£2.50,fresh_food,meat_poultry,2024-11-19
Better Naked Smoked Back Bacon Rashers x6 200g,£2.75,£13.75 / kg,null,fresh_food,meat_poultry,2024-11-19
"Sainsburys British Pork Cocktail sausages, Taste the Differe...",£3.00,£11.11 / kg,null,fresh_food,meat_poultry,2024-11-19
Sainsbury's Unsmoked Bacon Loin Steaks x2 250g,£3.50,£14.00 / kg,null,fresh_food,meat_poultry,2024-11-19
Sainsbury's Butcher's choice British Beef Sausage x8 454g,£2.25,£4.96 / kg,null,fresh_food,meat_poultry,2024-11-19
The Jolly Hog Outdoor Bred Unsmoked Back Bacon British Rashe...,£3.50,£17.50 / kg,£2.50,fresh_food,meat_poultry,2024-11-19
Tarczynski Mild & Smoky Kabanos 105g,£2.25,£2.14 / 100g,null,fresh_food,meat_poultry,2024-11-19
Mattessons Unsmoked Turkey Rashers x6 150g,£2.00,£13.33 / kg,£1.75,fresh_food,meat_poultry,2024-11-19
This Isn't Bacon Rashers 120g,£3.50,£29.17 / kg,null,fresh_food,meat_poultry,2024-11-19
Richmond Vegan & Vegetarian Back Bacon Rashers x6 120g,£2.30,£19.17 / kg,null,fresh_food,meat_poultry,2024-11-19
Simon Howie The Wee Black Pudding 200g,£1.75,£8.75 / kg,£1.50,fresh_food,meat_poultry,2024-11-19
The Vegetarian Butcher What The Cluck Vegan Chicken Chunks 1...,£3.15,£19.69 / kg,£2.50,fresh_food,meat_poultry,2024-11-19
The Jolly Hog Little Porker Chipolata Sausages x12 340g,£4.00,£11.76 / kg,£3.00,fresh_food,meat_poultry,2024-11-19
"Sainsbury's Unsmoked Air Dried Thick Cut Back Bacon Rashers,...",£4.25,£14.17 / kg,£3.25,fresh_food,meat_poultry,2024-11-19
This Isn't Pork Plant Based Caramelised Onion Sausages 270g,£3.75,£13.89 / kg,£3.15,fresh_food,meat_poultry,2024-11-19
Stamford Street Co. Pork Sausages x8 454g,£1.50,£3.30 / kg,null,fresh_food,meat_poultry,2024-11-19
Oakpark Unsmoked Lean Bacon Medallions x6 170g,£1.75,£10.29 / kg,null,fresh_food,meat_poultry,2024-11-19
Sainsbury's Caramelisd Onion Fresh British Turkey Gluten Fre...,£3.50,£7.71 / kg,null,fresh_food,meat_poultry,2024-11-19
Sainsbury's Unsmoked Bacon Lardons 2x125g,£3.25,£13.00 / kg,null,fresh_food,meat_poultry,2024-11-19
"Sainsbury's Cumberland Sausages, Taste the Difference x10 66...",£5.00,£7.50 / kg,£4.25,fresh_food,meat_poultry,2024-11-19
"Sainsbury's Thick Cut Back Bacon Rashers Air Dried Smoked, T...",£4.25,£14.17 / kg,£3.25,fresh_food,meat_poultry,2024-11-19
Porky Whites Surreys Premium British Pork Sausages x6 400g,£3.50,£8.75 / kg,null,fresh_food,meat_poultry,2024-11-19
Sainsbury's Smoked Bacon Loin Steaks x2 250g,£3.50,£14.00 / kg,null,fresh_food,meat_poultry,2024-11-19
"Sainsbury's Pork, Roast Chestnut & Thyme Stuffing Balls,Tast...",£3.00,83p / 100g,null,fresh_food,meat_poultry,2024-11-19
"Sainsbury's Toulouse Inspired Sausages, Taste the Difference...",£3.25,£8.13 / kg,£2.50,fresh_food,meat_poultry,2024-11-19
Richmond Thick Pork Sausages x6 308g,£1.50,£4.87 / kg,null,fresh_food,meat_poultry,2024-11-19
Richmond Ready Baked Pork Sausages x6 264g,£2.50,£9.47 / kg,null,fresh_food,meat_poultry,2024-11-19
"Sainsbury's Pork Sausagemeat,Taste the Difference 330g",£3.00,£9.09 / kg,null,fresh_food,meat_poultry,2024-11-19
Heck 97% Pork Gluten Free Chipolata Sausages Pack x10 340g,£3.25,£9.56 / kg,£2.50,fresh_food,meat_poultry,2024-11-19
The Jolly Hog Outdoor Bred Streaky Bacon British Smoked Rash...,£3.75,£20.83 / kg,£2.75,fresh_food,meat_poultry,2024-11-19
"Sainsbury's Smoked Air Dried Sweet Cured Back Bacon Rashers,...",£3.50,£15.91 / kg,null,fresh_food,meat_poultry,2024-11-19
Mattessons Smoked Pork Sausage Hint of Garlic 160g,£2.25,£1.41 / 100g,null,fresh_food,meat_poultry,2024-11-19
Squeaky Bean Cooking Chorizo Style Sausage 100g,£3.00,£30.00 / kg,null,fresh_food,meat_poultry,2024-11-19
Sainsbury's Wildflower Honey & Wholegrain Mustard Traditiona...,£4.25,£9.36 / kg,null,fresh_food,meat_poultry,2024-11-19
Richmond Vegan & Vegetarian Sage & Onion Sausages x8 304g,£2.40,£7.89 / kg,£1.75,fresh_food,meat_poultry,2024-11-19
Sainsbury's Pigs in Blankets x24 520g,£6.00,£11.54 / kg,null,fresh_food,meat_poultry,2024-11-19
Sainsbury's Pork Cocktail Sausages x36 510g,£3.75,£7.35 / kg,null,fresh_food,meat_poultry,2024-11-19
Macsween Haggis 400g,£2.90,£7.25 / kg,£2.50,fresh_food,meat_poultry,2024-11-19
Powters Newmarket Sausages x6 400g,£3.75,£9.38 / kg,null,fresh_food,meat_poultry,2024-11-19
This Isn't Streaky Bacon Plant Based Rashers 105g,£3.75,£35.71 / kg,£3.15,fresh_food,meat_poultry,2024-11-19
"Sainsbury's Traditional Style Old English Pork Sausages, Tas...",£4.25,£9.36 / kg,null,fresh_food,meat_poultry,2024-11-19
Sainsbury's Traditional Style Fresh Garden Herb British Pork...,£4.25,£9.36 / kg,null,fresh_food,meat_poultry,2024-11-19
Saveloy Sausage 260g,£2.00,77p / 100g,null,fresh_food,meat_poultry,2024-11-19
Peperami Vegerami Sticks 3x20g,£1.75,£87.50 / kg,null,fresh_food,meat_poultry,2024-11-19
HECK! 97% Smoky Pork Gluten Free Sausage Rashers x6 300g,£2.75,£9.17 / kg,£2.25,fresh_food,meat_poultry,2024-11-19
Denhay Dry Cured Smoked Back Bacon 200g,£3.50,£17.50 / kg,null,fresh_food,meat_poultry,2024-11-19
"Sainsbury's Truffle Flavoured Pigs in Blankets,Taste the Dif...",£4.00,£1.90 / 100g,null,fresh_food,meat_poultry,2024-11-19
"Sainsbury's Pork Chipolatas Wrapped in Bacon,Taste the Diffe...",£3.50,£1.35 / 100g,null,fresh_food,meat_poultry,2024-11-19
Oakpark Super Thin Cut American Style Bacon Rashers x16 170g,£1.99,£11.71 / kg,null,fresh_food,meat_poultry,2024-11-19
Tarczynski Classic Pork Kabanos 200g,£2.60,£1.30 / 100g,£2.00,fresh_food,meat_poultry,2024-11-19
Denhay Dry Cured Unsmoked Back Bacon 200g,£3.50,£17.50 / kg,null,fresh_food,meat_poultry,2024-11-19
The Jolly Hog Black Pudding Porker Sausages 400g,£4.00,£10.00 / kg,£3.00,fresh_food,meat_poultry,2024-11-19
G. White & Co. Porky Light Sausages x6 400g,£3.50,£8.75 / kg,null,fresh_food,meat_poultry,2024-11-19
Sainsbury's Slow Cooked Meaty British Pork Sausage Casserole...,£6.50,£12.15 / kg,null,fresh_food,meat_poultry,2024-11-19
The Jolly Hog Black Treacle Bacon British Smoked Back Rasher...,£4.50,£15.00 / kg,null,fresh_food,meat_poultry,2024-11-19
Lisner Wiejskie Herring Fillets with Onion 450g,£3.30,73p / 100g,null,fresh_food,meat_poultry,2024-11-19
Sainsbury's Festive Spiced Dry Cured Smoked Streaky Bacon Ra...,£3.50,£15.91 / kg,null,fresh_food,meat_poultry,2024-11-19
Soko?ów Sokoliki Hot Dogs 140g,£1.25,89p / 100g,null,fresh_food,meat_poultry,2024-11-19
Oakpark Unsmoked Turkey Breast Rashers x6 150g,£1.75,£11.67 / kg,£1.50,fresh_food,meat_poultry,2024-11-19
HECK! Smoky Chicken Gluten Free Sausage Rashers x6 300g,£2.75,£9.17 / kg,null,fresh_food,meat_poultry,2024-11-19
Musk's Original Pork Sausages x6 384g,£3.00,£7.81 / kg,null,fresh_food,meat_poultry,2024-11-19
Tarczynski Geesowska Sausage 300g,£3.70,£1.23 / 100g,null,fresh_food,meat_poultry,2024-11-19
Sokołów Best Selection Poultry & Pork Sausages 600g,£3.55,59p / 100g,null,fresh_food,meat_poultry,2024-11-19
Stamford Street Co. Back Bacon 1kg,£4.49,£4.49 / kg,null,fresh_food,meat_poultry,2024-11-19
Montagne Noire Dry Cured Sausage 200g,£3.50,£1.75 / 100g,null,fresh_food,meat_poultry,2024-11-19
Tarczyński Ham Frankfurters 2x110g,£2.30,£1.05 / 100g,null,fresh_food,meat_poultry,2024-11-19
"Sainsbury's Pork, Sage & Onion Stuffing Balls x24 720g",£4.50,£6.25 / kg,null,fresh_food,meat_poultry,2024-11-19
"Sainsbury's Festive Spiced Dry Cured Smoked Bacon Lardons, T...",£3.50,£21.88 / kg,null,fresh_food,meat_poultry,2024-11-19
"Sainsbury's Pork, Fresh Sage & Onion Stuffing, Taste the Dif...",£3.00,91p / 100g,null,fresh_food,meat_poultry,2024-11-19
"Sainsbury's Dry Cured Black Treacle Back Bacon Rashers, Tast...",£3.50,£15.91 / kg,null,fresh_food,meat_poultry,2024-11-19
Sokolow Cottage Sausage 280g,£3.15,£1.13 / 100g,null,fresh_food,meat_poultry,2024-11-19
Powters Skinny Pig Gluten Free Low Fat Sausages x6 400g,£3.75,£9.38 / kg,null,fresh_food,meat_poultry,2024-11-19
Sainsbury's British or Irish 5% Fat Beef Mince 500g,£3.49,£6.98 / kg,null,fresh_food,meat_poultry,2024-11-19
Sainsbury's British or Irish 5% Fat Beef Mince 750g,£4.99,£6.65 / kg,null,fresh_food,meat_poultry,2024-11-19
Sainsbury's British or Irish 20% Fat Beef Mince 500g,£2.49,£4.98 / kg,null,fresh_food,meat_poultry,2024-11-19
Deli Express Roast Cooked British Beef Slices x5 130g,£2.90,£2.23 / 100g,null,fresh_food,meat_poultry,2024-11-19
Sainsbury's British or Irish 5% Fat Beef Mince 250g,£2.19,£8.76 / kg,null,fresh_food,meat_poultry,2024-11-19
Sainsbury's British or Irish Extra Lean Diced Beef 500g,£5.24,£10.48 / kg,null,fresh_food,meat_poultry,2024-11-19
Sainsbury's British or Irish 21 Day Matured Sirloin Steak 22...,£4.50,£20.00 / kg,null,fresh_food,meat_poultry,2024-11-19
Sainsbury's British or Irish Beef Mince 1kg,£6.60,£6.60 / kg,null,fresh_food,meat_poultry,2024-11-19
Premier Deli Corned Beef Slices x9 250g,£2.01,80p / 100g,null,fresh_food,meat_poultry,2024-11-19
Sainsbury's British or Irish 21 Day Matured Slow Beef Roasti...,£14.88,£12.00 / kg,null,fresh_food,meat_poultry,2024-11-19
Premier Deli Corned Beef Slices x3 100g,£1.45,£1.45 / 100g,£1.30,fresh_food,meat_poultry,2024-11-19
Sainsbury's Quarter Pounder British Beef Burgers x4 454g,£2.75,£6.06 / kg,null,fresh_food,meat_poultry,2024-11-19
Sainsbury's British or Irish 10% Fat 12 Beef Meatballs 350g,£2.56,£7.31 / kg,null,fresh_food,meat_poultry,2024-11-19
Sainsbury's British or Irish Extra Lean Diced Beef 250g,£3.00,£12.00 / kg,null,fresh_food,meat_poultry,2024-11-19
Sainsbury's British or Irish 12% Fat Beef Mince 500g,£3.40,£6.80 / kg,null,fresh_food,meat_poultry,2024-11-19
Sainsbury's Irish Corned Beef 175g,£2.60,£1.49 / 100g,null,fresh_food,meat_poultry,2024-11-19
Sainsbury's British or Irish 21 Day Matured Rump Steak 225g,£3.38,£15.02 / kg,null,fresh_food,meat_poultry,2024-11-19
Sainsbury's Yorkshire Puddings x6 132G,£1.60,£12.12 / kg,null,fresh_food,meat_poultry,2024-11-19
Sainsbury's British Cooked Roast Beef Slices x3 85g,£2.00,£2.35 / 100g,null,fresh_food,meat_poultry,2024-11-19
Sainsbury's British or Irish Extra Lean Casserole Steak 500g,£5.00,£10.00 / kg,null,fresh_food,meat_poultry,2024-11-19
"Sainsbury's British Beef Mince 5% Fat , Taste the Difference...",£5.25,£10.50 / kg,null,fresh_food,meat_poultry,2024-11-19
Sainsbury's British or Irish 21 Day Matured Ribeye Steak 225...,£5.25,£23.33 / kg,null,fresh_food,meat_poultry,2024-11-19
"Sainsbury's Beef Meatballs, Taste the Difference 350g",£3.75,£10.71 / kg,null,fresh_food,meat_poultry,2024-11-19
Sainsbury's British or Irish 21 Day Matured Sizzler Steaks 3...,£4.00,£11.43 / kg,null,fresh_food,meat_poultry,2024-11-19
Sainsbury's Yorkshire Puddings x4 168g,£2.25,£13.39 / kg,null,fresh_food,meat_poultry,2024-11-19
Sainsbury's British or Irish 21 Day Matured Thin Cut Sirloin...,£3.25,£20.97 / kg,null,fresh_food,meat_poultry,2024-11-19
Sainsbury's British or Irish 21 Day Matured Extra Lean Beef ...,£6.00,£12.00 / kg,null,fresh_food,meat_poultry,2024-11-19
Sainsbury's Just Cook Beef Steaks with Peppercorn 370g,£5.00,£13.51 / kg,null,fresh_food,meat_poultry,2024-11-19
Richmond Meat Free Vegan & Vegetarian Sausages x8 304g,£2.40,£7.89 / kg,£1.75,fresh_food,meat_poultry,2024-11-19
Smörgåsbord The Original Swedish Meatballs 400g,£2.75,£6.88 / kg,null,fresh_food,meat_poultry,2024-11-19
"Sainsbury's 30 Days Matured British Beef Fillet Steak, Taste...",£11.05,£40.93 / kg,null,fresh_food,meat_poultry,2024-11-19
"Sainsbury's British Beef Steak Burgers, Taste the Difference...",£6.25,£9.19 / kg,null,fresh_food,meat_poultry,2024-11-19
Sainsbury's Organic British Beef Mince 12% Fat 500g,£5.25,£10.50 / kg,null,fresh_food,meat_poultry,2024-11-19
Sainsbury’s Simply Seasoned With Salt & Pepper Cooked Britis...,£3.25,£2.95 / 100g,null,fresh_food,meat_poultry,2024-11-19
Sainsbury's Lightly Seasoned Cooked British Beef Brisket Pas...,£3.25,£2.71 / 100g,£2.75,fresh_food,meat_poultry,2024-11-19
Sainsbury's British or Irish 5% Fat 12 Beef Meatballs 350g,£3.30,£9.43 / kg,null,fresh_food,meat_poultry,2024-11-19
Sainsbury's British Wafer Thin Cooked Roast Beef Slices x5 8...,£2.00,£2.35 / 100g,null,fresh_food,meat_poultry,2024-11-19
"Sainsbury's Beef Mince 12% Fat , Taste the Difference 500g",£5.00,£10.00 / kg,£4.50,fresh_food,meat_poultry,2024-11-19
"Sainsbury's British Corned Beef Slices, Taste the Difference...",£3.25,£3.25 / 100g,null,fresh_food,meat_poultry,2024-11-19
"Sainsbury's Slow Cooked Beef Bourguignon Meal Deal, Taste th...",£7.50,£13.76 / kg,null,fresh_food,meat_poultry,2024-11-19
Sainsbury's Extra Lean Diced Beef 750g,£8.25,£11.00 / kg,null,fresh_food,meat_poultry,2024-11-19
"Sainsbury's British Diced Beef, SO Organic 500g",£5.50,£11.00 / kg,null,fresh_food,meat_poultry,2024-11-19
"Sainsbury's Steak Casserole & Dumplings, Taste the Differenc...",£4.25,£10.63 / kg,null,fresh_food,meat_poultry,2024-11-19
Finnebrogue Wagyu Beef Burgers x2 340g,£4.50,£13.24 / kg,null,fresh_food,meat_poultry,2024-11-19
Sainsbury's Just Cook 21 Day Matured Beef Steaks with Black ...,£5.00,£16.67 / kg,£4.00,fresh_food,meat_poultry,2024-11-19
Sainsbury's British or Irish 10% Fat 24 Meatballs 700g,£5.00,£7.14 / kg,null,fresh_food,meat_poultry,2024-11-19
Sainsbury's 5% Fat Beef Mince 500g,£5.35,£10.70 / kg,null,fresh_food,meat_poultry,2024-11-19
"Sainsbury's Beef Ranch Steaks with Garlic Butter, Taste the ...",£6.25,£20.83 / kg,null,fresh_food,meat_poultry,2024-11-19
"Sainsbury's 30 Days Matured British Beef Sirloin Steak, Tast...",£6.00,£26.67 / kg,£5.50,fresh_food,meat_poultry,2024-11-19
Sainsbury's Yorkshire Puddings x8 240g,£2.80,£11.67 / kg,null,fresh_food,meat_poultry,2024-11-19
Rustlers the Essential Cheese Burger with our Rich Tomato Re...,£1.50,87p / 100g,£1.25,fresh_food,meat_poultry,2024-11-19
Sainsbury's British or Irish Diced Beef 500g,£5.00,£10.00 / kg,null,fresh_food,meat_poultry,2024-11-19
"Sainsbury's 30 Days Matured British Beef Roasting Joint, Tas...",£19.84,£16.00 / kg,£9.92,fresh_food,meat_poultry,2024-11-19
Sainsbury's Reduced Fat Quarter Pounder British Beef Burgers...,£3.75,£8.26 / kg,null,fresh_food,meat_poultry,2024-11-19
Sainsbury's British Cooked Beef Slices x10 115g,£1.10,96p / 100g,null,fresh_food,meat_poultry,2024-11-19
Sainsbury's British or Irish 21 Day Matured Lean Beef Roasti...,£16.12,£13.00 / kg,null,fresh_food,meat_poultry,2024-11-19
Sainsbury's Fresh British Turkey Burgers x2 227g,£2.00,£8.81 / kg,null,fresh_food,meat_poultry,2024-11-19
Sainsbury's British or Irish 10% Fat 20 Beef Mini Meatballs ...,£3.30,£9.43 / kg,null,fresh_food,meat_poultry,2024-11-19
"Sainsbury's British Beef Steak Burgers, Taste the Difference...",£3.75,£11.03 / kg,null,fresh_food,meat_poultry,2024-11-19
"Sainsbury's British Beef Shin (Approx.380g), Taste the Diffe...",£3.91,£8.50 / kg,null,fresh_food,meat_poultry,2024-11-19
Sainsbury's British or Irish Beef Skirt (Approx.450g),£4.20,£9.33 / kg,null,fresh_food,meat_poultry,2024-11-19
"Sainsbury's 30 Days Matured British Beef Ribeye Steak, Taste...",£8.25,£28.95 / kg,£7.50,fresh_food,meat_poultry,2024-11-19
"Sainsbury’s Yorkshire Pudding with British Beef Dripping, Ta...",£2.35,£12.24 / kg,null,fresh_food,meat_poultry,2024-11-19
"Sainsbury's Quarter Pounder Beef Steak Burgers, Taste the Di...",£4.25,£9.36 / kg,null,fresh_food,meat_poultry,2024-11-19
Sainsbury's Quarter Pounder British Beef Burgers x2 227g,£2.00,£8.81 / kg,null,fresh_food,meat_poultry,2024-11-19
"Sainsbury's 30 Days Matured British Beef Fillet Steak, Taste...",£7.25,£42.65 / kg,null,fresh_food,meat_poultry,2024-11-19
Sainsbury's British or Irish 21 Day Matured Beef Medallion S...,£4.75,£13.97 / kg,null,fresh_food,meat_poultry,2024-11-19
"Sainsbury's Signature Beef Rib & Brisket Burgers, Taste the ...",£3.75,£11.03 / kg,null,fresh_food,meat_poultry,2024-11-19
The Real Yorkshire Pudding Co. Toad in the Hole 350g,£2.60,£7.43 / kg,null,fresh_food,meat_poultry,2024-11-19
Sainsbury's Slow Cooked British Beef Casserole With Rich Red...,£3.25,£10.83 / kg,null,fresh_food,meat_poultry,2024-11-19
"Sainsbury's Skinny British Beef Burgers, Taste the Differenc...",£3.00,£13.22 / kg,null,fresh_food,meat_poultry,2024-11-19
Sainsbury's Beef Meatballs 500g,£3.00,£6.00 / kg,null,fresh_food,meat_poultry,2024-11-19
"Sainsbury's Slow Cooked British Beef Bourguignon, Taste the ...",£7.50,£13.76 / kg,null,fresh_food,meat_poultry,2024-11-19
"Sainsbury's British Beef Steak & Caramelised Onion Burgers, ...",£3.75,£11.03 / kg,null,fresh_food,meat_poultry,2024-11-19
Sainsbury's Corned Beef Crispbake x2 227g,£1.49,£6.56 / kg,null,fresh_food,meat_poultry,2024-11-19
Meatless Farm Plant-Based Mince 350g,£3.30,£9.43 / kg,null,fresh_food,meat_poultry,2024-11-19
Sainsbury’s British Beef Extra Thin Lightly Seasoned Smash B...,£3.75,£11.03 / kg,null,fresh_food,meat_poultry,2024-11-19
Sainsbury's British Peppered Cooked Roast Beef Slices x3 85g,£2.00,£2.35 / 100g,null,fresh_food,meat_poultry,2024-11-19
Sainsbury's British or Irish 21 Day Matured Thick Cut Rump S...,£6.50,£14.44 / kg,null,fresh_food,meat_poultry,2024-11-19
Sainsbury's British or Irish Stir Fry Beef 350g,£4.50,£12.86 / kg,null,fresh_food,meat_poultry,2024-11-19
Sainsbury's 30 Days Matured British Beef Thick Cut Ribeye St...,£11.00,£27.50 / kg,null,fresh_food,meat_poultry,2024-11-19
"Sainsbury's Beef, Horseradish Mayonnaise Sandwich",£3.15,£3.15 / ea,null,fresh_food,meat_poultry,2024-11-19
Sainsbury's Butcher's choice British Beef Sausage x8 454g,£2.25,£4.96 / kg,null,fresh_food,meat_poultry,2024-11-19
Sainsbury's 30 Days Matured British Beef Thick Cut Sirloin S...,£10.00,£25.00 / kg,null,fresh_food,meat_poultry,2024-11-19
Sainsbury's British or Irish 21 Day Matured Extra Lean Beef ...,£4.00,£13.33 / kg,null,fresh_food,meat_poultry,2024-11-19
"Sainsbury's Beef & Red Wine Gravy, Taste the Difference 450g...",£3.25,72p / 100g,null,fresh_food,meat_poultry,2024-11-19
Sainsbury's 12% Fat Beef Mince 800g,£7.25,£9.06 / kg,null,fresh_food,meat_poultry,2024-11-19
Sainsbury’s Quick Cook Extra Thin British or Irish Beef 200g,£3.00,£15.00 / kg,£2.75,fresh_food,meat_poultry,2024-11-19
Sainsbury's British or Irish 21 Day Matured Fillet Steak 170...,£6.25,£36.76 / kg,null,fresh_food,meat_poultry,2024-11-19
Highland Game Venison Meatballs 300g,£3.00,£10.00 / kg,null,fresh_food,meat_poultry,2024-11-19
"Sainsburys British Beef Steak & Vintage Cheddar Burgers, Tas...",£3.75,£11.03 / kg,null,fresh_food,meat_poultry,2024-11-19
Sainsbury's 30 Days Matured British Beef Thin Cut Sirloin St...,£4.50,£29.03 / kg,null,fresh_food,meat_poultry,2024-11-19
Sainsbury's 30 Days Matured Silverside British Beef Slow Roa...,£17.98,£14.50 / kg,null,fresh_food,meat_poultry,2024-11-19
Sainsbury's Ready to Cook Mini 30 Day Matured British Beef R...,£8.50,£15.45 / kg,£7.75,fresh_food,meat_poultry,2024-11-19
"Sainsbury's 30 Days Matured British Beef Rump Steak, Taste t...",£4.75,£21.11 / kg,£4.25,fresh_food,meat_poultry,2024-11-19
"Sainsbury's 30 Days Matured British Beef Sirloin Steak, So O...",£7.00,£31.11 / kg,null,fresh_food,meat_poultry,2024-11-19
Tariq Halal British Beef Mince 500g,£5.00,£10.00 / kg,null,fresh_food,meat_poultry,2024-11-19
"Sainsbury's British Beef Short Ribs, Taste the Difference (A...",£12.75,£8.50 / kg,null,fresh_food,meat_poultry,2024-11-19
"Sainsbury's Silverside Diced Beef, Taste the Difference 500g",£6.50,£13.00 / kg,null,fresh_food,meat_poultry,2024-11-19
Highland Game Diced Venison 300g,£4.00,£13.33 / kg,null,fresh_food,meat_poultry,2024-11-19
Sainsbury's Slow Cooked British Beef Stroganoff With A Rich ...,£6.00,£11.32 / kg,null,fresh_food,meat_poultry,2024-11-19
"Sainsbury's 30 Days Matured British Beef Ribeye Steak, So Or...",£7.75,£34.44 / kg,null,fresh_food,meat_poultry,2024-11-19
Rustlers Mini Beef Burger 101g,£1.00,99p / 100g,null,fresh_food,meat_poultry,2024-11-19
Sainsbury's 21 Day Matured British Or Irish Thick Cut Sirloi...,£8.00,£20.00 / kg,null,fresh_food,meat_poultry,2024-11-19
Sainsbury's 30 Days Matured British Beef Mini Roasting Joint...,£8.00,£16.00 / kg,null,fresh_food,meat_poultry,2024-11-19
"Sainsbury's 16 Pork, Sage & Onion Stuffing Balls 400g",£1.75,£4.38 / kg,£1.50,fresh_food,meat_poultry,2024-11-19
Sainsbury's Slow Cook Boneless Beef Ribs with BBQ Sauce 515g...,£6.25,£12.14 / kg,null,fresh_food,meat_poultry,2024-11-19
Sainsbury's Slow Cooked Texan Style BBQ British Beef Brisket...,£5.75,£14.38 / kg,null,fresh_food,meat_poultry,2024-11-19
"Sainsbury's 30 Days Matured British Beef Rump Steak, So Orga...",£6.00,£26.67 / kg,null,fresh_food,meat_poultry,2024-11-19
This Isn't Beef Plant-Based Burgers 2x113g,£3.75,£16.59 / kg,null,fresh_food,meat_poultry,2024-11-19
Sainsbury's Beef Oxtail (Approx.600g),£5.10,£8.50 / kg,null,fresh_food,meat_poultry,2024-11-19
Sainsbury's Slow Cooked British Beef Brisket Joint with Shal...,£6.50,£13.54 / kg,null,fresh_food,meat_poultry,2024-11-19
"Sainsbury's Steak Casserole & Dumplings, Taste the Differenc...",£6.75,£8.44 / kg,£5.75,fresh_food,meat_poultry,2024-11-19
Sainsbury's Ready to Cook 30 Day Matured British Beef Rump S...,£8.50,£19.32 / kg,null,fresh_food,meat_poultry,2024-11-19
"Sainsbury's 30 Days Matured British Beef Roasting Joint, So ...",£14.40,£16.00 / kg,null,fresh_food,meat_poultry,2024-11-19
Sainsbury's Wafer Thin Cooked British Salt Beef Lightly Seas...,£3.25,£2.95 / 100g,null,fresh_food,meat_poultry,2024-11-19
Sainsbury's British or Irish Beef Brisket (Approx. 1.7kg),£20.40,£12.00 / kg,null,fresh_food,meat_poultry,2024-11-19
Sainsbury's British or Irish 21 Day Matured Beef Fillet Stea...,£11.03,£36.76 / kg,null,fresh_food,meat_poultry,2024-11-19
"Sainsbury's British Beef Thick Cut Rump Steak, Taste the Dif...",£8.50,£21.25 / kg,null,fresh_food,meat_poultry,2024-11-19
Sainsbury's British or Irish 21 Day Matured Medium Fatted Be...,£11.20,2p / kg,null,fresh_food,meat_poultry,2024-11-19
Sainsbury's British or Irish 21 Day Matured Boneless Beef Ri...,£15.68,£14.00 / kg,null,fresh_food,meat_poultry,2024-11-19
Sainsbury's Chicken Meatballs 350g,£3.00,£8.57 / kg,null,fresh_food,meat_poultry,2024-11-19
Tariq Halal Halal British Beef Gourmet Beef Burger,£4.75,£10.51 / kg,null,fresh_food,meat_poultry,2024-11-19
Tariq Halal British Lean Diced Beef 500g,£5.75,£12.78 / kg,null,fresh_food,meat_poultry,2024-11-19
"Sainsbury's British Beef Thick Cut Fillet Steak, Taste the D...",£11.87,£40.93 / kg,null,fresh_food,meat_poultry,2024-11-19
Sainsbury's Ready to Cook British Beef Steaks with Red Wine ...,£5.00,£16.67 / kg,null,fresh_food,meat_poultry,2024-11-19
"Sainsbury's British Beef Rump Joint, Taste the Difference (A...",£18.60,£15.50 / kg,null,fresh_food,meat_poultry,2024-11-19
"Sainsbury's Slow Cooked British Beef Rendang, Taste the Diff...",£7.50,£13.51 / kg,null,fresh_food,meat_poultry,2024-11-19
Sainsbury’s Slow Cooked New York Deli Style Salt Beef 440g,£6.00,£13.64 / kg,null,fresh_food,meat_poultry,2024-11-19
"Sainsbury's 30 Days Matured British Beef Fillet Steak, So Or...",£8.25,£48.53 / kg,null,fresh_food,meat_poultry,2024-11-19
Sainsbury's Slow Cooked Daube of British Beef with Diane Sau...,£8.00,£14.55 / kg,null,fresh_food,meat_poultry,2024-11-19
"Sainsbury's 30 Days Matured British Beef Picanha Steak, Tast...",£5.50,£24.44 / kg,null,fresh_food,meat_poultry,2024-11-19
Finnebrogue Wagyu Beef Meatballs x12 300g,£4.50,£15.00 / kg,£3.50,fresh_food,meat_poultry,2024-11-19
Sainsbury's Sweet Chilli Beef Kebabs 360g,£4.50,£12.50 / kg,null,fresh_food,meat_poultry,2024-11-19
Sainsbury's Slow Cooked Carvery of Slow Cooked Meats 1.3kg,£25.00,£19.23 / kg,null,fresh_food,meat_poultry,2024-11-19
Sainsbury's Slow Cooked Expertly Butchered British Beef Shor...,£8.00,£14.81 / kg,null,fresh_food,meat_poultry,2024-11-19
"Sainsbury's Beef Wellington, Taste the Difference 1kg",£40.00,£40.00 / kg,null,fresh_food,meat_poultry,2024-11-19
"Sainsbury's British Beef Boneless Ribeye Joint, Taste the Di...",£45.00,£24.19 / kg,null,fresh_food,meat_poultry,2024-11-19
Sainsbury's British Fresh Chicken Breast Fillets Skinless & ...,£4.42,£6.91 / kg,null,fresh_food,meat_poultry,2024-11-19
Sainsbury's British Fresh Chicken Breast Fillets Skinless & ...,£6.49,£6.49 / kg,null,fresh_food,meat_poultry,2024-11-19
Sainsbury's British Fresh Chicken Breast Fillets Skinless & ...,£2.40,£7.50 / kg,null,fresh_food,meat_poultry,2024-11-19
Sainsbury's British Fresh Medium Whole Chicken 1.6kg,£4.95,£3.09 / kg,£4.00,fresh_food,meat_poultry,2024-11-19
Sainsbury's British Fresh Chicken Thigh Fillets Skinless & B...,£5.15,£8.05 / kg,null,fresh_food,meat_poultry,2024-11-19
Sainsbury's British Fresh Chicken Breast Mini Fillets 320g,£2.69,£8.41 / kg,null,fresh_food,meat_poultry,2024-11-19
Sainsbury's British Chicken Thigh Fillet 1kg,£5.69,£5.69 / kg,null,fresh_food,meat_poultry,2024-11-19
Stamford Street Co. Cooked Chicken Breast 240g,£1.99,83p / 100g,null,fresh_food,meat_poultry,2024-11-19
Sainsbury's Cooked Roast British Chicken Breast Fillets x2 2...,£3.50,£1.46 / 100g,null,fresh_food,meat_poultry,2024-11-19
Sainsbury's British Fresh Large Whole Chicken (approx. 2.2kg...,£6.19,£2.75 / kg,null,fresh_food,meat_poultry,2024-11-19
Sainsbury's Roast British Cooked Breast Chicken Slices 180g,£3.50,£1.94 / 100g,null,fresh_food,meat_poultry,2024-11-19
Fridge Raiders Slow Roasted Chicken Snack Bites 5x 22.5g,£2.25,£2.00 / 100g,null,fresh_food,meat_poultry,2024-11-19
Sainsbury's British Fresh Chicken Breast Mini Fillets 640g,£4.60,£7.19 / kg,null,fresh_food,meat_poultry,2024-11-19
Sainsbury's Southern Fried Breaded Fresh British Chicken Min...,£3.50,£11.48 / kg,null,fresh_food,meat_poultry,2024-11-19
Sainsbury's British Fresh Diced Chicken Breast 400g,£3.75,£9.38 / kg,null,fresh_food,meat_poultry,2024-11-19
Sainsbury's British Fresh Chicken Breast Fillets Skinless & ...,£11.99,£6.00 / kg,null,fresh_food,meat_poultry,2024-11-19
Sainsbury's British Fresh Chicken Skin on Thighs 1kg,£3.25,£3.25 / kg,null,fresh_food,meat_poultry,2024-11-19
Sainsbury's British Roast Cooked Chicken Breast Slices x7 13...,£2.00,£1.48 / 100g,null,fresh_food,meat_poultry,2024-11-19
Stamford Street Co. Tikka Style Cooked Chicken Breast 240g,£1.99,83p / 100g,null,fresh_food,meat_poultry,2024-11-19
Sainsbury's Fresh British Chicken Breast Fillet garlic Kyiv ...,£4.50,£11.54 / kg,null,fresh_food,meat_poultry,2024-11-19
Sainsbury's British Fresh Chicken Skin on Thighs 2kg,£4.80,£2.40 / kg,£4.30,fresh_food,meat_poultry,2024-11-19
"Sainsbury's Free Range British Chicken Breast Fillets, Taste...",£5.27,£17.00 / kg,null,fresh_food,meat_poultry,2024-11-19
Sainsbury's Roast Whole Cooked British Chicken 894g - 1112g,£5.80,58p / 100g,£4.50,fresh_food,meat_poultry,2024-11-19
Sainsbury's British Fresh Small Whole Chicken (approx. 1.2kg...,£3.23,£2.69 / kg,null,fresh_food,meat_poultry,2024-11-19
Sainsbury's British Fresh Chicken Thigh Fillets Skinless & B...,£2.90,£9.06 / kg,null,fresh_food,meat_poultry,2024-11-19
Sainsbury's British Cooked Chicken Breast Slices x10 115g,£1.10,96p / 100g,null,fresh_food,meat_poultry,2024-11-19
Sainsbury's British Fresh Diced Chicken Breast 640g,£4.85,£7.58 / kg,null,fresh_food,meat_poultry,2024-11-19
Sainsbury's British Fresh Skin on Chicken Legs 1kg,£2.29,£2.29 / kg,null,fresh_food,meat_poultry,2024-11-19
Sainsbury's British Fresh Chicken Wings 1kg,£1.99,£1.99 / kg,null,fresh_food,meat_poultry,2024-11-19
Sainsbury's Chargrilled British Chicken Breast Slices 180g,£3.35,£1.86 / 100g,null,fresh_food,meat_poultry,2024-11-19
"Sainsbury's Roast in the Bag Pork, Sage & Onion Stuffing Who...",£5.95,£4.25 / kg,null,fresh_food,meat_poultry,2024-11-19
"Sainsbury's Free Range British Whole Chicken, Taste the Diff...",£10.97,£6.20 / kg,null,fresh_food,meat_poultry,2024-11-19
"Sainsbury's Free Range British Chicken Breast Fillets, SO Or...",£6.82,£21.00 / kg,null,fresh_food,meat_poultry,2024-11-19
Heck Chicken Italia Gluten Free Chipolata Sausages x10 340g,£3.25,£9.56 / kg,null,fresh_food,meat_poultry,2024-11-19
Sainsbury's Fresh British Chicken Breaded Kyiv With garlic &...,£3.00,£11.54 / kg,null,fresh_food,meat_poultry,2024-11-19
Sainsbury's British Fresh Chicken Skin on Drumsticks 2kg,£3.90,£1.95 / kg,null,fresh_food,meat_poultry,2024-11-19
Sainsbury's British Wafer Thin Cooked Chicken Slices 400g,£3.00,75p / 100g,null,fresh_food,meat_poultry,2024-11-19
Sainsbury's Fresh Breaded British Chicken Steaks x4 505g,£3.60,£7.13 / kg,null,fresh_food,meat_poultry,2024-11-19
Sainsbury's Roast British Cooked Chicken Thighs 450g,£4.00,89p / 100g,£3.25,fresh_food,meat_poultry,2024-11-19
Sainsbury's Breaded Fresh British Chicken Breast Fillets x2 ...,£3.60,£10.29 / kg,null,fresh_food,meat_poultry,2024-11-19
Sainsbury's British Fresh Chicken Skin on Drumsticks 1kg,£1.99,£1.99 / kg,null,fresh_food,meat_poultry,2024-11-19
Sainsbury's Just Cook Butter Basted Chicken 500g,£5.00,£10.00 / kg,null,fresh_food,meat_poultry,2024-11-19
Sainsbury's Just Cook Hunters Chicken Breasts 430g,£4.50,£10.47 / kg,£3.00,fresh_food,meat_poultry,2024-11-19
Sainsbury's Roast Boneless Cooked British Chicken Breast x4 ...,£6.75,£1.41 / 100g,null,fresh_food,meat_poultry,2024-11-19
Sainsbury's Roast in the Bag Basted Garlic & Parsley Whole C...,£5.95,£4.10 / kg,£4.50,fresh_food,meat_poultry,2024-11-19
Fridge Raiders Southern Style Chicken Snack Bites 5x 22.5g,£2.25,£2.00 / 100g,null,fresh_food,meat_poultry,2024-11-19
"Sainsbury's Free Range British Chicken Thigh Fillets, Taste ...",£5.62,£15.60 / kg,null,fresh_food,meat_poultry,2024-11-19
Heck Simply Chicken Gluten Free Chipolata Sausages x10 340g,£3.25,£9.56 / kg,null,fresh_food,meat_poultry,2024-11-19
Sainsbury's British Fresh Chicken Skin on Thighs & Drumstick...,£1.50,£2.78 / kg,null,fresh_food,meat_poultry,2024-11-19
Sainsbury's Buttermilk British Chicken Mini Fillets 305g,£3.00,£9.84 / kg,null,fresh_food,meat_poultry,2024-11-19
Sainsbury's Cajun Spiced British Fresh Chicken Breast Grills...,£4.00,£12.12 / kg,null,fresh_food,meat_poultry,2024-11-19
"Sainsbury's Fresh British Chicken Breaded Kyiv, Taste the Di...",£5.50,£11.70 / kg,null,fresh_food,meat_poultry,2024-11-19
Sainsbury's Sweet Chilli Sliced British Chicken Breast 180g,£3.35,£1.86 / 100g,£2.50,fresh_food,meat_poultry,2024-11-19
Sainsbury's Just Cook British Chicken Breast Garlic Crown 52...,£4.15,£7.69 / kg,£3.15,fresh_food,meat_poultry,2024-11-19
Stamford Street Co. British Breaded Chicken Goujons 270g,£1.79,£6.63 / kg,null,fresh_food,meat_poultry,2024-11-19
"Sainsbury's Free Range British Chicken Thigh & Drumsticks, T...",£3.30,£5.60 / kg,null,fresh_food,meat_poultry,2024-11-19
"Sainsbury's Free Range British Chicken Breast Fillets, Taste...",£10.00,£16.95 / kg,null,fresh_food,meat_poultry,2024-11-19
"Sainsbury's British Roast Chicken & Stuffing 100g, x4 Slices...",£1.75,£1.75 / 100g,null,fresh_food,meat_poultry,2024-11-19
Sainsburys Southern fried Fresh British Chicken breast fille...,£3.75,£11.90 / kg,£3.00,fresh_food,meat_poultry,2024-11-19
Stamford Street Co. British Chicken Kyivs with Garlic Butter...,£1.83,£7.63 / kg,null,fresh_food,meat_poultry,2024-11-19
Sainsbury's Breaded Firecracker British Fresh Chicken Breast...,£3.50,£11.48 / kg,null,fresh_food,meat_poultry,2024-11-19
Sainsbury's Sweet & Smokey BBQ Sliced British Chicken Breast...,£3.35,£1.86 / 100g,null,fresh_food,meat_poultry,2024-11-19
Sainsbury's 6% Fat British Chicken Mince 500g,£3.00,£6.00 / kg,£2.50,fresh_food,meat_poultry,2024-11-19
Sainsbury's Chicken & Bacon Deli Filler 220g,£2.00,91p / 100g,null,fresh_food,meat_poultry,2024-11-19
Stamford Street Co. British Breaded Chicken Steaks x4 505g,£2.99,£5.92 / kg,null,fresh_food,meat_poultry,2024-11-19
Stamford Street Co. Hot & Spicy Cooked Chicken Breast 240g (...,£1.99,83p / 100g,null,fresh_food,meat_poultry,2024-11-19
Sainsbury's Southern Fried Chicken Steak 380g,£1.69,£4.45 / kg,null,fresh_food,meat_poultry,2024-11-19
"Sainsbury's Mango, Coconut & Chilli British Chicken Breast F...",£3.75,£11.90 / kg,null,fresh_food,meat_poultry,2024-11-19
Sainsbury's Firecracker British Chicken Breast Slices 180g,£3.35,£1.86 / 100g,null,fresh_food,meat_poultry,2024-11-19
Sainsbury's Smoked Piri Piri British Chicken Breast Sizzlers...,£4.25,£13.49 / kg,null,fresh_food,meat_poultry,2024-11-19
Sainsbury's Breaded Fresh British Chicken Goujons 270g,£3.00,£11.11 / kg,null,fresh_food,meat_poultry,2024-11-19
Sainsbury's Corn Fed Whole British Chicken (approx.1.55kg),£8.85,£5.00 / kg,null,fresh_food,meat_poultry,2024-11-19
Taste Original Chicken Satay Skewers 96g,£2.70,£2.81 / 100g,null,fresh_food,meat_poultry,2024-11-19
Sainsbury's British Fresh Chicken Livers 400g,£1.50,£3.75 / kg,null,fresh_food,meat_poultry,2024-11-19
"Sainsbury's Roast Chicken Stuffing Topped, Taste the Differe...",£3.25,£2.41 / 100g,null,fresh_food,meat_poultry,2024-11-19
Sainsbury's Chargrilled Cooked British Chicken Breast Mini F...,£3.00,£1.76 / 100g,null,fresh_food,meat_poultry,2024-11-19
Sainsbury's Chargrilled Chicken Breast Chunks 80g,£1.30,£1.63 / 100g,null,fresh_food,meat_poultry,2024-11-19
The House of Chicken Buttermilk British Chicken Breast Burge...,£3.90,£13.00 / kg,null,fresh_food,meat_poultry,2024-11-19
Sainsbury's Breaded Fresh British Chicken Goujons 540g,£4.50,£8.33 / kg,£3.75,fresh_food,meat_poultry,2024-11-19
Fridge Raiders Slow Roasted Chicken Snack Bites 3x 22.5g,£1.70,£2.52 / 100g,£1.25,fresh_food,meat_poultry,2024-11-19
Sainsbury's Roast British Cooked Chicken Drumsticks 430g,£3.50,81p / 100g,null,fresh_food,meat_poultry,2024-11-19
Taste Original Chicken Satay Skewers 200g,£4.45,£2.23 / 100g,£3.50,fresh_food,meat_poultry,2024-11-19
Sainsburys Wild Garlic British Chicken Breast Kyiv with West...,£5.50,£14.29 / kg,null,fresh_food,meat_poultry,2024-11-19
Sainsbury's Roast in the Bag Extra Tasty Chicken Crown 700g,£5.95,£8.50 / kg,£4.50,fresh_food,meat_poultry,2024-11-19
Sainsbury's Breaded Fresh British Chicken Mini Fillets 305g,£3.50,£11.48 / kg,£2.25,fresh_food,meat_poultry,2024-11-19
Sainsbury's Fresh British Turkey Burgers x2 227g,£2.00,£8.81 / kg,null,fresh_food,meat_poultry,2024-11-19
Sainsbury's Just Cook Italian Style Chicken Breasts with Tom...,£4.50,£10.84 / kg,£3.00,fresh_food,meat_poultry,2024-11-19
Sainsbury's Chargrilled British Chicken Breast Slices 360g,£5.00,£1.67 / 100g,£4.00,fresh_food,meat_poultry,2024-11-19
Sainsbury's Breaded Firecracker British Fresh Chicken Breast...,£3.90,£11.14 / kg,null,fresh_food,meat_poultry,2024-11-19
Sainsbury's Sides Breaded Chicken Pops 250g,£3.25,£13.00 / kg,null,fresh_food,meat_poultry,2024-11-19
Sainsbury's Sweet & Smoky Cooked British Chicken Drumsticks ...,£3.50,81p / 100g,null,fresh_food,meat_poultry,2024-11-19
Bernard Matthews Ham & Cheese Turkey Escalopes 285g,£2.25,£7.89 / kg,null,fresh_food,meat_poultry,2024-11-19
Sainsbury's Roast British Cooked Chicken Legs x2 300g,£3.00,£1.00 / 100g,null,fresh_food,meat_poultry,2024-11-19
Sainsbury's Just Cook Butter Basted Chicken Breast Joint 350...,£3.75,£10.71 / kg,null,fresh_food,meat_poultry,2024-11-19
Bernard Matthews Turkey Escalopes 260g,£2.25,£8.65 / kg,null,fresh_food,meat_poultry,2024-11-19
"Sainsbury's Free Range Whole Fresh British Chicken, SO Organ...",£17.35,£9.80 / kg,null,fresh_food,meat_poultry,2024-11-19
Sainsbury's Just Cook Chicken Breasts with Spinach & Ricotta...,£4.50,£12.50 / kg,null,fresh_food,meat_poultry,2024-11-19
Sainsbury's Southern Fried Breaded Fresh British Chicken gou...,£3.00,£11.11 / kg,null,fresh_food,meat_poultry,2024-11-19
Sainsbury's Cheese & Onion Crispbake x2 227g,£1.75,£7.71 / kg,null,fresh_food,meat_poultry,2024-11-19
Sainsbury’s Chargrilled Salt Chilli British Chicken Thigh ...,£2.00,£1.33 / 100g,null,fresh_food,meat_poultry,2024-11-19
Sainsbury's Sweet & Smoky BBQ Cooked British Chicken Wings 5...,£3.70,70p / 100g,null,fresh_food,meat_poultry,2024-11-19
Sainsbury's Steam Cooked British Chicken Breast Fillets x2 2...,£4.15,£1.89 / 100g,null,fresh_food,meat_poultry,2024-11-19
Sainsbury's On the Go Chicken & Bacon Caesar Wrap,£3.15,£3.15 / ea,null,fresh_food,meat_poultry,2024-11-19
Sainsburys Cajun British Chicken Grills Ready to Eat 180g,£3.20,£1.78 / 100g,null,fresh_food,meat_poultry,2024-11-19
Sainsbury's Chicken Steaks In Crispy Crumb 380g,£1.69,£4.45 / kg,null,fresh_food,meat_poultry,2024-11-19
Sainsbury's Just Cook British Chicken Breast with Cheese & L...,£4.50,£11.84 / kg,null,fresh_food,meat_poultry,2024-11-19
Sainsbury's Free From Chicken Kyivs x2 260g,£3.25,£12.50 / kg,null,fresh_food,meat_poultry,2024-11-19
Sainsbury's Just Cook Sweet Chilli British Breast Sizzlers 3...,£4.25,£13.49 / kg,null,fresh_food,meat_poultry,2024-11-19
"Sainsbury's Free Range British Chicken Thigh & Drumsticks, S...",£5.78,£8.90 / kg,null,fresh_food,meat_poultry,2024-11-19
Sainsbury's Corned Beef Crispbake x2 227g,£1.49,£6.56 / kg,null,fresh_food,meat_poultry,2024-11-19
Tariq Halal Chicken Thighs 1kg,£4.75,£4.75 / kg,null,fresh_food,meat_poultry,2024-11-19
Sainsbury's Free From Chicken Dippers 400g,£3.75,£9.38 / kg,null,fresh_food,meat_poultry,2024-11-19
Stamford Street Co. British Frozen Chicken Portions 2kg,£4.00,£2.00 / kg,null,fresh_food,meat_poultry,2024-11-19
Mr. Crumb Sage & Onion Stuffing Tray 225g,£2.50,£11.11 / kg,null,fresh_food,meat_poultry,2024-11-19
Birds Eye Chicken Nuggets with Golden Wholegrain x44 695g,£5.50,£7.91 / kg,£4.50,fresh_food,meat_poultry,2024-11-19
Sainsbury's Piri Piri Spatchcock British Chicken 1.26kg,£5.75,£4.56 / kg,null,fresh_food,meat_poultry,2024-11-19
Sainsbury's Corn Fed British Chicken Skin on Breast fillets ...,£4.72,£11.80 / kg,null,fresh_food,meat_poultry,2024-11-19
Sainsbury's Mango & Coconut British Chicken Grills 180g (Rea...,£3.25,£1.81 / 100g,null,fresh_food,meat_poultry,2024-11-19
Heck Chicken Italia Gluten Free Mince 500g,£3.00,£6.00 / kg,null,fresh_food,meat_poultry,2024-11-19
Charlie Bigham's Thai Green Curry & Fragrant Rice 805g,£9.50,£11.80 / kg,null,fresh_food,meat_poultry,2024-11-19
Fridge Raiders Southern Style Chicken Snack Bites 3x22.5g,£1.70,£2.52 / 100g,£1.25,fresh_food,meat_poultry,2024-11-19
Richmond Vegan & Vegetarian Chargrilled No Chicken Pieces 16...,£2.70,£16.36 / kg,£2.25,fresh_food,meat_poultry,2024-11-19
Fridge Raiders Variety Pack Chicken Snack Bites 7x22.5g,£2.80,£1.77 / 100g,null,fresh_food,meat_poultry,2024-11-19
Sainsbury's Sweet & Smoky BBQ Cooked British Chicken Breast ...,£3.00,£1.76 / 100g,null,fresh_food,meat_poultry,2024-11-19
Sainsbury's Tempura Battered Fresh British Chicken Mini Fill...,£3.50,£11.48 / kg,null,fresh_food,meat_poultry,2024-11-19
Sainsbury's Roast British Chicken Breast sliced 360g (Ready ...,£4.55,£1.26 / 100g,null,fresh_food,meat_poultry,2024-11-19
Sainsbury's Roast in the Bag Rotisserie Style Whole Chicken ...,£5.95,£4.10 / kg,null,fresh_food,meat_poultry,2024-11-19
Bernard Matthews Turkey Chunks 80g,£1.20,£1.50 / 100g,null,fresh_food,meat_poultry,2024-11-19
Azeem Halal Chicken Breast Fillets 1kg,£5.90,£5.90 / kg,null,fresh_food,meat_poultry,2024-11-19
Bernard Matthews Turkey Mini Kievs x13 295g,£2.25,£7.63 / kg,null,fresh_food,meat_poultry,2024-11-19
Sainsbury's Roast in the Bag Basted Whole Chicken with Lemon...,£7.50,£3.95 / kg,null,fresh_food,meat_poultry,2024-11-19
Tariq Halal Chicken Skinless Fillets 700g,£6.00,£8.57 / kg,null,fresh_food,meat_poultry,2024-11-19
La Famiglia Rana Chicken & Smoked Pancetta Fresh Tortelloni ...,£3.00,£12.00 / kg,null,fresh_food,meat_poultry,2024-11-19
Sainsbury's Garlic & Herb Cooked British Chicken Breast Slic...,£3.20,£1.78 / 100g,£2.50,fresh_food,meat_poultry,2024-11-19
Sainsbury's Smoky Breaded British Chicken Schnitzel with a H...,£4.00,£11.43 / kg,null,fresh_food,meat_poultry,2024-11-19
Sainsbury's On the Go Tomato & Basil Chicken Pasta Salad 300...,£2.95,98p / 100g,null,fresh_food,meat_poultry,2024-11-19
Sainsbury's Just Cook Teriyaki Chicken Thigh Fillets 380g,£3.75,£9.87 / kg,null,fresh_food,meat_poultry,2024-11-19
Sainsbury's British Fresh Chicken Breast Pieces In a Salt & ...,£3.00,£12.00 / kg,£2.25,fresh_food,meat_poultry,2024-11-19
"Sainsbury's Chicken Parmigiana, Taste the Difference 420g",£5.50,£13.10 / kg,null,fresh_food,meat_poultry,2024-11-19
Fridge Raiders Slow Roasted Chicken Snack Bites 70g,£1.25,£1.79 / 100g,£1.00,fresh_food,meat_poultry,2024-11-19
Sainsbury's Lime & Chilli Cooked British Chicken Mini Fillet...,£3.00,£1.76 / 100g,null,fresh_food,meat_poultry,2024-11-19
Sainsbury's Southern Fried Breaded Fresh British Chicken Ste...,£3.55,£7.10 / kg,null,fresh_food,meat_poultry,2024-11-19
Sainsbury's Breaded Firecracker British Fresh Chicken Wings ...,£2.50,£5.00 / kg,null,fresh_food,meat_poultry,2024-11-19
Sainsbury's Just Cook Butter Basted Breast Joint with Pork S...,£5.00,£10.00 / kg,null,fresh_food,meat_poultry,2024-11-19
Sainsburys Southern fried Fresh British Chicken drums & thig...,£4.50,£5.63 / kg,£3.75,fresh_food,meat_poultry,2024-11-19
Sainsbury's Breaded Chicken Goujons 1kg,£5.00,£5.00 / kg,null,fresh_food,meat_poultry,2024-11-19
Sainsbury's Tikka Sliced British Chicken Breast 160g,£3.00,£1.67 / 100g,£2.50,fresh_food,meat_poultry,2024-11-19
Taste Inc. 100% Chargrilled Chicken Fillet Original 5x35g 17...,£2.75,£1.57 / 100g,null,fresh_food,meat_poultry,2024-11-19
Sainsbury's Fresh British Chicken Breast Parmigiana with Sun...,£4.00,£10.00 / kg,null,fresh_food,meat_poultry,2024-11-19
Sainsburys Lemon & Herb British Chicken Breast Schnitzels wi...,£3.90,£11.14 / kg,null,fresh_food,meat_poultry,2024-11-19
Sainsbury's Firecracker Cooked British Chicken Wings 525g (r...,£3.70,70p / 100g,null,fresh_food,meat_poultry,2024-11-19
Sainsbury's Sweet & Smoky BBQ Chicken Breast Chunks 80g,£1.30,£1.63 / 100g,null,fresh_food,meat_poultry,2024-11-19
Sainsbury's Just Cook Chicken Breasts with Cheese & Bacon 31...,£4.50,£14.52 / kg,null,fresh_food,meat_poultry,2024-11-19
Taste Original Chicken Satay Skewers & Sweet Chilli Dip 55g,£1.50,£2.73 / 100g,null,fresh_food,meat_poultry,2024-11-19
Birds Eye Chicken Shop Sizzler Chicken Fillet Burgers x2 227...,£4.10,£18.06 / kg,null,fresh_food,meat_poultry,2024-11-19
"Sainsbury's Free Range British Chicken Thigh Fillets, SO Org...",£7.74,£21.50 / kg,null,fresh_food,meat_poultry,2024-11-19
Bernard Matthews Chicken Breast Chunks 80g,£1.20,£1.50 / 100g,null,fresh_food,meat_poultry,2024-11-19
Sainsbury's Just Cook Chicken Breasts Layered with Garlic Bu...,£4.50,£12.16 / kg,£3.75,fresh_food,meat_poultry,2024-11-19
Sainsbury's Lightly Dusted Fresh British Chicken Mini Fillet...,£3.50,£11.48 / kg,null,fresh_food,meat_poultry,2024-11-19
Sainsbury's Lemon & Herb British Chicken Breast Mini Fillets...,£3.75,£11.72 / kg,null,fresh_food,meat_poultry,2024-11-19
Sainsbury's British Sweet Chilli Chicken Thighs 700g,£4.00,£5.71 / kg,null,fresh_food,meat_poultry,2024-11-19
Sainsbury's Breaded Fresh British Chicken Nuggets 250g,£2.40,£9.60 / kg,null,fresh_food,meat_poultry,2024-11-19
Sainsbury’s Just Cook Garlic & Herb Spatchcock British chick...,£5.75,£4.80 / kg,null,fresh_food,meat_poultry,2024-11-19
Sainsbury's Free From Breaded Mini Fillets 305g,£3.50,£1.15 / 100g,null,fresh_food,meat_poultry,2024-11-19
Sainsbury's Fresh British Chicken Breaded Stars 360g,£3.00,£8.33 / kg,null,fresh_food,meat_poultry,2024-11-19
Sainsbury's Sage & Onion Cooked British Chicken Breast Slice...,£3.20,£1.78 / 100g,null,fresh_food,meat_poultry,2024-11-19
Sainsbury's Just Cook British Thigh Fillets with Sticky Chin...,£3.50,£9.21 / kg,null,fresh_food,meat_poultry,2024-11-19
Fridge Raiders Southern Style Chicken Snack Bites 70g,£1.25,£1.79 / 100g,£1.00,fresh_food,meat_poultry,2024-11-19
Moy Park Hot & Spicy Chicken Wings 750g,£3.50,47p / 100g,null,fresh_food,meat_poultry,2024-11-19
Sainsbury's Just Cook British Chicken Breast Rarebit En Crou...,£4.50,£11.25 / kg,null,fresh_food,meat_poultry,2024-11-19
Peperami Chicken Roasted Bites Snacks 50g,£1.00,£2.00 / 100g,null,fresh_food,meat_poultry,2024-11-19
Sainsbury's Tikka Cooked British Chicken Mini Fillets 170g (...,£3.00,£1.76 / 100g,null,fresh_food,meat_poultry,2024-11-19
Sainsbury's Chargrilled Shredded British Chicken Breast 160g...,£3.00,£1.88 / 100g,null,fresh_food,meat_poultry,2024-11-19
Jahan Premium Peri Peri Chicken Fillet Strips 500g,£3.80,£7.60 / kg,null,fresh_food,meat_poultry,2024-11-19
Sainsbury's Corn Fed British Chicken Breast Fillets (approx....,£8.14,£11.80 / kg,null,fresh_food,meat_poultry,2024-11-19
Sainsbury's Just Cook Duck Breast Portions with Balsamic Plu...,£5.50,£17.19 / kg,null,fresh_food,meat_poultry,2024-11-19
"Sainsbury's Free Range corn fed British Whole Chicken, Norfo...",£12.64,£8.60 / kg,null,fresh_food,meat_poultry,2024-11-19
Heck Simply Chicken Gluten Free Mince 500g,£3.00,£6.00 / kg,£2.00,fresh_food,meat_poultry,2024-11-19
Sainsbury's Ready to Cook British Chicken Casserole with Par...,£6.00,£4.38 / kg,null,fresh_food,meat_poultry,2024-11-19
Sainsbury's Ready to Cook Rotisserie Style British Chicken J...,£5.00,£10.00 / kg,£4.25,fresh_food,meat_poultry,2024-11-19
Sainsbury's Hot Buffalo Cooked British Chicken Wings 525g,£3.70,70p / 100g,null,fresh_food,meat_poultry,2024-11-19
Sainsbury's Slow Cooked Chicken Shawarma 480g,£5.25,£10.94 / kg,null,fresh_food,meat_poultry,2024-11-19
Tariq Halal Skinless Chicken Drumsticks 1kg,£4.75,£4.75 / kg,null,fresh_food,meat_poultry,2024-11-19
Wasabi Home Bento Japanese Fried Chicken 165g,£3.00,£18.18 / kg,null,fresh_food,meat_poultry,2024-11-19
Squeaky Bean Ready to Eat Chicken Style Pieces Sweet Smokey ...,£3.00,£23.08 / kg,£2.40,fresh_food,meat_poultry,2024-11-19
Sainsbury's On the Go Southern Fried Chicken Pasta Salad 300...,£2.95,98p / 100g,null,fresh_food,meat_poultry,2024-11-19
Fridge Raiders Meat Free Slow Roasted Tasty Bites 60g,£1.50,£25.00 / kg,null,fresh_food,meat_poultry,2024-11-19
"Sainsbury's Green Thai Style Chicken Curry with Sticky Rice,...",£3.50,£9.21 / kg,null,fresh_food,meat_poultry,2024-11-19
"Sainsbury's Free Range British Chicken Breast Mini Fillets, ...",£4.49,£18.70 / kg,null,fresh_food,meat_poultry,2024-11-19
Fridge Raiders Smoky BBQ Chicken Snack Bites 3x22.5g,£1.70,£2.52 / 100g,£1.25,fresh_food,meat_poultry,2024-11-19
Sainsbury's Lime & Chilli Chicken Breast Chunks 80g,£1.30,£1.63 / 100g,null,fresh_food,meat_poultry,2024-11-19
itsu Teriyaki Chicken Skewers x4 260g,£4.75,£18.27 / kg,null,fresh_food,meat_poultry,2024-11-19
Sainsbury's Lightly Seasoned Breaded British Chicken Breast ...,£3.00,£12.00 / kg,null,fresh_food,meat_poultry,2024-11-19
Sainsbury's Ready to Cook Italian Style British Chicken Arra...,£5.50,£13.10 / kg,null,fresh_food,meat_poultry,2024-11-19
Tariq Halal Fresh Chicken Leg Quarters with Tikka Glaze 1.1k...,£4.75,£4.32 / kg,null,fresh_food,meat_poultry,2024-11-19
Tariq Halal Fresh Grade A Skinless Thigh Fillet,£4.75,£7.92 / kg,£4.15,fresh_food,meat_poultry,2024-11-19
Najma Halal Mini Chicken Sausages Smoked 400g,£2.50,63p / 100g,null,fresh_food,meat_poultry,2024-11-19
Sainsbury's Piri Piri Spatchcock Chicken 1.26kg,£5.75,£4.56 / kg,null,fresh_food,meat_poultry,2024-11-19
The House of Chicken Crispy British Chicken Wings with Stick...,£3.50,£6.36 / kg,null,fresh_food,meat_poultry,2024-11-19
Sainsbury's Corn Fed British Chicken Thigh & Drumsticks (app...,£3.08,£5.60 / kg,null,fresh_food,meat_poultry,2024-11-19
Sainsbury's Chicken Meatballs 350g,£3.00,£8.57 / kg,null,fresh_food,meat_poultry,2024-11-19
Sainsburys Slow Cooked British Chicken Coq au Vin a Rich Red...,£5.50,£8.87 / kg,null,fresh_food,meat_poultry,2024-11-19
Sainsbury's Stock Brined British Chicken Breast Stuffed Crow...,£5.00,£7.58 / kg,£4.25,fresh_food,meat_poultry,2024-11-19
Sainsbury's Ready to Cook British Chicken Parmigiana with a ...,£5.50,£13.10 / kg,null,fresh_food,meat_poultry,2024-11-19
Tariq Halal Fresh Grade A Whole Chicken Without Giblets 1kg,£4.00,£4.00 / kg,null,fresh_food,meat_poultry,2024-11-19
Tariq Halal Farm Fresh Halal Chicken 2kg,£6.75,£3.38 / kg,£6.15,fresh_food,meat_poultry,2024-11-19
"Sainsbury's Free Range British Chicken Mini Fillets, SO Orga...",£8.88,£29.60 / kg,null,fresh_food,meat_poultry,2024-11-19
Taste Original Cantonese Style Chicken Kebabs with a Sweet C...,£2.75,£2.62 / 100g,null,fresh_food,meat_poultry,2024-11-19
Najma Halal Chicken Sausages Smoked 400g,£2.50,63p / 100g,£2.10,fresh_food,meat_poultry,2024-11-19
Sainsbury's Indian Spiced Cooked British Chicken Thigh Piece...,£2.45,£1.36 / 100g,null,fresh_food,meat_poultry,2024-11-19
Sainsbury's Sweet Chilli Cooked British Chicken Wings 525g,£3.70,70p / 100g,null,fresh_food,meat_poultry,2024-11-19
Taste Inc. Chargrilled Chicken Fillet Spicy 5x35g,£2.75,£1.57 / 100g,null,fresh_food,meat_poultry,2024-11-19
Sainsbury's Free Range corn fed British Chicken Breast Fille...,£7.99,£24.20 / kg,null,fresh_food,meat_poultry,2024-11-19
Sainsbury's Free Range Corn Fed British Chicken Thigh Fillet...,£5.62,£15.60 / kg,null,fresh_food,meat_poultry,2024-11-19
Sainsbury's Breaded Chicken Goujons 540g,£4.50,£8.33 / kg,null,fresh_food,meat_poultry,2024-11-19
Sainsbury's Slow Cooked Chicken Breasts 470g,£5.50,£11.70 / kg,null,fresh_food,meat_poultry,2024-11-19
Sainsbury's Ready to Cook Loaded Mexican Style British Chick...,£4.50,£11.25 / kg,null,fresh_food,meat_poultry,2024-11-19
Sainsbury's Salt & Chilli Breast Strips 250g,£3.00,£12.00 / kg,null,fresh_food,meat_poultry,2024-11-19
Fridge Raiders Slow Roasted Chicken Bites Meal Deal 45g,£1.30,£2.89 / 100g,null,fresh_food,meat_poultry,2024-11-19
Sainsbury's British Fresh Chicken Breast Mini Fillets 1Kg,£7.50,£7.50 / kg,null,fresh_food,meat_poultry,2024-11-19
Sainsbury's Slow Cook Teriyaki British Chicken Thighs 490g (...,£5.75,£11.73 / kg,null,fresh_food,meat_poultry,2024-11-19
Fridge Raiders Hot & Spicy Chicken Snack Bites 70g,£1.25,£1.79 / 100g,£1.00,fresh_food,meat_poultry,2024-11-19
Sainsbury's Breaded British Chicken Chilli Fries 300g,£3.00,£10.00 / kg,null,fresh_food,meat_poultry,2024-11-19
Kirsty's Sweet & Sour Chicken with Rice 450g,£3.75,£8.33 / kg,null,fresh_food,meat_poultry,2024-11-19
Sainsbury’s Slow Cooked Spicy Korean Style British Chicken 4...,£6.00,£13.33 / kg,null,fresh_food,meat_poultry,2024-11-19
Sainsbury's Hot Buffalo Chicken Wings 525g,£3.70,70p / 100g,null,fresh_food,meat_poultry,2024-11-19
Peperami Tikka Chicken Bites 4x25g,£2.00,£2.00 / 100g,£1.50,fresh_food,meat_poultry,2024-11-19
Fridge Raiders Poppers Cheesy Nacho Chicken Snack Bites 68g,£1.25,£1.84 / 100g,£1.00,fresh_food,meat_poultry,2024-11-19
Sainsbury's Slow Cooked British Chicken Fajita Mix 435g,£5.00,£11.49 / kg,null,fresh_food,meat_poultry,2024-11-19
Sainsbury's Fresh British Chicken Breaded Sharing Platter 64...,£6.50,£10.16 / kg,null,fresh_food,meat_poultry,2024-11-19
Taste Original Tandoori Style Chicken Kebabs with a Cool Min...,£2.75,£2.62 / 100g,null,fresh_food,meat_poultry,2024-11-19
Sainsbury's Sweet & Smoky BBQ Cooked British Chicken Wings 7...,£5.25,70p / 100g,null,fresh_food,meat_poultry,2024-11-19
Sainsbury's Slow Cook Buffalo British Chicken Wings 600g (Se...,£4.15,£6.92 / kg,null,fresh_food,meat_poultry,2024-11-19
Fridge Raiders Southern Style Chicken Bites Meal Deal 45g,£1.30,£2.89 / 100g,null,fresh_food,meat_poultry,2024-11-19
Sainsbury's Mexican Style Breaded British Chicken Mini Fille...,£3.00,£9.84 / kg,£2.25,fresh_food,meat_poultry,2024-11-19
Sainsbury's Roast British Cooked Chicken Drumsticks 750g (re...,£4.20,56p / 100g,null,fresh_food,meat_poultry,2024-11-19
Sainsbury's Stock Basted Chicken Crown 950g,£7.50,£7.89 / kg,null,fresh_food,meat_poultry,2024-11-19
"Sainsbury's Corn Fed Chicken Crown, Limited Edition, Taste t...",£13.50,£14.56 / kg,null,fresh_food,meat_poultry,2024-11-19
Taste Original Chicken Skewers & Chipotle BBQ Dip Southern F...,£1.50,£2.73 / 100g,null,fresh_food,meat_poultry,2024-11-19
"Sainsbury's British Beef Steak Burgers, Taste the Difference...",£6.25,£9.19 / kg,null,fresh_food,meat_poultry,2024-11-19
Gressingham Crispy Duck 570g,£8.00,£14.81 / kg,null,fresh_food,meat_poultry,2024-11-19
Finnebrogue Wagyu Beef Burgers x2 340g,£4.50,£13.24 / kg,null,fresh_food,meat_poultry,2024-11-19
Gressingham Deliciously Simple Whole Duck 1.8kg,£9.00,£5.00 / kg,null,fresh_food,meat_poultry,2024-11-19
Gressingham Chinese Duck Pancakes x12 115g,£1.30,£11.30 / kg,null,fresh_food,meat_poultry,2024-11-19
Gressingham Corn Fed Poussin 500g (serves 2),£4.00,£8.00 / kg,null,fresh_food,meat_poultry,2024-11-19
Sainsbury's British Duck Legs x2 480g,£5.00,£10.42 / kg,null,fresh_food,meat_poultry,2024-11-19
Gressingham Duck Breasts In Plum Sauce 400g (Serves 2),£7.40,£18.50 / kg,£6.00,fresh_food,meat_poultry,2024-11-19
Gressingham Duck Breast Portions 250g,£4.90,£19.60 / kg,null,fresh_food,meat_poultry,2024-11-19
Gressingham Spatchcock Poussin With Salt & Pepper 450g (serv...,£4.50,£10.00 / kg,null,fresh_food,meat_poultry,2024-11-19
Sainsbury's British Duck Breast Fillets x2 397g,£8.50,£21.41 / kg,£6.50,fresh_food,meat_poultry,2024-11-19
Highland Game Venison Meatballs 300g,£3.00,£10.00 / kg,null,fresh_food,meat_poultry,2024-11-19
Gressingham Duck Livers 300g,£2.00,£6.67 / kg,null,fresh_food,meat_poultry,2024-11-19
Highland Game Diced Venison 300g,£4.00,£13.33 / kg,null,fresh_food,meat_poultry,2024-11-19
Sainsbury’s Slow Cooked British Duck Legs with a Blackberry ...,£5.50,£12.50 / kg,null,fresh_food,meat_poultry,2024-11-19
The Lions Kingdom Ostrich Fillet Steak x2 250g,£5.25,£21.00 / kg,£4.75,fresh_food,meat_poultry,2024-11-19
Gressingham Duck Fat 250g,£3.00,£12.00 / kg,£2.50,fresh_food,meat_poultry,2024-11-19
Holme Farmed Venison Steaks x2 240g,£6.50,£27.08 / kg,null,fresh_food,meat_poultry,2024-11-19
Sainsbury's Just Cook Duck Breast Portions with Balsamic Plu...,£5.50,£17.19 / kg,null,fresh_food,meat_poultry,2024-11-19
Gressingham Guinea Fowl,£8.95,£8.52 / kg,£7.00,fresh_food,meat_poultry,2024-11-19
Highland Game Venison Grillsteaks 300g,£3.00,£10.00 / kg,null,fresh_food,meat_poultry,2024-11-19
Gressingham Bistro Style Duck with Port & Orange 530g,£6.50,£12.26 / kg,null,fresh_food,meat_poultry,2024-11-19
Gressingham Duck Legs with Plum Sauce 400g (Serves 2),£6.50,£16.25 / kg,null,fresh_food,meat_poultry,2024-11-19
Gressingham Bistro Duck Breasts with Red Wine & Cherry Sauce...,£7.50,£18.75 / kg,null,fresh_food,meat_poultry,2024-11-19
Gressingham Aromatic Whole Crispy Duck 1.2kg,£16.00,£13.33 / kg,£10.00,fresh_food,meat_poultry,2024-11-19
Sainsbury's British or New Zealand Whole Leg Of Lamb (Approx...,£29.40,£14.70 / kg,£14.70,fresh_food,meat_poultry,2024-11-19
Sainsbury's British or New Zealand Lamb Leg Steaks 300g,£5.75,£19.17 / kg,null,fresh_food,meat_poultry,2024-11-19
Sainsbury's Slow Cook Lamb Shanks with Mint 680g (Serves 2),£7.50,£11.03 / kg,null,fresh_food,meat_poultry,2024-11-19
Sainsbury's British or New Zealand Lamb Liver (Approx. 450g),£2.20,£5.50 / kg,null,fresh_food,meat_poultry,2024-11-19
Sainsbury's British or New Zealand Lamb Chops 340g,£6.00,£17.65 / kg,null,fresh_food,meat_poultry,2024-11-19
Sainsbury's British or New Zealand 20% Fat Lamb Mince 500g,£6.75,£13.50 / kg,null,fresh_food,meat_poultry,2024-11-19
Birds Eye Southern Fried Chicken Grills x2 180g,£2.50,£13.89 / kg,null,fresh_food,meat_poultry,2024-11-19
Sainsbury's British or New Zealand 10% Fat Lamb Mince 500g,£7.50,£15.00 / kg,£7.00,fresh_food,meat_poultry,2024-11-19
Sainsbury's British or New Zealand Lamb Rump Steaks 300g,£5.75,£19.17 / kg,null,fresh_food,meat_poultry,2024-11-19
Sainsbury's British or New Zealand Extra Lean Diced Lamb 300...,£7.00,£23.33 / kg,null,fresh_food,meat_poultry,2024-11-19
Sainsbury's British Lamb Butterflied Leg,£10.50,£15.00 / kg,null,fresh_food,meat_poultry,2024-11-19
Sainsbury's British or New Zealand Lamb Chops 170g,£3.00,£17.65 / kg,null,fresh_food,meat_poultry,2024-11-19
Sainsbury's Chinese Style Pork Loin Steaks 440g,£4.00,£9.09 / kg,null,fresh_food,meat_poultry,2024-11-19
Sainsbury's British or New Zealand 20% Fat Lamb Mince 250g,£3.95,£15.80 / kg,null,fresh_food,meat_poultry,2024-11-19
"Sainsburys Slow Cooked Lamb Shoulder with a Redcurrant, Hone...",£6.00,£15.00 / kg,null,fresh_food,meat_poultry,2024-11-19
Sainsbury's Just Cook Minted Lamb Rump Steaks 300g,£5.75,£19.17 / kg,null,fresh_food,meat_poultry,2024-11-19
Sainsbury's Just Cook Sage & Apple British Pork Loin Steaks ...,£5.00,£12.50 / kg,null,fresh_food,meat_poultry,2024-11-19
"Sainsbury's 20% Fat British Lamb Mince, SO Organic 400g",£5.75,£14.38 / kg,null,fresh_food,meat_poultry,2024-11-19
Charlie Bigham's Moussaka Meals 655g,£9.95,£15.19 / kg,null,fresh_food,meat_poultry,2024-11-19
Sainsbury's British New Zealand Lamb Neck Fillet (Approx. 26...,£5.71,£22.85 / kg,null,fresh_food,meat_poultry,2024-11-19
Sainsbury's British or New Zealand Half Leg Of Lamb (Approx....,£13.50,£15.00 / kg,null,fresh_food,meat_poultry,2024-11-19
"Sainsbury's So Organic British Lamb Steaks, approx 270g",£5.36,£19.85 / kg,null,fresh_food,meat_poultry,2024-11-19
Sainsbury's Just Cook Chinese Style British Pork Stir Fry 40...,£4.00,£10.00 / kg,null,fresh_food,meat_poultry,2024-11-19
J.James & Family New Zealand Lamb Chops 700g,£8.00,£11.43 / kg,null,fresh_food,meat_poultry,2024-11-19
Sainsbury's British or New Zealand Diced Lamb Shoulder 400g,£8.25,£20.63 / kg,null,fresh_food,meat_poultry,2024-11-19
Sainsbury's British or New Zealand Lean Lamb Leg Steaks (App...,£5.83,£22.00 / kg,null,fresh_food,meat_poultry,2024-11-19
Sainsbury's Slow Cooked British Lamb Casserole With Rich Red...,£3.50,£11.67 / kg,null,fresh_food,meat_poultry,2024-11-19
"Sainsbury's So Organic British Lamb Chops, approx 325g",£5.96,£18.35 / kg,null,fresh_food,meat_poultry,2024-11-19
Sainsbury's British or New Zealand Lamb Boneless Shoulder (A...,£11.32,£14.15 / kg,null,fresh_food,meat_poultry,2024-11-19
Sainsbury's British or New Zealand Half Lamb Shoulder (Appro...,£11.16,£12.40 / kg,null,fresh_food,meat_poultry,2024-11-19
Sainsbury's Just Cook Mini British Pork Roast 743g,£6.00,£8.08 / kg,null,fresh_food,meat_poultry,2024-11-19
Sainsbury's British or New Zealand Lamb Breast (Approx. 775g...,£6.12,£7.65 / kg,null,fresh_food,meat_poultry,2024-11-19
Sainsbury's Ready to Cook British Pork Fillet Medallions wit...,£7.00,£15.73 / kg,null,fresh_food,meat_poultry,2024-11-19
Sainsbury's New Zealand Whole Leg of Lamb 1.8 – 2.5kg,£20.00,£9.52 / kg,null,fresh_food,meat_poultry,2024-11-19
"Sainsbury's Lamb Bhuna & Saffron Pilau Rice, Taste the Diffe...",£4.25,£10.63 / kg,null,fresh_food,meat_poultry,2024-11-19
"Sainsbury's Welsh Hill Mini Shoulder Joint, Taste the Differ...",£7.00,£15.56 / kg,null,fresh_food,meat_poultry,2024-11-19
"Sainsbury's Welsh Hill Lamb Cutlets, Taste the Difference x4...",£7.05,£26.60 / kg,null,fresh_food,meat_poultry,2024-11-19
Tariq Halal Fresh Chicken Leg Quarters with Tikka Glaze 1.1k...,£4.75,£4.32 / kg,null,fresh_food,meat_poultry,2024-11-19
Sainsbury's Quick Cook Extra Thin British Lamb Steaks 200g,£3.00,£15.00 / kg,£2.75,fresh_food,meat_poultry,2024-11-19
Sainsbury's British or New Zealand Lamb Boneless Leg (Approx...,£14.25,£19.00 / kg,null,fresh_food,meat_poultry,2024-11-19
Sainsbury's British or New Zealand Thin Cut Lamb Chops 425g,£7.50,£17.65 / kg,null,fresh_food,meat_poultry,2024-11-19
Sainsbury's Ready to Cook BBQ Belly Slices with a Smoky BBQ ...,£4.00,£10.00 / kg,null,fresh_food,meat_poultry,2024-11-19
Sainsbury's British or New Zealand Lamb Shanks (Approx. 750g...,£9.10,£13.00 / kg,null,fresh_food,meat_poultry,2024-11-19
Sainsbury's Slow Cooked Shredded Lamb Shawarma 400g (serves ...,£5.50,£13.75 / kg,null,fresh_food,meat_poultry,2024-11-19
Sainsbury's British or New Zealand Lamb & Mint Kebabs 360g,£4.50,£12.50 / kg,null,fresh_food,meat_poultry,2024-11-19
"Sainsbury's Welsh Hill Lamb Rump Steaks, Taste the Differenc...",£7.35,£24.50 / kg,null,fresh_food,meat_poultry,2024-11-19
Just Cook Sage & Onion Stuffed Pork Shoulder Joint 1.1kg,£8.00,£7.27 / kg,£7.00,fresh_food,meat_poultry,2024-11-19
Sainsbury's Slow Cooked Harissa Lamb Tagine with Pomegranate...,£7.50,£15.00 / kg,null,fresh_food,meat_poultry,2024-11-19
Tariq Halal Lamb Chops 340g,£6.75,£19.85 / kg,null,fresh_food,meat_poultry,2024-11-19
"Sainsbury’s Welsh Hill Rack of Lamb, Taste The Difference 45...",£8.25,£30.00 / kg,null,fresh_food,meat_poultry,2024-11-19
Sainsbury's Lamb Whole Shoulder Joint,£21.39,£12.40 / kg,null,fresh_food,meat_poultry,2024-11-19
"Sainsbury's Welsh Hill Lamb Half Leg, Taste the Difference a...",£14.50,£14.50 / kg,null,fresh_food,meat_poultry,2024-11-19
Sainsbury's So Organic British Lamb Half Leg approx 1kg,£13.95,£15.50 / kg,null,fresh_food,meat_poultry,2024-11-19
Aunty Noray's Lamb Rashers 100g,£2.50,£2.50 / 100g,null,fresh_food,meat_poultry,2024-11-19
"Sainsbury's Ready to Cook Masala & Herb Lamb Rump Steaks, Ta...",£8.50,£19.77 / kg,null,fresh_food,meat_poultry,2024-11-19
"Sainsbury's Fat Lamb Mince, Taste the Difference 400g",£5.75,£14.38 / kg,null,fresh_food,meat_poultry,2024-11-19
"Sainsbury's Slow Cooked Massaman Lamb with Chilli Crumb, Tas...",£11.00,£14.67 / kg,null,fresh_food,meat_poultry,2024-11-19
"Sainsbury’s Welsh Hill Lamb Barnsley Chop, Taste The Differe...",£9.45,£21.00 / kg,null,fresh_food,meat_poultry,2024-11-19
Sainsbury's Boneless Rolled Lamb Shoulder with a Roast Lamb ...,£19.80,£18.00 / kg,null,fresh_food,meat_poultry,2024-11-19
Sainsbury's British or Irish 5% Fat Beef Mince 500g,£3.49,£6.98 / kg,null,fresh_food,meat_poultry,2024-11-19
Sainsbury's British or Irish 5% Fat Beef Mince 750g,£4.99,£6.65 / kg,null,fresh_food,meat_poultry,2024-11-19
Sainsbury's British or Irish 20% Fat Beef Mince 500g,£2.49,£4.98 / kg,null,fresh_food,meat_poultry,2024-11-19
Sainsbury's British or Irish 5% Fat Beef Mince 250g,£2.19,£8.76 / kg,null,fresh_food,meat_poultry,2024-11-19
Sainsbury's British or Irish Beef Mince 1kg,£6.60,£6.60 / kg,null,fresh_food,meat_poultry,2024-11-19
Sainsbury's British Pork Mince 5% Fat 500g,£2.59,£5.18 / kg,null,fresh_food,meat_poultry,2024-11-19
Sainsbury's 2% Fat Fresh British Turkey Mince 500g,£4.50,£9.00 / kg,null,fresh_food,meat_poultry,2024-11-19
Sainsbury's British or Irish 12% Fat Beef Mince 500g,£3.40,£6.80 / kg,null,fresh_food,meat_poultry,2024-11-19
"Sainsbury's British Beef Mince 5% Fat , Taste the Difference...",£5.25,£10.50 / kg,null,fresh_food,meat_poultry,2024-11-19
Sainsbury's Organic British Beef Mince 12% Fat 500g,£5.25,£10.50 / kg,null,fresh_food,meat_poultry,2024-11-19
Sainsbury's British or New Zealand 20% Fat Lamb Mince 500g,£6.75,£13.50 / kg,null,fresh_food,meat_poultry,2024-11-19
"Sainsbury's Beef Mince 12% Fat , Taste the Difference 500g",£5.00,£10.00 / kg,£4.50,fresh_food,meat_poultry,2024-11-19
Sainsbury's 7% Fat Fresh British Turkey Mince 500g,£4.00,£8.00 / kg,null,fresh_food,meat_poultry,2024-11-19
Sainsbury's Extra Lean Diced Beef 750g,£8.25,£11.00 / kg,null,fresh_food,meat_poultry,2024-11-19
Sainsbury's 7% Fat Fresh British Turkey Mince 750g,£4.75,£6.33 / kg,null,fresh_food,meat_poultry,2024-11-19
Sainsbury's 6% Fat British Chicken Mince 500g,£3.00,£6.00 / kg,£2.50,fresh_food,meat_poultry,2024-11-19
Sainsbury's British or New Zealand 10% Fat Lamb Mince 500g,£7.50,£15.00 / kg,£7.00,fresh_food,meat_poultry,2024-11-19
Sainsbury's British Pork Mince 20% Fat 500g,£2.40,£4.80 / kg,null,fresh_food,meat_poultry,2024-11-19
Sainsbury's British Pork Mince 10% Fat 500g,£2.50,£5.00 / kg,null,fresh_food,meat_poultry,2024-11-19
"Sainsbury's British Beef Shin (Approx.380g), Taste the Diffe...",£3.91,£8.50 / kg,null,fresh_food,meat_poultry,2024-11-19
"Sainsbury's 5% Fat Outdoor Bred British Pork Mince, Taste th...",£4.25,£8.50 / kg,null,fresh_food,meat_poultry,2024-11-19
Sainsbury's British or New Zealand 20% Fat Lamb Mince 250g,£3.95,£15.80 / kg,null,fresh_food,meat_poultry,2024-11-19
Sainsbury's 2% Fresh British Turkey Mince 250g,£3.00,£12.00 / kg,null,fresh_food,meat_poultry,2024-11-19
Meatless Farm Plant-Based Mince 350g,£3.30,£9.43 / kg,null,fresh_food,meat_poultry,2024-11-19
"Sainsbury's 20% Fat British Lamb Mince, SO Organic 400g",£5.75,£14.38 / kg,null,fresh_food,meat_poultry,2024-11-19
Sainsbury's British or Irish Stir Fry Beef 350g,£4.50,£12.86 / kg,null,fresh_food,meat_poultry,2024-11-19
Heck Chicken Italia Gluten Free Mince 500g,£3.00,£6.00 / kg,null,fresh_food,meat_poultry,2024-11-19
"Sainsbury's Silverside Diced Beef, Taste the Difference 500g",£6.50,£13.00 / kg,null,fresh_food,meat_poultry,2024-11-19
Sainsbury's Beef Oxtail (Approx.600g),£5.10,£8.50 / kg,null,fresh_food,meat_poultry,2024-11-19
Heck Simply Chicken Gluten Free Mince 500g,£3.00,£6.00 / kg,£2.00,fresh_food,meat_poultry,2024-11-19
Sainsbury's Chicken Meatballs 350g,£3.00,£8.57 / kg,null,fresh_food,meat_poultry,2024-11-19
Sainsbury's Smoked Back Bacon Rashers x10 300g,£2.25,£7.50 / kg,null,fresh_food,meat_poultry,2024-11-19
"Sainsbury's Pork Sausages, Taste the Difference x10 667g",£5.00,£7.50 / kg,null,fresh_food,meat_poultry,2024-11-19
Sainsbury's Unsmoked Back Bacon Rashers x10 300g,£2.25,£7.50 / kg,null,fresh_food,meat_poultry,2024-11-19
Sainsbury's British Fresh Pork Crackling Leg Joint 1kg-1.8kg,£7.75,£6.25 / kg,null,fresh_food,meat_poultry,2024-11-19
Stamford Street Co. Smoked Back Bacon Rashers 300g,£1.45,£4.83 / kg,null,fresh_food,meat_poultry,2024-11-19
Sainsbury's Butcher's Choice British Pork & British Bacon Pi...,£3.25,£12.50 / kg,£2.50,fresh_food,meat_poultry,2024-11-19
Sainsbury's British Pork Mince 5% Fat 500g,£2.59,£5.18 / kg,null,fresh_food,meat_poultry,2024-11-19
Stamford Street Co. Unsmoked Back Bacon Rashers 300g,£1.45,£4.83 / kg,null,fresh_food,meat_poultry,2024-11-19
Sainsbury's British Pork Loin Steaks x8 800g,£6.25,£7.81 / kg,null,fresh_food,meat_poultry,2024-11-19
Sainsbury's British Pork Belly Slices 500g,£4.50,£9.00 / kg,null,fresh_food,meat_poultry,2024-11-19
Sainsbury's Butcher's Choice British Pork Sausagemeat 400g,£2.50,£6.25 / kg,null,fresh_food,meat_poultry,2024-11-19
Sainsbury's Slow Cooked British Pork Ribs Smokey BBQ Sauce 6...,£6.25,£9.67 / kg,null,fresh_food,meat_poultry,2024-11-19
Just Cook Honey Gammon Joint 470g,£4.50,£9.57 / kg,£3.50,fresh_food,meat_poultry,2024-11-19
"Sainsbury's Unsmoked Gammon Joint, Be Good to Yourself 800g",£5.60,£8.00 / kg,null,fresh_food,meat_poultry,2024-11-19
"Sainsbury's Pigs in Blankets, Taste the Difference x10 210g",£3.50,£1.67 / 100g,null,fresh_food,meat_poultry,2024-11-19
"Sainsbury's Slow Cooked British Gammon Shanks with Maple, Bl...",£6.50,£9.56 / kg,null,fresh_food,meat_poultry,2024-11-19
Smörgåsbord The Original Swedish Meatballs 400g,£2.75,£6.88 / kg,null,fresh_food,meat_poultry,2024-11-19
Sainsbury's British Pork Loin Steaks x4 480g,£4.50,£9.38 / kg,£3.75,fresh_food,meat_poultry,2024-11-19
Sainsbury's Smoked Bacon Lardons 250g,£3.25,£13.00 / kg,null,fresh_food,meat_poultry,2024-11-19
"Sainsbury's Smoked Air Dried Bacon Lardons, Taste the Differ...",£3.50,£21.88 / kg,null,fresh_food,meat_poultry,2024-11-19
Stamford Street Co. Unsmoked Gammon Joint approx. 1.05kg,£4.50,£4.29 / kg,null,fresh_food,meat_poultry,2024-11-19
Sainsbury's British Pork Tenderloin Fillet (Approx. 460G),£3.21,£6.98 / kg,null,fresh_food,meat_poultry,2024-11-19
"Sainsbury's Pork, Fresh Sage & Onion Stuffing Balls, Taste t...",£3.00,83p / 100g,null,fresh_food,meat_poultry,2024-11-19
Sainsbury's Pork Sausagemeat 500g,£2.75,55p / 100g,null,fresh_food,meat_poultry,2024-11-19
Sainsburys British Pork Chops x4 700g,£5.50,£7.86 / kg,null,fresh_food,meat_poultry,2024-11-19
Sainsbury's British Pork Shoulder Joint (Approx. 1.45Kg),£4.95,£3.99 / kg,null,fresh_food,meat_poultry,2024-11-19
Sainsbury's British Pork Sage & Onion Stuffing Balls x12 360...,£2.50,69p / 100g,null,fresh_food,meat_poultry,2024-11-19
Sainsbury's Unsmoked Gammon Steaks x2 450g,£4.50,£10.00 / kg,null,fresh_food,meat_poultry,2024-11-19
Stamford Street Co. Smoked Gammon Joint approx. 1.05kg,£4.50,£4.29 / kg,null,fresh_food,meat_poultry,2024-11-19
Sainsbury's Extra Lean British Pork Stir Fry 300g,£2.50,£8.33 / kg,null,fresh_food,meat_poultry,2024-11-19
Sainsbury's Unsmoked Small British Gammon Joint approx. 800g,£5.00,£6.25 / kg,null,fresh_food,meat_poultry,2024-11-19
Sainsbury's British Pork Mince 20% Fat 500g,£2.40,£4.80 / kg,null,fresh_food,meat_poultry,2024-11-19
Sainsbury's Thick Cut British Pork Chops x2 500g,£4.75,£9.50 / kg,£4.00,fresh_food,meat_poultry,2024-11-19
Stamford Street Co. Unsmoked Gammon Steaks x2 300g,£2.39,£7.97 / kg,null,fresh_food,meat_poultry,2024-11-19
Sainsbury's British Pork Shoulder Steaks x4 600g,£4.75,£7.92 / kg,null,fresh_food,meat_poultry,2024-11-19
Sainsburys Unsmoked Medium British Gammon Joint approx. 1.4k...,£8.75,£6.25 / kg,null,fresh_food,meat_poultry,2024-11-19
Sainsbury's British Pork Mince 10% Fat 500g,£2.50,£5.00 / kg,null,fresh_food,meat_poultry,2024-11-19
Sainsbury's British Pork Loin Steaks x2 240g,£3.25,£13.54 / kg,null,fresh_food,meat_poultry,2024-11-19
Sainsbury's Slow Cooked Sweet Honey BBQ Pulled British Pork ...,£6.00,£10.54 / kg,null,fresh_food,meat_poultry,2024-11-19
"Sainsbury's Proper Pigs in Blankets, Taste the Difference x6...",£4.25,£1.45 / 100g,null,fresh_food,meat_poultry,2024-11-19
Sainsburys Smoked Medium British Gammon Joint approx. 1.4kg,£8.75,£6.25 / kg,null,fresh_food,meat_poultry,2024-11-19
Sainsbury's Smoked Gammon Steaks x2 450g,£4.50,£10.00 / kg,null,fresh_food,meat_poultry,2024-11-19
Deli Express Thick Cut British Roast Gammon Slices x4 150g,£2.75,£1.83 / 100g,null,fresh_food,meat_poultry,2024-11-19
Sainsbury's British Pork Ribs (Approx.750G),£5.89,£7.86 / kg,null,fresh_food,meat_poultry,2024-11-19
Sainsbury's Smoked Small British Gammon Joint approx. 800g,£5.00,£6.25 / kg,null,fresh_food,meat_poultry,2024-11-19
Sainsbury's Chinese Style Pork Loin Steaks 440g,£4.00,£9.09 / kg,null,fresh_food,meat_poultry,2024-11-19
Sainsbury's British Pork Loin Medallions x4 400g,£3.49,£8.73 / kg,null,fresh_food,meat_poultry,2024-11-19
Sainsbury's British 10% Fat Pork Mince 750g,£3.65,£4.87 / kg,null,fresh_food,meat_poultry,2024-11-19
Sainsbury's British Pork Boneless Crackling Loin Joint (Appr...,£9.30,£7.50 / kg,null,fresh_food,meat_poultry,2024-11-19
Sainsbury's British Large Pork Crackling Loin Joint,£13.05,£7.25 / kg,null,fresh_food,meat_poultry,2024-11-19
Sainsbury's British Pork Boneless Belly Joint (Approx. 700g),£5.07,£7.25 / kg,£4.37,fresh_food,meat_poultry,2024-11-19
"Sainsbury's British Fresh Outdoor Bred Pork Shoulder Joint, ...",£9.80,£7.00 / kg,null,fresh_food,meat_poultry,2024-11-19
Sainsbury's Just Cook Sage & Apple British Pork Loin Steaks ...,£5.00,£12.50 / kg,null,fresh_food,meat_poultry,2024-11-19
Sainsbury's Slow Cooked British Pulled Pork with Smokey BBQ ...,£6.00,£10.54 / kg,null,fresh_food,meat_poultry,2024-11-19
"Sainsbury's Firecracker British Pork Sausages, Taste the Dif...",£3.25,£8.13 / kg,null,fresh_food,meat_poultry,2024-11-19
"Sainsbury's British Fresh Outdoor Bred Pork Loin Steaks, Tas...",£5.25,£13.13 / kg,£3.50,fresh_food,meat_poultry,2024-11-19
"Sainsbury's Outdoor Bred British Pork Cutlets, Taste the Dif...",£5.50,£10.00 / kg,null,fresh_food,meat_poultry,2024-11-19
JS Muscovado & Orange Gammon Joint 1.3kg,£13.00,£10.00 / kg,null,fresh_food,meat_poultry,2024-11-19
"Sainsburys British Pork Cocktail sausages, Taste the Differe...",£3.00,£11.11 / kg,null,fresh_food,meat_poultry,2024-11-19
Sainsbury's Unsmoked Bacon Loin Steaks x2 250g,£3.50,£14.00 / kg,null,fresh_food,meat_poultry,2024-11-19
Sainsbury's British Fresh Large Pork Shoulder Joint,£8.51,£3.70 / kg,£5.68,fresh_food,meat_poultry,2024-11-19
Sainsbury's British Pork Shoulder Steaks x10 1.2kg,£8.25,£6.88 / kg,null,fresh_food,meat_poultry,2024-11-19
Sainsbury's Just Cook British Gammon Steaks Cheese & Pineapp...,£4.50,£13.04 / kg,null,fresh_food,meat_poultry,2024-11-19
Sainsbury's British Pork Shoulder Steaks x6 900g,£6.75,£7.50 / kg,null,fresh_food,meat_poultry,2024-11-19
Sainsbury's Just Cook Chinese Style British Pork Stir Fry 40...,£4.00,£10.00 / kg,null,fresh_food,meat_poultry,2024-11-19
Sainsbury's Unsmoked Bacon Lardons 2x125g,£3.25,£13.00 / kg,null,fresh_food,meat_poultry,2024-11-19
Sainsbury's Slow Cook British Pork Ribs With a Sweet Honey G...,£6.25,£9.67 / kg,null,fresh_food,meat_poultry,2024-11-19
Premier Deli Pork Breakfast Sausage Slices x10 125g,£1.00,80p / 100g,null,fresh_food,meat_poultry,2024-11-19
Sainsbury's Smoked Bacon Loin Steaks x2 250g,£3.50,£14.00 / kg,null,fresh_food,meat_poultry,2024-11-19
"Sainsbury's Outdoor Bred British Pork Belly Slices, Taste th...",£5.25,£10.50 / kg,null,fresh_food,meat_poultry,2024-11-19
Sainsbury's British Fresh Pork Liver (approx. 450g),£1.35,£3.00 / kg,null,fresh_food,meat_poultry,2024-11-19
"Sainsbury's Pork, Roast Chestnut & Thyme Stuffing Balls,Tast...",£3.00,83p / 100g,null,fresh_food,meat_poultry,2024-11-19
Sainsbury's Unsmoked Large Gammon Joint 2.3kg,£14.00,£6.09 / kg,£9.33,fresh_food,meat_poultry,2024-11-19
Sainsbury's Just Cook Apple & Blackberry British Gammon Join...,£4.75,£10.11 / kg,null,fresh_food,meat_poultry,2024-11-19
"Sainsbury's Pork Sausagemeat,Taste the Difference 330g",£3.00,£9.09 / kg,null,fresh_food,meat_poultry,2024-11-19
Sainsbury's Just Cook Mini British Pork Roast 743g,£6.00,£8.08 / kg,null,fresh_food,meat_poultry,2024-11-19
Sainsbury's Smoked Large Gammon Joint 2.3kg,£14.00,£6.09 / kg,£9.33,fresh_food,meat_poultry,2024-11-19
Sainsbury's British Extra Lean Diced Pork Leg 425g,£3.75,£8.82 / kg,null,fresh_food,meat_poultry,2024-11-19
Sainsbury’s Slow Cooked Sage & Onion British Roast Pork Shou...,£5.75,£10.55 / kg,null,fresh_food,meat_poultry,2024-11-19
"Sainsbury's 16 Pork, Sage & Onion Stuffing Balls 400g",£1.75,£4.38 / kg,£1.50,fresh_food,meat_poultry,2024-11-19
Sainsburys British Pork Meatballs x12 360g,£3.25,£9.03 / kg,null,fresh_food,meat_poultry,2024-11-19
"Sainsbury's Outdoor Bred British Pork Tenderloin Fillet, Tas...",£5.42,£15.50 / kg,null,fresh_food,meat_poultry,2024-11-19
Mattessons Smoked Pork Sausage Hint of Garlic 160g,£2.25,£1.41 / 100g,null,fresh_food,meat_poultry,2024-11-19
Peperami Chorizo 5x20g,£2.99,£2.99 / 100g,null,fresh_food,meat_poultry,2024-11-19
Sainsbury's Just Cook Seville Orange British Gammon Joint 47...,£4.75,£10.11 / kg,null,fresh_food,meat_poultry,2024-11-19
"Sainsbury's Pork & Cider Hotpot, Taste the Difference 400g (...",£4.25,£10.63 / kg,null,fresh_food,meat_poultry,2024-11-19
Sainsbury's Ready to Cook British Pork Fillet Medallions wit...,£7.00,£15.73 / kg,null,fresh_food,meat_poultry,2024-11-19
Sainsbury's Gammon Joint 600g,£4.60,£7.67 / kg,null,fresh_food,meat_poultry,2024-11-19
Sainsbury's Pigs in Blankets x24 520g,£6.00,£11.54 / kg,null,fresh_food,meat_poultry,2024-11-19
Sainsbury's Pork Cocktail Sausages x36 510g,£3.75,£7.35 / kg,null,fresh_food,meat_poultry,2024-11-19
"Sainsbury's Outdoor Bred British Pork Loin Joint, Taste the ...",£9.25,£9.25 / kg,null,fresh_food,meat_poultry,2024-11-19
Sainsbury's British Pork Small Boneless Crackling Leg Joint ...,£5.25,£7.00 / kg,null,fresh_food,meat_poultry,2024-11-19
Sainsbury's British Pork Rib Rack 500g,£4.50,£9.00 / kg,null,fresh_food,meat_poultry,2024-11-19
Sainsbury's Slow Cooked Smoky Gammon Shanks with A Blossom H...,£6.50,£12.62 / kg,null,fresh_food,meat_poultry,2024-11-19
Sainsbury's Ready to Cook BBQ Belly Slices with a Smoky BBQ ...,£4.00,£10.00 / kg,null,fresh_food,meat_poultry,2024-11-19
"Sainsbury's Truffle Flavoured Pigs in Blankets,Taste the Dif...",£4.00,£1.90 / 100g,null,fresh_food,meat_poultry,2024-11-19
Sainsbury's Slow Cooked British Pork Ribs with Spicy Firecra...,£6.25,£9.67 / kg,null,fresh_food,meat_poultry,2024-11-19
Sainsbury's Slow Cooked Outdoor Bred Hand Scored Crackling B...,£8.00,£14.29 / kg,null,fresh_food,meat_poultry,2024-11-19
"Sainsbury's Pork Chipolatas Wrapped in Bacon,Taste the Diffe...",£3.50,£1.35 / 100g,null,fresh_food,meat_poultry,2024-11-19
Bastides Petits Saucisson Secs 80G,£3.50,£4.38 / 100g,null,fresh_food,meat_poultry,2024-11-19
"Sainsbury's Dry Cured Gammon Steaks Unsmoked, Taste the Diff...",£5.25,£13.13 / kg,null,fresh_food,meat_poultry,2024-11-19
The Jolly Hog BBQ Pulled Pork 376g,£5.00,£13.30 / kg,null,fresh_food,meat_poultry,2024-11-19
Sainsbury’s Slow Cooked Hog Roast Style British Pork Shoulde...,£5.75,£11.50 / kg,null,fresh_food,meat_poultry,2024-11-19
Sainsbury's Slow Cooked Meaty British Pork Sausage Casserole...,£6.50,£12.15 / kg,null,fresh_food,meat_poultry,2024-11-19
Just Cook Sage & Onion Stuffed Pork Shoulder Joint 1.1kg,£8.00,£7.27 / kg,£7.00,fresh_food,meat_poultry,2024-11-19
Sainsbury's British Fresh Pork Kidney (approx. 400g),£1.08,£2.70 / kg,null,fresh_food,meat_poultry,2024-11-19
Sainsbury's Festive Spiced Dry Cured Smoked Streaky Bacon Ra...,£3.50,£15.91 / kg,null,fresh_food,meat_poultry,2024-11-19
"Sainsbury's Dry Cured Gammon Steaks Smoked, Taste the Differ...",£5.25,£13.13 / kg,null,fresh_food,meat_poultry,2024-11-19
Sainsbury's Slow Cooked British Pork Sweet & Spicy Ribs 450g,£4.50,£10.00 / kg,null,fresh_food,meat_poultry,2024-11-19
"Sainsbury's Maple & Marmalade Glazed Gammon Joint,Taste the ...",£17.00,£13.08 / kg,null,fresh_food,meat_poultry,2024-11-19
The Jolly Hog Thick Cut Pork Ribs 667g,£7.50,£12.04 / kg,null,fresh_food,meat_poultry,2024-11-19
"Sainsbury's Pork, Sage & Onion Stuffing Balls x24 720g",£4.50,£6.25 / kg,null,fresh_food,meat_poultry,2024-11-19
"Sainsbury's Festive Spiced Dry Cured Smoked Bacon Lardons, T...",£3.50,£21.88 / kg,null,fresh_food,meat_poultry,2024-11-19
Sainsbury's Slow Cooked Carvery of Slow Cooked Meats 1.3kg,£25.00,£19.23 / kg,null,fresh_food,meat_poultry,2024-11-19
Sainsbury's Honeycomb Gammon Joint with a Wildflower Honey G...,£17.00,£12.59 / kg,null,fresh_food,meat_poultry,2024-11-19
"Sainsbury's Pork, Fresh Sage & Onion Stuffing, Taste the Dif...",£3.00,91p / 100g,null,fresh_food,meat_poultry,2024-11-19
Tarczynski Poultry Kabanos Exclusive with Pork 2x125g,£4.50,£1.80 / 100g,null,fresh_food,meat_poultry,2024-11-19
"Sainsbury's Unsmoked Large Dry Cured Crackling Gammon Joint,...",£28.17,£12.25 / kg,null,fresh_food,meat_poultry,2024-11-19
Sokolow Best Selection Sopocka Loin 400g,£5.00,£1.25 / 100g,null,fresh_food,meat_poultry,2024-11-19
The Jolly Hog Slow Cooked Pork Cheeks 450g,£10.00,£22.22 / kg,null,fresh_food,meat_poultry,2024-11-19
Sainsbury's 2% Fat Fresh British Turkey Mince 500g,£4.50,£9.00 / kg,null,fresh_food,meat_poultry,2024-11-19
Sainsbury's 7% Fat Fresh British Turkey Mince 500g,£4.00,£8.00 / kg,null,fresh_food,meat_poultry,2024-11-19
Sainsbury's Fresh British Turkey Gluten Free Sausages x8 454...,£3.25,£7.16 / kg,null,fresh_food,meat_poultry,2024-11-19
Sainsbury's Fresh British Turkey Breast Mini Fillets 400g,£4.75,£11.88 / kg,null,fresh_food,meat_poultry,2024-11-19
Sainsbury's 7% Fat Fresh British Turkey Mince 750g,£4.75,£6.33 / kg,null,fresh_food,meat_poultry,2024-11-19
Premier Deli Roasted Turkey Breast Slices 120g,£2.40,£2.00 / 100g,null,fresh_food,meat_poultry,2024-11-19
Sainsbury's Fresh British Turkey Breast Steaks 600g,£6.00,£10.00 / kg,null,fresh_food,meat_poultry,2024-11-19
Sainsbury's Fresh British Turkey Meatballs x12 400g,£4.00,£10.00 / kg,£3.70,fresh_food,meat_poultry,2024-11-19
Sainsbury's Fresh British Turkey Burgers x2 227g,£2.00,£8.81 / kg,null,fresh_food,meat_poultry,2024-11-19
Sainsbury's Fresh British Turkey Breast Fillet Portions 250g,£3.00,£12.00 / kg,null,fresh_food,meat_poultry,2024-11-19
Mattessons Smoked Turkey Rashers Lightly x6 150g,£2.00,£13.33 / kg,£1.75,fresh_food,meat_poultry,2024-11-19
Oakpark Naturally Smoked Turkey Breast Rashers x6 150g,£1.75,£11.67 / kg,£1.50,fresh_food,meat_poultry,2024-11-19
Sainsbury's Fresh British Turkey Thigh Joint 750g,£4.00,£5.33 / kg,£3.50,fresh_food,meat_poultry,2024-11-19
Sainsbury's 2% Fresh British Turkey Mince 250g,£3.00,£12.00 / kg,null,fresh_food,meat_poultry,2024-11-19
Sainsbury's Just Cook Buttermilk Basted British Turkey Breas...,£8.00,£17.02 / kg,null,fresh_food,meat_poultry,2024-11-19
Sainsbury's Quick Cook Fresh British Turkey Steaks x4 400g,£5.25,£13.13 / kg,null,fresh_food,meat_poultry,2024-11-19
Mattessons Unsmoked Turkey Rashers x6 150g,£2.00,£13.33 / kg,£1.75,fresh_food,meat_poultry,2024-11-19
Bernard Matthews Turkey Chunks 80g,£1.20,£1.50 / 100g,null,fresh_food,meat_poultry,2024-11-19
Sainsbury's Large Fresh British Whole Turkey 6-7.99kg,£28.00,£4.00 / kg,null,fresh_food,meat_poultry,2024-11-19
Sainsbury's Caramelisd Onion Fresh British Turkey Gluten Fre...,£3.50,£7.71 / kg,null,fresh_food,meat_poultry,2024-11-19
Sainsbury's Fresh British Turkey Drumstick 800g-1.2kg,£3.70,£3.70 / kg,null,fresh_food,meat_poultry,2024-11-19
Sainsbury's Small Fresh British Whole Turkey 2-3.99kg,£12.00,£4.00 / kg,null,fresh_food,meat_poultry,2024-11-19
Sainsbury's Medium Fresh British Whole Turkey 4-5.99kg,£20.00,£4.00 / kg,null,fresh_food,meat_poultry,2024-11-19
Sainsbury's Fresh British Turkey Breast Joint Basted in Stoc...,£25.00,£31.25 / kg,null,fresh_food,meat_poultry,2024-11-19
Sainsbury's British Turkey Breast Parcels Wrapped in Oak Smo...,£9.00,£20.41 / kg,null,fresh_food,meat_poultry,2024-11-19
Sainsbury's Medium Fresh Free Range British Bronze Turkey Cr...,£52.33,£17.50 / kg,null,fresh_food,meat_poultry,2024-11-19
Sainsbury's Medium Fresh Free Range British Bronze Whole Tur...,£45.00,£9.00 / kg,null,fresh_food,meat_poultry,2024-11-19
Sainsbury's Just Cook British Turkey Steaks with Lemon & Her...,£3.75,£13.02 / kg,null,fresh_food,meat_poultry,2024-11-19
Sainsbury's Small Fresh Free Range British Bronze Whole Turk...,£27.00,£9.00 / kg,null,fresh_food,meat_poultry,2024-11-19
Sainsbury's Large Fresh Free Range British Bronze Whole Turk...,£58.41,£9.00 / kg,null,fresh_food,meat_poultry,2024-11-19
Oakpark Naturally Smoked Turkey Lardons 150g,£1.75,£11.67 / kg,null,fresh_food,meat_poultry,2024-11-19
"Sainsbury's Fresh British Turkey Breast Joint with Pork, Fes...",£22.00,£15.71 / kg,null,fresh_food,meat_poultry,2024-11-19
Sainsbury's Slow Cooked British Turkey Crown with Streaky Ba...,£45.00,£18.75 / kg,null,fresh_food,meat_poultry,2024-11-19
Sainsbury's Slow Cooked Bacon Topped British Turkey Stuffed ...,£25.00,£18.66 / kg,null,fresh_food,meat_poultry,2024-11-19
Sainsbury's Small Fresh Organic Free Range British Bronze Tu...,£54.00,£27.00 / kg,null,fresh_food,meat_poultry,2024-11-19
Oakpark Unsmoked Turkey Breast Rashers x6 150g,£1.75,£11.67 / kg,£1.50,fresh_food,meat_poultry,2024-11-19
Sainsbury's Medium Fresh Free Range British Norfolk Black Tu...,£74.75,£25.00 / kg,null,fresh_food,meat_poultry,2024-11-19
Sainsbury's Medium Fresh Free Range British Norfolk Black Wh...,£85.00,£17.00 / kg,null,fresh_food,meat_poultry,2024-11-19
Sainsbury's Slow Cooked Carvery of Slow Cooked Meats 1.3kg,£25.00,£19.23 / kg,null,fresh_food,meat_poultry,2024-11-19
Sainsbury's Small Fresh Free Range British Norfolk Black Who...,£51.00,£17.00 / kg,null,fresh_food,meat_poultry,2024-11-19
Sainsbury's Small Fresh Organic Free Range British Bronze Tu...,£52.00,£16.00 / kg,null,fresh_food,meat_poultry,2024-11-19
Sainsbury's Medium Fresh Organic Free Range British Bronze W...,£80.00,£16.00 / kg,null,fresh_food,meat_poultry,2024-11-19
Sainsbury's Skin on ASC Scottish Salmon Fillets x2 240g,£4.75,£19.79 / kg,null,fresh_food,seafood,2024-11-19
Harbour Smokehouse Smoked Salmon 100g,£2.49,£2.49 / 100g,null,fresh_food,seafood,2024-11-19
Sainsbury's ASC Scottish Mild Smoked Salmon 100g (Ready to E...,£3.75,£3.75 / 100g,£3.00,fresh_food,seafood,2024-11-19
Sainsbury's British Smoked Mackerel Fillets 140g,£2.10,£1.50 / 100g,null,fresh_food,seafood,2024-11-19
Sainsbury's Skin on ASC Scottish Salmon Fillets x4 480g,£9.25,£19.27 / kg,null,fresh_food,seafood,2024-11-19
Sainsbury's Large King Prawns ASC 150g,£3.50,£2.33 / 100g,null,fresh_food,seafood,2024-11-19
Sainsbury's Sea Bass Fillets ASC 180g,£4.25,£23.61 / kg,£2.95,fresh_food,seafood,2024-11-19
Sainsbury's Skinless ASC Scottish Salmon Fillets x2 220g,£5.25,£23.86 / kg,null,fresh_food,seafood,2024-11-19
"Sainsbury's British Smoked Boneless Mackerel, Taste the Diff...",£3.79,£2.30 / 100g,null,fresh_food,seafood,2024-11-19
"Sainsbury's MSC Cod Loins, Taste the Difference 260g",£5.50,£21.15 / kg,null,fresh_food,seafood,2024-11-19
"Sainsbury's ASC Oak Smoked Scottish Salmon, Taste the Differ...",£4.75,£4.75 / 100g,null,fresh_food,seafood,2024-11-19
Sainsbury's Fishcakes Melting Middle MSC Cod & Parsley Sauce...,£3.00,£10.34 / kg,null,fresh_food,seafood,2024-11-19
Sainsbury's Lightly Dusted MSC Haddock Fillets x2 255g,£3.95,£15.49 / kg,null,fresh_food,seafood,2024-11-19
Sainsbury's Fishcakes Melting Middle Smoked MSC Haddock with...,£3.00,£10.34 / kg,£2.50,fresh_food,seafood,2024-11-19
Sainsbury's MSC Seafood Sticks x16 250g,£1.25,50p / 100g,83p,fresh_food,seafood,2024-11-19
"Sainsbury's Large King Prawns ASC, Taste the Difference 150g",£4.25,£2.83 / 100g,£2.83,fresh_food,seafood,2024-11-19
Sainsbury's MSC Cod Fillets Boneless & Skinless 250g,£4.95,£19.80 / kg,£4.50,fresh_food,seafood,2024-11-19
Sainsbury's Sweet Chilli ASC Scottish Salmon Portions x2 180...,£5.50,£3.06 / 100g,£4.95,fresh_food,seafood,2024-11-19
Sainsbury's Smoked Mackerel Pate 100g,£1.50,£1.50 / 100g,null,fresh_food,seafood,2024-11-19
Sainsbury's Fishcakes Scottish Salmon x2 270g,£1.80,£6.67 / kg,null,fresh_food,seafood,2024-11-19
"Sainsburys ASC Scottish Hickory Wood Smoked Salmon, Taste th...",£4.75,£4.75 / 100g,null,fresh_food,seafood,2024-11-19
Sainsbury's Peeled Coldwater Prawns MSC 150g,£2.95,£1.97 / 100g,£1.97,fresh_food,seafood,2024-11-19
Sainsbury's Scottish Smoked Salmon Trimmings 100g (Ready to ...,£2.25,£2.25 / 100g,null,fresh_food,seafood,2024-11-19
Sainsbury's Sweet Chilli Scottish Salmon & ASC King Prawn Fi...,£3.00,£10.34 / kg,null,fresh_food,seafood,2024-11-19
Sainsbury's Salmon Pate 100g,£1.50,£1.50 / 100g,null,fresh_food,seafood,2024-11-19
Sainsbury's Lightly Dusted MSC Cod Fillets x2 255g,£3.95,£15.49 / kg,£2.95,fresh_food,seafood,2024-11-19
Stamford Street Co. ASC Cooked King Prawns 140g,£2.23,£1.59 / 100g,null,fresh_food,seafood,2024-11-19
Stamford Street Co. ASC Salmon Fillets x2 240g,£3.89,£16.21 / kg,null,fresh_food,seafood,2024-11-19
Sainsbury's MSC Cod Fishcakes x2 270g,£1.80,£6.67 / kg,null,fresh_food,seafood,2024-11-19
Sainsbury's Coldwater Prawn Cocktail MSC 170g,£2.50,£1.47 / 100g,£1.67,fresh_food,seafood,2024-11-19
"Sainsbury's Beer Battered MSC Cod Fillets, Taste the Differe...",£4.95,£12.86 / kg,null,fresh_food,seafood,2024-11-19
"Sainsbury's Scottish Salmon, Spinach & Cheddar En Croute, Ta...",£6.50,£17.11 / kg,null,fresh_food,seafood,2024-11-19
Sainsbury's Skin on & Boneless Smoked MSC Haddock Fillets 24...,£4.95,£20.63 / kg,null,fresh_food,seafood,2024-11-19
"Sainsbury’s Breaded Chunky MSC Cod Loins, Taste the Differen...",£4.75,£13.57 / kg,null,fresh_food,seafood,2024-11-19
"Sainsbury's Loch Trout Fillets, Taste the Difference x2 240g",£5.25,£21.88 / kg,null,fresh_food,seafood,2024-11-19
Sainsbury's Raw King Prawns ASC 165g,£3.50,£21.21 / kg,null,fresh_food,seafood,2024-11-19
Sainsbury’s Sea Bass Fillets ASC x4 360g,£7.50,£20.83 / kg,null,fresh_food,seafood,2024-11-19
Wild Fish Discovery MSC Sockeye Salmon x2 230g,£8.00,£34.78 / kg,null,fresh_food,seafood,2024-11-19
Russell's Skin on & Boneless Salmon Fillets x4,£10.00,£20.83 / kg,£7.50,fresh_food,seafood,2024-11-19
Whitby Seafoods Wholetail Scampi 200g,£3.75,£18.75 / kg,null,fresh_food,seafood,2024-11-19
Sainsbury's Skin on ASC Scottish Salmon Fillet 600g,£12.50,£20.83 / kg,£9.95,fresh_food,seafood,2024-11-19
Sainsbury's MSC Haddock Fishcakes x2 270g,£1.80,£6.67 / kg,null,fresh_food,seafood,2024-11-19
Sainsbury's Large King Prawns ASC 300g,£6.75,£2.25 / 100g,null,fresh_food,seafood,2024-11-19
"Sainsbury’s Scottish Salmon Fishcakes With Chilli & Ginger, ...",£3.00,£10.34 / kg,£2.50,fresh_food,seafood,2024-11-19
Sainsbury's Skin on ASC lightly Smoked Scottish Salmon Fille...,£6.75,£28.13 / kg,£5.95,fresh_food,seafood,2024-11-19
Sainsbury's Fish Pie Mix 300g,£4.50,£15.00 / kg,null,fresh_food,seafood,2024-11-19
Sainsbury’s Lightly Dusted Basa fillets ASC x2 265g,£3.00,£11.32 / kg,null,fresh_food,seafood,2024-11-19
Sainsbury's Honey Roast ASC Scottish Salmon Flakes 80g (Read...,£3.50,£4.38 / 100g,null,fresh_food,seafood,2024-11-19
Stamford Street Co. MSC Seafood Sticks x16 250g,99p,40p / 100g,null,fresh_food,seafood,2024-11-19
Sainsbury's MSC Ready to Cook Cod Mornay 380g,£4.95,£13.03 / kg,null,fresh_food,seafood,2024-11-19
Sainsbury’s Smoked Basa fillets ASC 240g,£2.50,£10.42 / kg,null,fresh_food,seafood,2024-11-19
"Sainsbury's Skin on ASC Scottish Salmon Fillets, So Organic ...",£7.00,£29.17 / kg,null,fresh_food,seafood,2024-11-19
"Sainsbury's Sea Bass Fillets ASC with Soy, Chilli and Ginger...",£4.50,£21.95 / kg,null,fresh_food,seafood,2024-11-19
Sainsbury's Tuna Pate 100g,£1.50,£1.50 / 100g,null,fresh_food,seafood,2024-11-19
Sainsbury's Basa Fillets ASC 250g,£2.50,£10.00 / kg,null,fresh_food,seafood,2024-11-19
Sainsbury's Skin on ASC Scottish Salmon Fillet Tails 140g,£2.50,£17.86 / kg,null,fresh_food,seafood,2024-11-19
Sainsbury's Steamed ASC Scottish Salmon Portions x2 180g (Re...,£5.50,£3.06 / 100g,null,fresh_food,seafood,2024-11-19
"Sainsbury's Coldwater MSC Prawn Cocktail, Taste the Differen...",£3.00,£1.76 / 100g,null,fresh_food,seafood,2024-11-19
Sainsbury's ASC Scottish Mild Smoked Salmon 200g (Ready to E...,£7.00,£3.50 / 100g,null,fresh_food,seafood,2024-11-19
Wild Fish Discovery MSC Keta Salmon x2 230g,£5.50,£23.91 / kg,£4.50,fresh_food,seafood,2024-11-19
Silver Tide Marinated Herring & Dill 380g,£2.75,72p / 100g,£1.95,fresh_food,seafood,2024-11-19
Sainsbury's Breaded MSC Cod Fillets x2 300g,£2.85,£9.50 / kg,null,fresh_food,seafood,2024-11-19
"Sainsbury's Scottish Salmon, Spinach & Cheddar En Croute, Ta...",£6.75,£17.76 / kg,null,fresh_food,seafood,2024-11-19
Goatsbridge Eat Trout Pate 125g,£2.75,£2.20 / 100g,£1.95,fresh_food,seafood,2024-11-19
Wild Fish Discovery Yellowfin Tuna 240g,£9.00,£37.50 / kg,£5.50,fresh_food,seafood,2024-11-19
Sainsbury's British Mackerel Fillets x2 180g,£2.75,£15.28 / kg,null,fresh_food,seafood,2024-11-19
The Good Tide Seafood Co. White and Brown Crab 100g,£3.95,£3.95 / 100g,null,fresh_food,seafood,2024-11-19
"Sainsbury's Beer Battered MSC Haddock Fillets, Taste the Dif...",£4.95,£12.86 / kg,null,fresh_food,seafood,2024-11-19
"Sainsburys ASC Scottish Cherry Wood Smoked Salmon, Taste the...",£4.75,£4.75 / 100g,null,fresh_food,seafood,2024-11-19
Birds Eye 6 Chunky Crispy Battered Fish Fingers 360g,£3.60,£10.00 / kg,null,fresh_food,seafood,2024-11-19
"Sainsbury's MSC Smoked Cod Loins, Taste the Difference 230g",£5.50,£23.91 / kg,null,fresh_food,seafood,2024-11-19
Young's MSC Seafood Sticks x16 200g,£1.75,88p / 100g,null,fresh_food,seafood,2024-11-19
Fish Said Fred MSC Big Cod Fillets x2 320g,£6.95,£21.72 / kg,null,fresh_food,seafood,2024-11-19
"Sainsbury's Scottish Salmon, Spinach & Lemon Fishcakes, Tast...",£3.00,£10.34 / kg,£2.50,fresh_food,seafood,2024-11-19
"Sainsbury's Melting Middle Fish Pie Fishcakes, Taste the Dif...",£3.00,£10.34 / kg,null,fresh_food,seafood,2024-11-19
Sainsbury's Tempura Prawns x10 150g,£3.00,£20.00 / kg,null,fresh_food,seafood,2024-11-19
"Sainsbury's Large Atlantic MSC Coldwater Prawns, Taste the D...",£3.95,£2.63 / 100g,null,fresh_food,seafood,2024-11-19
Sainsbury's Individually Wrapped Skin on ASC Scottish Salmon...,£10.50,£14.58 / kg,null,fresh_food,seafood,2024-11-19
Sainsbury's Battered MSC Cod Fillets x2 300g,£3.00,£10.00 / kg,null,fresh_food,seafood,2024-11-19
Sainsburys Hebridean Kiln Dried Thick Sliced ASC Scottish Sm...,£4.75,£4.75 / 100g,£3.95,fresh_food,seafood,2024-11-19
Sainsbury's King Prawns ASC in Garlic & Parsley ASC 150g,£3.75,£2.50 / 100g,null,fresh_food,seafood,2024-11-19
Sainsbury's Battered MSC Cod Bites 200g,£2.75,£13.75 / kg,null,fresh_food,seafood,2024-11-19
Sainsbury's On the Go Smoked Salmon & Cream Cheese on Oatmea...,£3.15,£3.15 / ea,null,fresh_food,seafood,2024-11-19
Sainsbury's Butterflied ASC Sea Bass 255g,£5.50,£21.57 / kg,null,fresh_food,seafood,2024-11-19
Sainsbury's Breaded MSC Haddock Fillets x2 300g,£2.85,£9.50 / kg,null,fresh_food,seafood,2024-11-19
Sainsbury's Free From Breaded Cod x2 300g,£4.50,£15.00 / kg,null,fresh_food,seafood,2024-11-19
"Sainsbury's Skin on MSC Smoked Haddock Loins, Taste the Diff...",£5.50,£22.00 / kg,null,fresh_food,seafood,2024-11-19
Sainsbury's Chilli & Coriander King Prawns ASC 150g,£3.75,£2.50 / 100g,null,fresh_food,seafood,2024-11-19
Sainsbury's Smoked MSC Cod Fillets Boneless & Skinless 230g,£4.95,£21.52 / kg,£4.50,fresh_food,seafood,2024-11-19
"Sainsbury's Cod & Chorizo Fishcakes, Taste the Difference x2...",£3.00,£10.34 / kg,null,fresh_food,seafood,2024-11-19
"Sainsbury's Patagonian Scallops & King Prawns Gratins, Taste...",£4.50,£18.75 / kg,null,fresh_food,seafood,2024-11-19
Sainsbury’s Lemon & Herb Steamed ASC Scottish Salmon Portion...,£5.50,£3.06 / 100g,null,fresh_food,seafood,2024-11-19
"Sainsbury's MSC Kipper Fillets, Taste the Difference (Approx...",£2.45,£10.00 / kg,null,fresh_food,seafood,2024-11-19
Harbour Salmon Co. Salmon Fillet Infusions Red Thai 220g,£4.95,£22.50 / kg,null,fresh_food,seafood,2024-11-19
Sainsbury's Skin on ASC Scottish Hebridean Chunky Salmon Fil...,£6.75,£28.13 / kg,£5.95,fresh_food,seafood,2024-11-19
Sainsbury's MSC Not Boneless Kippers Boil In The Bag with Bu...,£1.65,£7.50 / kg,null,fresh_food,seafood,2024-11-19
"Sainsbury's Large Raw Peeled King Prawns ASC, Taste the Diff...",£4.00,£24.24 / kg,null,fresh_food,seafood,2024-11-19
Sainsbury's Free From Scottish Salmon Fishcakes x2 270g,£2.25,£8.33 / kg,null,fresh_food,seafood,2024-11-19
Fish Said Fred ASC Big Sea Bass Fillets x2 240g,£6.00,£25.00 / kg,null,fresh_food,seafood,2024-11-19
Sainsbury's Scottish MSC Mussels in Garlic Butter 500g (Serv...,£2.95,£5.90 / kg,null,fresh_food,seafood,2024-11-19
Sainsbury's Lightly Dusted MSC Plaice Fillets x2 265g,£3.95,£14.91 / kg,null,fresh_food,seafood,2024-11-19
Sainsbury's ASC Scottish Salmon Fillets Infused with Sweet C...,£4.75,£21.21 / kg,null,fresh_food,seafood,2024-11-19
Wild Fish Discovery Albacore Tuna 220g,£6.50,£29.55 / kg,null,fresh_food,seafood,2024-11-19
"Sainsbury's ASC Scottish Smoked Salmon, So Organic 100g (Rea...",£5.75,£5.75 / 100g,null,fresh_food,seafood,2024-11-19
Sainsbury's Honey Smoked Mackerel (approx. 250g),£3.87,£1.55 / 100g,null,fresh_food,seafood,2024-11-19
Birds Eye Lightly Dusted Lemon & Pepper Fish Fillets x2 280g,£4.50,£16.07 / kg,£3.00,fresh_food,seafood,2024-11-19
Stamford Street Co. Whitefish Breaded Fish Fillets x4 600g,£2.99,£4.98 / kg,null,fresh_food,seafood,2024-11-19
Sainsbury's MSC Ready to Cook Haddock Florentine 380g,£4.95,£13.03 / kg,null,fresh_food,seafood,2024-11-19
Sainsbury's Battered ASC King Prawns with a Sweet Chilli Sau...,£2.95,£14.75 / kg,null,fresh_food,seafood,2024-11-19
Sainsbury's ASC Scottish Smoked Salmon with Sicilian Lemon O...,£4.75,£4.75 / 100g,null,fresh_food,seafood,2024-11-19
The Real Seafood Co. Crayfish Tails 100g,£3.95,£3.95 / 100g,£2.95,fresh_food,seafood,2024-11-19
Sainsbury's Scottish Marine Stewardship Council MSC Mussels ...,£2.95,£5.90 / kg,null,fresh_food,seafood,2024-11-19
Sainsbury's Skin on & Boneless MSC Haddock Fillets 260g,£4.95,£19.04 / kg,null,fresh_food,seafood,2024-11-19
Sainsburys Seafood Selection 200g (Ready to Eat),£3.75,£1.88 / 100g,£2.95,fresh_food,seafood,2024-11-19
"Sainsbury's Lightly Dusted Lemon Sole Fillets, Taste the Dif...",£6.00,£22.64 / kg,null,fresh_food,seafood,2024-11-19
"Sainsbury's Smoked Salmon Pate, Taste the Difference 100g",£2.50,£2.50 / 100g,null,fresh_food,seafood,2024-11-19
Sainsbury's Ready to Cook Pesto & Parmigiano Reggiano Cruste...,£4.95,£16.50 / kg,£3.95,fresh_food,seafood,2024-11-19
Stamford Street Co. Ready to Cook ASC Salmon Fillet Infusion...,£3.89,£17.68 / kg,null,fresh_food,seafood,2024-11-19
Whitby Breaded Calamari Rings 200g,£3.50,£17.50 / kg,£2.50,fresh_food,seafood,2024-11-19
"Sainsbury's King Prawns ASC, So Organic 150g",£4.50,£3.00 / 100g,null,fresh_food,seafood,2024-11-19
The Real Seafood Co. Cold Water Prawns 200g,£2.65,£1.33 / 100g,null,fresh_food,seafood,2024-11-19
Sainsbury's ASC King Prawn & Lobster Thermidor Melting Middl...,£3.00,£10.34 / kg,null,fresh_food,seafood,2024-11-19
Sainsbury's Skinless & Boneless Cod Fillets x4 500g,£8.50,£17.00 / kg,null,fresh_food,seafood,2024-11-19
The Good Tide Seafood Co. Anchovy Fillets 100g,£3.00,£3.00 / 100g,£1.95,fresh_food,seafood,2024-11-19
"Sainsbury's Chunky MSC Cod Fish Fingers, Taste the Differenc...",£4.00,£11.11 / kg,null,fresh_food,seafood,2024-11-19
Sainsbury's Plaice Fillets x2 (approx. 300g),£4.80,£16.00 / kg,null,fresh_food,seafood,2024-11-19
Ocean Isle Premium Crab Meat 100g,£4.50,£4.50 / 100g,null,fresh_food,seafood,2024-11-19
Sainsbury's Ready to Eat ASC Scottish Mild Smoked Salmon 300...,£9.00,£3.00 / 100g,£6.00,fresh_food,seafood,2024-11-19
Stamford Street Co. Skin on ASC Scottish Salmon Pieces (Appr...,£4.56,£11.40 / kg,null,fresh_food,seafood,2024-11-19
"Sainsbury's Orange & Beetroot ASC Scottish Smoked Salmon, Ta...",£4.75,£4.75 / 100g,null,fresh_food,seafood,2024-11-19
Sainsbury's Mediterranean Flavoured Hot Smoked Mackerel Fill...,£3.87,£1.55 / 100g,null,fresh_food,seafood,2024-11-19
Sainsbury's Chunky Battered Cod x4 500g,£4.19,£8.38 / kg,null,fresh_food,seafood,2024-11-19
Albert Bartlett Rooster Parmentier Potatoes with Herbs & Gar...,£2.00,£5.00 / kg,null,fresh_food,seafood,2024-11-19
"Sainsbury's Smoked Trout, Taste the Difference 100g",£4.75,£4.75 / 100g,null,fresh_food,seafood,2024-11-19
Sainsbury's Frozen Cooked & Peeled Large King Prawns ASC 400...,£7.50,£18.75 / kg,null,fresh_food,seafood,2024-11-19
Sainsbury's Roast ASC Scottish Smoked Salmon Slices Marinate...,£6.50,£4.33 / 100g,null,fresh_food,seafood,2024-11-19
Stamford Street Co. Ready to Eat ASC Roast Salmon Fillets x2...,£3.99,£2.16 / 100g,null,fresh_food,seafood,2024-11-19
"Sainsbury's Skin on MSC Haddock Loins, Taste the Difference ...",£5.50,£20.37 / kg,null,fresh_food,seafood,2024-11-19
Sainsbury’s Lemon & Herb ASC Scottish Salmon Fillets x2 220g,£4.95,£22.50 / kg,null,fresh_food,seafood,2024-11-19
"Sainsbury's King Prawn Dim Sum Selection, Taste the Differen...",£3.00,£16.67 / kg,null,fresh_food,seafood,2024-11-19
"Sainsbury's MSC Cod Melting Middle Katsu Fishcakes, Taste th...",£3.00,£10.34 / kg,null,fresh_food,seafood,2024-11-19
Sainsbury's Boneless Smoked Haddock x4 480g,£7.50,£15.63 / kg,null,fresh_food,seafood,2024-11-19
Wild Fish Discovery MSC Sockeye Salmon 400g,£13.50,£33.75 / kg,null,fresh_food,seafood,2024-11-19
Fish Said Fred Whole Sea Bream 520g,£7.50,£14.42 / kg,null,fresh_food,seafood,2024-11-19
Leap Wild MSC Smoked Sockeye Salmon 100g,£7.50,£7.50 / 100g,null,fresh_food,seafood,2024-11-19
"Sainsbury's ASC Oak Smoked Scottish Salmon, Taste the Differ...",£8.75,£4.38 / 100g,null,fresh_food,seafood,2024-11-19
Sainsbury's Butterfly Trout Fillets x2 (approx. 370g),£7.48,£17.00 / kg,null,fresh_food,seafood,2024-11-19
"Sainsbury's Coldwater Prawn Cocktail, Be Good to Yourself MS...",£2.75,£1.62 / 100g,null,fresh_food,seafood,2024-11-19
The Good Tide Seafood Co. White Crab 100g,£4.50,£4.50 / 100g,null,fresh_food,seafood,2024-11-19
Sainsbury’s Sweet Chilli ASC King Prawns 150g (Ready to eat),£3.75,£2.50 / 100g,null,fresh_food,seafood,2024-11-19
"Sainsbury's Sweetcure Boneless Smoked Mackerel Ready To Eat,...",£5.06,£2.30 / 100g,null,fresh_food,seafood,2024-11-19
Fish Said Fred ASC Whole Sea Bass x2 520g,£7.50,£14.42 / kg,£5.95,fresh_food,seafood,2024-11-19
Sainsbury's Ready to Cook Sticky Miso Glazed MSC Cod Fillets...,£4.95,£19.19 / kg,£3.95,fresh_food,seafood,2024-11-19
Sainsbury's ASC Sea Bream Fillets x2 180g,£3.75,£20.83 / kg,null,fresh_food,seafood,2024-11-19
"Sainsbury's Large King Prawns ASC, Taste the Difference 300g...",£7.75,£2.58 / 100g,null,fresh_food,seafood,2024-11-19
Sainsbury's Coconut Breaded ASC King Prawns with a Sweet Chi...,£3.50,£17.50 / kg,null,fresh_food,seafood,2024-11-19
Young's Omega 3 Fish Cakes x12 600g,£2.50,£4.17 / kg,null,fresh_food,seafood,2024-11-19
Sainsbury's Ready to Cook Sweet Chilli ASC Basa Fillets x2 2...,£2.95,£13.41 / kg,£1.95,fresh_food,seafood,2024-11-19
Wild Fish Discovery Diced Yellowfin Tuna 200g,£5.00,£25.00 / kg,null,fresh_food,seafood,2024-11-19
Sainsbury's Ready to Cook ASC Scottish Salmon Fillets with R...,£4.75,£18.27 / kg,null,fresh_food,seafood,2024-11-19
Cawoods Dry Salted Skinless & Boneless Saltfish 200g,£2.75,£1.38 / 100g,£2.25,fresh_food,seafood,2024-11-19
itsu Tempura Prawns 150g,£4.50,£30.00 / kg,null,fresh_food,seafood,2024-11-19
Sainsbury's Ready to Cook ASC Scottish Salmon Fillets with T...,£4.95,£19.04 / kg,£3.95,fresh_food,seafood,2024-11-19
Stamford Street Co. MSC Responsibly Sourced Smoked Haddock P...,£4.54,£11.96 / kg,null,fresh_food,seafood,2024-11-19
Sainsbury's Raw Patagonian Scallops MSC 150g,£4.00,£26.67 / kg,null,fresh_food,seafood,2024-11-19
Sainsbury's MSC Ready to Cook Cod Fillets in Parsley Sauce x...,£4.50,£11.84 / kg,£4.00,fresh_food,seafood,2024-11-19
Sainsbury's Hot Smoked Trout Fillets x 2 170g (Ready to Eat),£4.50,£2.65 / 100g,null,fresh_food,seafood,2024-11-19
Sainsbury's Sweet Chilli Flavoured Hot Smoked British Macker...,£3.87,£1.55 / 100g,null,fresh_food,seafood,2024-11-19
Sainsbury's Frozen Cooked Seafood Selection 300g,£5.30,£17.67 / kg,null,fresh_food,seafood,2024-11-19
Birds Eye Battered Fish Fingers x26 728g,£5.00,£6.87 / kg,null,fresh_food,seafood,2024-11-19
Sainsbury's Ready to Cook Smoked MSC Haddock En Croute x2 38...,£4.50,£11.84 / kg,£4.00,fresh_food,seafood,2024-11-19
Sainsbury's Ready to Cook ASC Scottish Salmon Fillets with L...,£5.25,£21.69 / kg,null,fresh_food,seafood,2024-11-19
Goatsbridge Eat Trout Rainbow Trout Caviar 85g,£9.95,£11.71 / 100g,null,fresh_food,seafood,2024-11-19
Sainsbury's Ready to Cook ASC Scottish Salmon Fishcakes with...,£4.50,£12.86 / kg,null,fresh_food,seafood,2024-11-19
"Sainsbury’s British Monkfish Fillets, Taste the Difference 2...",£7.26,£33.00 / kg,null,fresh_food,seafood,2024-11-19
Sainsbury's Scottish Salmon Side,£22.50,£25.00 / kg,null,fresh_food,seafood,2024-11-19
Sainsbury's Breaded Chunky MSC Haddock Loins x2 350g,£4.75,£13.57 / kg,null,fresh_food,seafood,2024-11-19
Bradley's Jellied Eel Pots 200g,£2.95,£1.48 / 100g,null,fresh_food,seafood,2024-11-19
Stamford Street Co. MSC Responsibly Sourced Cod Pieces (Appr...,£4.50,£15.00 / kg,null,fresh_food,seafood,2024-11-19
"Sainsbury's Raw Butterfly King Prawns, Taste the Difference ...",£5.00,£25.00 / kg,null,fresh_food,seafood,2024-11-19
"Sainsbury's Seafood Selection, Taste the Difference 420g",£12.50,£2.98 / 100g,null,fresh_food,seafood,2024-11-19
"Sainsbury's Scottish Salmon & Champagne Wellington, Taste th...",£15.00,£20.69 / kg,null,fresh_food,seafood,2024-11-19
The Real Seafood Co. Prawn Cocktail 160g,£1.95,£1.22 / 100g,null,fresh_food,seafood,2024-11-19
"Sainsbury's Scallop Gratin, Taste the Difference x2 200g",£4.50,£22.50 / kg,null,fresh_food,seafood,2024-11-19
"Sainsbury's Scottish Salmon Gravadlax, Taste the Difference ...",£6.50,£5.00 / 100g,null,fresh_food,seafood,2024-11-19
"Sainsbury's Prawn Cocktail, Taste the Difference 400g",£7.50,£1.88 / 100g,null,fresh_food,seafood,2024-11-19
"Sainsbury's Mini Smoked Scottish Salmon Terrine Slices, Tast...",£4.00,£3.70 / 100g,null,fresh_food,seafood,2024-11-19
"Sainsbury's King Prawn Platter, Taste the Difference 400g",£12.50,£3.13 / 100g,null,fresh_food,seafood,2024-11-19
"Sainsbury's Boneless Scottish Salmon Side,Taste the Differen...",£17.50,£23.33 / kg,null,fresh_food,seafood,2024-11-19
"Sainsbury's Ready To Eat Whole Cooked Lobster, Taste the Dif...",£17.50,£5.30 / 100g,null,fresh_food,seafood,2024-11-19
Vici Big Stick MSC,49p,82p / 100g,null,fresh_food,seafood,2024-11-19
Sainsbury's Scottish Salmon Whole,£30.00,£15.00 / kg,null,fresh_food,seafood,2024-11-19
"Sainsbury's Smoked Hebridean Salmon, Taste the Difference 20...",£8.50,£4.25 / 100g,null,fresh_food,seafood,2024-11-19
Sainsbury's Smoked Scottish Salmon Canapes x12 120g,£3.50,£2.92 / 100g,null,fresh_food,seafood,2024-11-19
Sainsbury's British Honey Roast Cooked Ham Slices x7 120g,£2.00,£1.67 / 100g,null,fresh_food,cooked_meat_antipasti_dips,2024-11-19
Sainsbury's Honey Roast Wafer Thin Yorkshire Cured Ham Slice...,£3.25,£2.71 / 100g,null,fresh_food,cooked_meat_antipasti_dips,2024-11-19
Sainsbury's Breaded Yorkshire Cured Cooked British Ham Slice...,£3.25,£2.71 / 100g,null,fresh_food,cooked_meat_antipasti_dips,2024-11-19
Sainsbury's Spanish Chorizo Ring 225g,£2.50,£1.11 / 100g,null,fresh_food,cooked_meat_antipasti_dips,2024-11-19
"Sainsbury's Wafer Thin Air Dried British Ham Slices, Taste t...",£3.25,£2.71 / 100g,null,fresh_food,cooked_meat_antipasti_dips,2024-11-19
Sainsbury's British Breaded Cooked Ham Slices x7 120g,£2.00,£1.67 / 100g,£1.75,fresh_food,cooked_meat_antipasti_dips,2024-11-19
Stamford Street Co. Cooked Chicken Breast 240g,£1.99,83p / 100g,null,fresh_food,cooked_meat_antipasti_dips,2024-11-19
Sainsbury's Cooked Roast British Chicken Breast Fillets x2 2...,£3.50,£1.46 / 100g,null,fresh_food,cooked_meat_antipasti_dips,2024-11-19
Deli Express Roast Cooked British Beef Slices x5 130g,£2.90,£2.23 / 100g,null,fresh_food,cooked_meat_antipasti_dips,2024-11-19
Sainsbury's British Breaded Cooked Ham Slices x14 240g,£2.50,£1.04 / 100g,null,fresh_food,cooked_meat_antipasti_dips,2024-11-19
Deli Express British Drury Lane Cooked Ham Slices x4 150g,£2.75,£1.83 / 100g,£2.50,fresh_food,cooked_meat_antipasti_dips,2024-11-19
Sainsbury's Wafer Thin Brunswick Ham Slices 125g,£2.00,£1.60 / 100g,null,fresh_food,cooked_meat_antipasti_dips,2024-11-19
Sainsbury's Italian Milano Salami Slices 86g,£1.50,£1.74 / 100g,null,fresh_food,cooked_meat_antipasti_dips,2024-11-19
Sainsbury's Roast British Cooked Breast Chicken Slices 180g,£3.50,£1.94 / 100g,null,fresh_food,cooked_meat_antipasti_dips,2024-11-19
Fridge Raiders Slow Roasted Chicken Snack Bites 5x 22.5g,£2.25,£2.00 / 100g,null,fresh_food,cooked_meat_antipasti_dips,2024-11-19
Stamford Street Co. Wafer Thin Ham Slices 400g,£2.19,55p / 100g,null,fresh_food,cooked_meat_antipasti_dips,2024-11-19
Sainsbury's British Roast Cooked Chicken Breast Slices x7 13...,£2.00,£1.48 / 100g,null,fresh_food,cooked_meat_antipasti_dips,2024-11-19
Peperami Original Salami 5x20g,£2.99,£2.99 / 100g,null,fresh_food,cooked_meat_antipasti_dips,2024-11-19
Sainsbury's Air Dried English Honey Roast Wafer Thin Lean Co...,£3.25,£2.71 / 100g,£2.16,fresh_food,cooked_meat_antipasti_dips,2024-11-19
Stamford Street Co. Tikka Style Cooked Chicken Breast 240g,£1.99,83p / 100g,null,fresh_food,cooked_meat_antipasti_dips,2024-11-19
Sainsbury's French Torchon Ham x4 Slices 200g,£1.99,£1.00 / 100g,null,fresh_food,cooked_meat_antipasti_dips,2024-11-19
Premier Deli Corned Beef Slices x9 250g,£2.01,80p / 100g,null,fresh_food,cooked_meat_antipasti_dips,2024-11-19
Sainsbury's British Honey Roast Cooked Ham Slices x14 240g,£2.50,£1.04 / 100g,£2.25,fresh_food,cooked_meat_antipasti_dips,2024-11-19
Sainsbury's British Cooked Ham Slices x10 115g,£1.10,96p / 100g,null,fresh_food,cooked_meat_antipasti_dips,2024-11-19
Sainsbury's German Pizza Pepperoni Slices x32 100g,£1.00,£1.00 / 100g,null,fresh_food,cooked_meat_antipasti_dips,2024-11-19
Sainsbury's Italian Cubetti Di Pancetta 200g,£2.75,£1.38 / 100g,null,fresh_food,cooked_meat_antipasti_dips,2024-11-19
Premier Deli Corned Beef Slices x3 100g,£1.45,£1.45 / 100g,£1.30,fresh_food,cooked_meat_antipasti_dips,2024-11-19
Sainsbury's Roast Whole Cooked British Chicken 894g - 1112g,£5.80,58p / 100g,£4.50,fresh_food,cooked_meat_antipasti_dips,2024-11-19
Deli Express Butter Roast Cooked British Chicken Slices x5 1...,£2.75,£1.83 / 100g,null,fresh_food,cooked_meat_antipasti_dips,2024-11-19
Sainsbury's British Cooked Chicken Breast Slices x10 115g,£1.10,96p / 100g,null,fresh_food,cooked_meat_antipasti_dips,2024-11-19
Stamford Street Co. Ham Slices x5 120g,88p,73p / 100g,null,fresh_food,cooked_meat_antipasti_dips,2024-11-19
Herta Frankfurter Hot Dogs x10 350g,£2.55,73p / 100g,£2.00,fresh_food,cooked_meat_antipasti_dips,2024-11-19
Sainsbury's Finely Sliced Yorkshire Dry Cured Cooked British...,£3.25,£2.71 / 100g,£2.16,fresh_food,cooked_meat_antipasti_dips,2024-11-19
Deli Express British Honey Roast Cooked Ham Slices x4 150g,£2.75,£1.83 / 100g,null,fresh_food,cooked_meat_antipasti_dips,2024-11-19
Deli Express British Roast Cooked Turkey Slices x4 150g,£3.00,£2.00 / 100g,null,fresh_food,cooked_meat_antipasti_dips,2024-11-19
Peperami Original Salami Lunchbox Minis 10x10g,£2.99,£2.99 / 100g,£2.50,fresh_food,cooked_meat_antipasti_dips,2024-11-19
Sainsbury's Chargrilled British Chicken Breast Slices 180g,£3.35,£1.86 / 100g,null,fresh_food,cooked_meat_antipasti_dips,2024-11-19
Sainsbury's Brussels Pate 170g,£1.15,68p / 100g,£1.00,fresh_food,cooked_meat_antipasti_dips,2024-11-19
Sainsbury's Spanish Chorizo Slices x34 170g,£1.40,82p / 100g,null,fresh_food,cooked_meat_antipasti_dips,2024-11-19
Sainsbury's Italian Parma Ham Slices x6 80g,£2.50,£3.13 / 100g,null,fresh_food,cooked_meat_antipasti_dips,2024-11-19
Sainsbury's Irish Corned Beef 175g,£2.60,£1.49 / 100g,null,fresh_food,cooked_meat_antipasti_dips,2024-11-19
Sainsbury's British Wafer Thin Ham Slices 150g,£1.80,£1.20 / 100g,£1.50,fresh_food,cooked_meat_antipasti_dips,2024-11-19
Sainsbury's British Wafer Thin Cooked Ham Slices 400g,£3.00,75p / 100g,null,fresh_food,cooked_meat_antipasti_dips,2024-11-19
Sainsbury's British Wafer Thin Honey Cured Ham Slices 400g,£3.00,75p / 100g,null,fresh_food,cooked_meat_antipasti_dips,2024-11-19
Sainsbury's Brussels Spreadable Pate 175g,80p,46p / 100g,null,fresh_food,cooked_meat_antipasti_dips,2024-11-19
Sainsbury's Spanish Diced Chorizo 150g,£2.75,£1.83 / 100g,£2.50,fresh_food,cooked_meat_antipasti_dips,2024-11-19
Sainsbury's British Cooked Roast Beef Slices x3 85g,£2.00,£2.35 / 100g,null,fresh_food,cooked_meat_antipasti_dips,2024-11-19
Sainsbury's British Cooked Honey Roast Ham Slices x10 115g,£1.10,96p / 100g,null,fresh_food,cooked_meat_antipasti_dips,2024-11-19
Sainsbury's Italian Prosciutto Crudo x9 120g,£1.89,£1.58 / 100g,null,fresh_food,cooked_meat_antipasti_dips,2024-11-19
Stamford Street Co. Breaded Ham Slices x5 120g,88p,73p / 100g,null,fresh_food,cooked_meat_antipasti_dips,2024-11-19
Sainsbury's German Bavarian Smoked Ham Slices x5 100g,£1.16,£1.16 / 100g,null,fresh_food,cooked_meat_antipasti_dips,2024-11-19
Sainsbury's British Wafer Thin Cooked Chicken Slices 400g,£3.00,75p / 100g,null,fresh_food,cooked_meat_antipasti_dips,2024-11-19
Sainsbury's Smoked Mackerel Pate 100g,£1.50,£1.50 / 100g,null,fresh_food,cooked_meat_antipasti_dips,2024-11-19
Sainsbury's British Cooked Ham Slices x7 120g,£2.00,£1.67 / 100g,null,fresh_food,cooked_meat_antipasti_dips,2024-11-19
Sainsbury's German Salami Slices x17 170g,£1.50,88p / 100g,null,fresh_food,cooked_meat_antipasti_dips,2024-11-19
Sainsbury's Roast British Cooked Chicken Thighs 450g,£4.00,89p / 100g,£3.25,fresh_food,cooked_meat_antipasti_dips,2024-11-19
Sainsbury's Farmhouse Pate with Mushrooms 170g,£1.15,68p / 100g,null,fresh_food,cooked_meat_antipasti_dips,2024-11-19
Sainsbury's Salmon Pate 100g,£1.50,£1.50 / 100g,null,fresh_food,cooked_meat_antipasti_dips,2024-11-19
Smörgåsbord The Original Swedish Meatballs 400g,£2.75,£6.88 / kg,null,fresh_food,cooked_meat_antipasti_dips,2024-11-19
Sainsbury's Roast Boneless Cooked British Chicken Breast x4 ...,£6.75,£1.41 / 100g,null,fresh_food,cooked_meat_antipasti_dips,2024-11-19
Stamford Street Co. Ham Slices x12 300g,£2.19,73p / 100g,null,fresh_food,cooked_meat_antipasti_dips,2024-11-19
Sainsbury's Italian Milano Salami Slices x10 53g,£1.00,£1.89 / 100g,null,fresh_food,cooked_meat_antipasti_dips,2024-11-19
Sainsbury's Inspired to Cook Italian Beechwood Smoked Diced ...,£2.75,£1.38 / 100g,£2.50,fresh_food,cooked_meat_antipasti_dips,2024-11-19
Fridge Raiders Southern Style Chicken Snack Bites 5x 22.5g,£2.25,£2.00 / 100g,null,fresh_food,cooked_meat_antipasti_dips,2024-11-19
Sainsbury's British Cooked Ham Slices x14 240g,£2.50,£1.04 / 100g,null,fresh_food,cooked_meat_antipasti_dips,2024-11-19
Sainsbury's Chorizo Ring Mild 225g,£2.50,£1.11 / 100g,£2.25,fresh_food,cooked_meat_antipasti_dips,2024-11-19
Sainsbury’s Simply Seasoned With Salt & Pepper Cooked Britis...,£3.25,£2.95 / 100g,null,fresh_food,cooked_meat_antipasti_dips,2024-11-19
Stamford Street Co. Breaded Ham Slices x12 300g,£2.19,73p / 100g,null,fresh_food,cooked_meat_antipasti_dips,2024-11-19
Sainsbury's Lightly Seasoned Cooked British Beef Brisket Pas...,£3.25,£2.71 / 100g,£2.75,fresh_food,cooked_meat_antipasti_dips,2024-11-19
Sainsbury's Air Dried Oak Smoked Wafer Thin Cooked British H...,£3.25,£2.71 / 100g,null,fresh_food,cooked_meat_antipasti_dips,2024-11-19
Sainsbury's Serrano Ham 100g,£1.89,£1.89 / 100g,null,fresh_food,cooked_meat_antipasti_dips,2024-11-19
Sainsbury's Sweet Chilli Sliced British Chicken Breast 180g,£3.35,£1.86 / 100g,£2.50,fresh_food,cooked_meat_antipasti_dips,2024-11-19
Sainsbury's British Wafer Thin Cooked Chicken Slices 150g,£1.80,£1.20 / 100g,null,fresh_food,cooked_meat_antipasti_dips,2024-11-19
Sainsbury's British Wafer Thin Honey Cured Ham Slices 150g,£1.80,£1.20 / 100g,null,fresh_food,cooked_meat_antipasti_dips,2024-11-19
Peperami Hot Salami 5x20g,£2.99,£2.99 / 100g,null,fresh_food,cooked_meat_antipasti_dips,2024-11-19
Sainsbury's British Wafer Thin Cooked Roast Beef Slices x5 8...,£2.00,£2.35 / 100g,null,fresh_food,cooked_meat_antipasti_dips,2024-11-19
Sainsbury's British Peppered Cooked Ham Slices x7 120g,£2.00,£1.67 / 100g,null,fresh_food,cooked_meat_antipasti_dips,2024-11-19
Sainsbury's Ardennes Pate 170g,£1.15,68p / 100g,£1.00,fresh_food,cooked_meat_antipasti_dips,2024-11-19
Sainsbury's British Smoked Cooked Crispy Bacon rashers 50g,£2.75,£5.50 / 100g,null,fresh_food,cooked_meat_antipasti_dips,2024-11-19
Deli Express British Drury Lane Ham Slices x6 225g,£3.25,£1.44 / 100g,null,fresh_food,cooked_meat_antipasti_dips,2024-11-19
"Sainsbury's British Corned Beef Slices, Taste the Difference...",£3.25,£3.25 / 100g,null,fresh_food,cooked_meat_antipasti_dips,2024-11-19
"Sainsbury's British Roast Chicken & Stuffing 100g, x4 Slices...",£1.75,£1.75 / 100g,null,fresh_food,cooked_meat_antipasti_dips,2024-11-19
Sainsbury's British Shredded Ham Hock 110g,£1.80,£1.64 / 100g,null,fresh_food,cooked_meat_antipasti_dips,2024-11-19
Sainsbury's Spanish Chorizo Slices 70g,£1.00,£1.33 / 100g,null,fresh_food,cooked_meat_antipasti_dips,2024-11-19
Sainsbury's Sweet & Smokey BBQ Sliced British Chicken Breast...,£3.35,£1.86 / 100g,null,fresh_food,cooked_meat_antipasti_dips,2024-11-19
Sainsbury's Chicken Liver Pate 170g,£1.15,68p / 100g,null,fresh_food,cooked_meat_antipasti_dips,2024-11-19
Stamford Street Co. Hot & Spicy Cooked Chicken Breast 240g (...,£1.99,83p / 100g,null,fresh_food,cooked_meat_antipasti_dips,2024-11-19
Feldhues Billy Bear Ham 100g,£1.25,£1.25 / 100g,null,fresh_food,cooked_meat_antipasti_dips,2024-11-19
Sainsbury's Firecracker British Chicken Breast Slices 180g,£3.35,£1.86 / 100g,null,fresh_food,cooked_meat_antipasti_dips,2024-11-19
Sainsbury's Italian Antipasto Selection 120g,£3.00,£2.50 / 100g,£2.75,fresh_food,cooked_meat_antipasti_dips,2024-11-19
Herta Chicken Frankfurter Hot Dogs x10 350g,£2.55,73p / 100g,£2.00,fresh_food,cooked_meat_antipasti_dips,2024-11-19
Sainsbury's German Wafer Thin Salami Slices x14 80g,£1.00,£1.25 / 100g,null,fresh_food,cooked_meat_antipasti_dips,2024-11-19
"Sainsbury’s Air Dried Finely Sliced Ham, Taste the Differenc...",£4.50,£2.00 / 100g,null,fresh_food,cooked_meat_antipasti_dips,2024-11-19
Sainsbury's German Salami & Cheese,£2.25,£1.88 / 100g,£2.00,fresh_food,cooked_meat_antipasti_dips,2024-11-19
"Sainsbury's Wiltshire Cured Ham Slices, Taste the Difference...",£3.25,£2.71 / 100g,null,fresh_food,cooked_meat_antipasti_dips,2024-11-19
Taste Original Chicken Satay Skewers 96g,£2.70,£2.81 / 100g,null,fresh_food,cooked_meat_antipasti_dips,2024-11-19
Sainsbury's Italian Pepperoni 100g,£1.50,£1.50 / 100g,null,fresh_food,cooked_meat_antipasti_dips,2024-11-19
"Sainsbury's Roast Chicken Stuffing Topped, Taste the Differe...",£3.25,£2.41 / 100g,null,fresh_food,cooked_meat_antipasti_dips,2024-11-19
Sainsbury's Chargrilled Cooked British Chicken Breast Mini F...,£3.00,£1.76 / 100g,null,fresh_food,cooked_meat_antipasti_dips,2024-11-19
"Sainsbury's Italian Mortadella, Taste the Difference 130g",£2.75,£2.12 / 100g,null,fresh_food,cooked_meat_antipasti_dips,2024-11-19
Sainsbury's Tuna Pate 100g,£1.50,£1.50 / 100g,null,fresh_food,cooked_meat_antipasti_dips,2024-11-19
Sainsbury's Chargrilled Chicken Breast Chunks 80g,£1.30,£1.63 / 100g,null,fresh_food,cooked_meat_antipasti_dips,2024-11-19
Sainsbury's Selection Salami & Mozzarella Slices x18 100g,£2.25,£2.25 / 100g,£2.00,fresh_food,cooked_meat_antipasti_dips,2024-11-19
Fridge Raiders Slow Roasted Chicken Snack Bites 3x 22.5g,£1.70,£2.52 / 100g,£1.25,fresh_food,cooked_meat_antipasti_dips,2024-11-19
Taste Original Chicken Satay Skewers 200g,£4.45,£2.23 / 100g,£3.50,fresh_food,cooked_meat_antipasti_dips,2024-11-19
Sainsbury's British Cooked Carvery Ham Slices x12 375g,£3.75,£1.00 / 100g,null,fresh_food,cooked_meat_antipasti_dips,2024-11-19
Sainsbury's British Cooked Beef Slices x10 115g,£1.10,96p / 100g,null,fresh_food,cooked_meat_antipasti_dips,2024-11-19
Sainsbury's British Smoked Ham Slices x10 115g,£1.10,96p / 100g,null,fresh_food,cooked_meat_antipasti_dips,2024-11-19
Stamford Street Co. Cooked Ham Slices 400g,£2.92,73p / 100g,null,fresh_food,cooked_meat_antipasti_dips,2024-11-19
Sainsbury's Peppered German Salami Slices x17 170g,£1.50,88p / 100g,null,fresh_food,cooked_meat_antipasti_dips,2024-11-19
Goatsbridge Eat Trout Pate 125g,£2.75,£2.20 / 100g,£1.95,fresh_food,cooked_meat_antipasti_dips,2024-11-19
Sainsbury's Chargrilled British Chicken Breast Slices 360g,£5.00,£1.67 / 100g,£4.00,fresh_food,cooked_meat_antipasti_dips,2024-11-19
Sainsbury's French Garlic Sausage Slices x14 100g,£2.00,£2.00 / 100g,£1.75,fresh_food,cooked_meat_antipasti_dips,2024-11-19
Deli Express British Breaded Cooked Ham Slices x4 150g,£2.75,£1.83 / 100g,null,fresh_food,cooked_meat_antipasti_dips,2024-11-19
Sainsbury's Inspire to Cook Cooking Spanish Chorizo 190g,£2.75,£1.45 / 100g,£2.50,fresh_food,cooked_meat_antipasti_dips,2024-11-19
"Sainsbury's Salami Riserva Dry Cured Slices, Taste the Diffe...",£3.00,£3.75 / 100g,null,fresh_food,cooked_meat_antipasti_dips,2024-11-19
"Sainsbury's British Breaded Thick Cut Ham 120g, x4 Slices",£2.00,£1.67 / 100g,null,fresh_food,cooked_meat_antipasti_dips,2024-11-19
Mattessons Smoked Pork Sausage Original 160g,£2.25,£1.41 / 100g,null,fresh_food,cooked_meat_antipasti_dips,2024-11-19
Sainsbury's Sweet & Smoky Cooked British Chicken Drumsticks ...,£3.50,81p / 100g,null,fresh_food,cooked_meat_antipasti_dips,2024-11-19
Deli Express Thick Cut British Roast Gammon Slices x4 150g,£2.75,£1.83 / 100g,null,fresh_food,cooked_meat_antipasti_dips,2024-11-19
Sainsbury's German Cooked Sausage Selection Slices x39 130g,£2.00,£1.54 / 100g,null,fresh_food,cooked_meat_antipasti_dips,2024-11-19
Stamford Street Co. Cooked Chicken Slices x12 300g,£2.19,73p / 100g,null,fresh_food,cooked_meat_antipasti_dips,2024-11-19
Sainsbury's British Smoked Cooked Ham Slices x7 120g,£2.00,£1.67 / 100g,null,fresh_food,cooked_meat_antipasti_dips,2024-11-19
Sainsbury's British Wafer Thin Honey Roast Cooked Ham Slices...,£2.00,£1.67 / 100g,null,fresh_food,cooked_meat_antipasti_dips,2024-11-19
Sainsbury’s Chargrilled Salt Chilli British Chicken Thigh ...,£2.00,£1.33 / 100g,null,fresh_food,cooked_meat_antipasti_dips,2024-11-19
Herta Jumbo Frankfurter Hot Dogs x4 360g,£2.95,82p / 100g,null,fresh_food,cooked_meat_antipasti_dips,2024-11-19
"Sainsbury's Smooth Chicken Liver Parfait, Taste the Differen...",£2.50,£1.67 / 100g,null,fresh_food,cooked_meat_antipasti_dips,2024-11-19
Sainsbury's Sweet & Smoky BBQ Cooked British Chicken Wings 5...,£3.70,70p / 100g,null,fresh_food,cooked_meat_antipasti_dips,2024-11-19
Sainsbury's Roasted Mushroom Pate 100g,£1.15,£1.15 / 100g,null,fresh_food,cooked_meat_antipasti_dips,2024-11-19
Sainsbury's Spanish Tapas Selection 120g,£3.00,£2.50 / 100g,null,fresh_food,cooked_meat_antipasti_dips,2024-11-19
Sainsbury's Steam Cooked British Chicken Breast Fillets x2 2...,£4.15,£1.89 / 100g,null,fresh_food,cooked_meat_antipasti_dips,2024-11-19
Sainsbury's German Bavarian Roast Ham Slices x5 100g,£1.19,£1.19 / 100g,null,fresh_food,cooked_meat_antipasti_dips,2024-11-19
Herta Frankfurter Hot Dogs x4 140g,£1.60,£1.14 / 100g,null,fresh_food,cooked_meat_antipasti_dips,2024-11-19
Sainsburys Cajun British Chicken Grills Ready to Eat 180g,£3.20,£1.78 / 100g,null,fresh_food,cooked_meat_antipasti_dips,2024-11-19
Sainsbury's Italian Prosciutto Cotto Slices x4 100g,£2.00,£2.00 / 100g,null,fresh_food,cooked_meat_antipasti_dips,2024-11-19
Sainsbury's British Roasted Ham Joint 500g,£5.25,£1.05 / 100g,null,fresh_food,cooked_meat_antipasti_dips,2024-11-19
Sainsbury's German Salami Slices x26 250g,£1.83,73p / 100g,null,fresh_food,cooked_meat_antipasti_dips,2024-11-19
Sainsbury's British Smoked cooked crispy Bacon rashers 100g,£2.75,£2.75 / 100g,null,fresh_food,cooked_meat_antipasti_dips,2024-11-19
Mattessons Smoked Pork Sausage Reduced Fat 160g,£2.25,£1.41 / 100g,null,fresh_food,cooked_meat_antipasti_dips,2024-11-19
Finnebrogue Naked Deli Ham Slices x5 100g,£2.00,£2.00 / 100g,null,fresh_food,cooked_meat_antipasti_dips,2024-11-19
Sainsbury's British Peppered Cooked Roast Beef Slices x3 85g,£2.00,£2.35 / 100g,null,fresh_food,cooked_meat_antipasti_dips,2024-11-19
Peperami Firestick 5x20g,£2.99,£2.99 / 100g,null,fresh_food,cooked_meat_antipasti_dips,2024-11-19
Sainsbury's Mango & Coconut British Chicken Grills 180g (Rea...,£3.25,£1.81 / 100g,null,fresh_food,cooked_meat_antipasti_dips,2024-11-19
Tarczynski Mild & Smoky Kabanos 105g,£2.25,£2.14 / 100g,null,fresh_food,cooked_meat_antipasti_dips,2024-11-19
"Sainsbury's Spreadable Brussels Pate, Be Good To Yourself 17...",80p,46p / 100g,null,fresh_food,cooked_meat_antipasti_dips,2024-11-19
Sainsbury's Italian Prosciutto Cotto Slices with Herbs x4 10...,£2.00,£2.00 / 100g,null,fresh_food,cooked_meat_antipasti_dips,2024-11-19
Fridge Raiders Southern Style Chicken Snack Bites 3x22.5g,£1.70,£2.52 / 100g,£1.25,fresh_food,cooked_meat_antipasti_dips,2024-11-19
"Sainsbury's Italian Bresaola, Taste the Difference x15 80g",£3.50,£4.38 / 100g,null,fresh_food,cooked_meat_antipasti_dips,2024-11-19
Deli Express Thick Cut British Cooked Honey Roast Ham Slices...,£2.75,£1.83 / 100g,null,fresh_food,cooked_meat_antipasti_dips,2024-11-19
Fridge Raiders Variety Pack Chicken Snack Bites 7x22.5g,£2.80,£1.77 / 100g,null,fresh_food,cooked_meat_antipasti_dips,2024-11-19
Sainsbury's Sweet & Smoky BBQ Cooked British Chicken Breast ...,£3.00,£1.76 / 100g,null,fresh_food,cooked_meat_antipasti_dips,2024-11-19
Sainsbury's Roast British Chicken Breast sliced 360g (Ready ...,£4.55,£1.26 / 100g,null,fresh_food,cooked_meat_antipasti_dips,2024-11-19
Bernard Matthews Turkey Chunks 80g,£1.20,£1.50 / 100g,null,fresh_food,cooked_meat_antipasti_dips,2024-11-19
Sainsbury's Air Dried Breaded Wafer Thin Cooked British Ham ...,£3.25,£2.71 / 100g,null,fresh_food,cooked_meat_antipasti_dips,2024-11-19
"Sainsbury's Smooth Duck & Orange Pate, Taste the Difference ...",£2.50,£1.67 / 100g,null,fresh_food,cooked_meat_antipasti_dips,2024-11-19
Sainsbury's Ardennes Spreadable Pate 175g,80p,46p / 100g,null,fresh_food,cooked_meat_antipasti_dips,2024-11-19
Deli Express British Smoked Yorkshire Ham Slices x4 150g,£3.00,£2.00 / 100g,null,fresh_food,cooked_meat_antipasti_dips,2024-11-19
Sainsbury's Garlic & Herb Cooked British Chicken Breast Slic...,£3.20,£1.78 / 100g,£2.50,fresh_food,cooked_meat_antipasti_dips,2024-11-19
Sainsbury's British Breaded Cooked Carvery Ham Slices x12 37...,£4.00,£1.07 / 100g,null,fresh_food,cooked_meat_antipasti_dips,2024-11-19
Najma Sliced Turkey Breast 150g,£2.50,£1.67 / 100g,null,fresh_food,cooked_meat_antipasti_dips,2024-11-19
Sainsbury's Brunswick Ham Slices x6 120g,£2.00,£1.67 / 100g,null,fresh_food,cooked_meat_antipasti_dips,2024-11-19
Fridge Raiders Slow Roasted Chicken Snack Bites 70g,£1.25,£1.79 / 100g,£1.00,fresh_food,cooked_meat_antipasti_dips,2024-11-19
Sainsbury's Lime & Chilli Cooked British Chicken Mini Fillet...,£3.00,£1.76 / 100g,null,fresh_food,cooked_meat_antipasti_dips,2024-11-19
Mattessons Smoked Pork Sausage Original 260g,£3.00,£1.15 / 100g,£2.25,fresh_food,cooked_meat_antipasti_dips,2024-11-19
"Sainsbury's Valencia Orange & Cranberry Topped Ham, Taste th...",£3.25,£2.71 / 100g,null,fresh_food,cooked_meat_antipasti_dips,2024-11-19
Goikoa Chorizo De Navarra 200g,£4.25,£2.13 / 100g,null,fresh_food,cooked_meat_antipasti_dips,2024-11-19
Chorizo Puchero Picante Smoky & Spicey 110g,£3.00,£2.73 / 100g,null,fresh_food,cooked_meat_antipasti_dips,2024-11-19
Richmond Vegan & Vegetarian Honey Roast Ham Style Slices x6 ...,£2.00,£22.22 / kg,null,fresh_food,cooked_meat_antipasti_dips,2024-11-19
"Sainsbury's Coarse Ardennes Style Pate, Taste the Difference...",£2.50,£1.67 / 100g,£2.00,fresh_food,cooked_meat_antipasti_dips,2024-11-19
Sainsbury's Pork Lunch Tongue Slices x6 150g,£2.00,£1.33 / 100g,null,fresh_food,cooked_meat_antipasti_dips,2024-11-19
Peperami Tikka Chicken Bites 50g,£1.00,£2.00 / 100g,null,fresh_food,cooked_meat_antipasti_dips,2024-11-19
"Sainsbury's Smoked Salmon Pate, Taste the Difference 100g",£2.50,£2.50 / 100g,null,fresh_food,cooked_meat_antipasti_dips,2024-11-19
"Sainsbury's Smooth Brussels Style Pate, Taste the Difference...",£2.50,£1.67 / 100g,£2.00,fresh_food,cooked_meat_antipasti_dips,2024-11-19
"Sainsbury's Breaded Wiltshire Cured Ham Slices, Taste the Di...",£3.25,£2.71 / 100g,null,fresh_food,cooked_meat_antipasti_dips,2024-11-19
Sainsbury's British Honey Roast Ham Chunks 110g,£2.00,£1.82 / 100g,null,fresh_food,cooked_meat_antipasti_dips,2024-11-19
Sainsbury's Brussels & Garlic Pate 170g,£1.15,68p / 100g,null,fresh_food,cooked_meat_antipasti_dips,2024-11-19
Peperami Original and Cheese Snack Box 50g,£1.65,£3.30 / 100g,null,fresh_food,cooked_meat_antipasti_dips,2024-11-19
Sainsbury's Tikka Sliced British Chicken Breast 160g,£3.00,£1.67 / 100g,£2.50,fresh_food,cooked_meat_antipasti_dips,2024-11-19
Taste Inc. 100% Chargrilled Chicken Fillet Original 5x35g 17...,£2.75,£1.57 / 100g,null,fresh_food,cooked_meat_antipasti_dips,2024-11-19
Sainsbury's Firecracker Cooked British Chicken Wings 525g (r...,£3.70,70p / 100g,null,fresh_food,cooked_meat_antipasti_dips,2024-11-19
Sainsbury's Sweet & Smoky BBQ Chicken Breast Chunks 80g,£1.30,£1.63 / 100g,null,fresh_food,cooked_meat_antipasti_dips,2024-11-19
"Sainsbury's Salami, Chorizo Gouda Cheese Slices x15 120g",£2.25,£1.88 / 100g,null,fresh_food,cooked_meat_antipasti_dips,2024-11-19
Bernard Matthews Turkey Ham Wafer Thin 230g,£1.90,83p / 100g,null,fresh_food,cooked_meat_antipasti_dips,2024-11-19
"Sainsbury's Italian Prosciutto Di Speck Slices, Taste the Di...",£3.00,£3.75 / 100g,null,fresh_food,cooked_meat_antipasti_dips,2024-11-19
Sainsbury's Duck & Orange Pate 170g,£1.15,68p / 100g,null,fresh_food,cooked_meat_antipasti_dips,2024-11-19
"Sainsbury's Italian Parma Ham 24 Month Matured, Taste the Di...",£3.50,£5.00 / 100g,£3.25,fresh_food,cooked_meat_antipasti_dips,2024-11-19
Taste Original Chicken Satay Skewers & Sweet Chilli Dip 55g,£1.50,£2.73 / 100g,null,fresh_food,cooked_meat_antipasti_dips,2024-11-19
Bernard Matthews Chicken Breast Chunks 80g,£1.20,£1.50 / 100g,null,fresh_food,cooked_meat_antipasti_dips,2024-11-19
Morliny Sliced Sopocka Loin 100g,£1.40,£1.40 / 100g,null,fresh_food,cooked_meat_antipasti_dips,2024-11-19
"Sainsbury’s Breaded British Yorkshire Cured Ham Slices, Tast...",£4.50,£2.00 / 100g,£3.00,fresh_food,cooked_meat_antipasti_dips,2024-11-19
Rustlers Mini Beef Burger 101g,£1.00,99p / 100g,null,fresh_food,cooked_meat_antipasti_dips,2024-11-19
"Sainsbury's Gran Cotto, Taste the Difference x6 110g,",£3.00,£2.73 / 100g,null,fresh_food,cooked_meat_antipasti_dips,2024-11-19
Sainsbury's Selection Continental Meat & Cheese 215g,£4.25,£1.98 / 100g,£4.00,fresh_food,cooked_meat_antipasti_dips,2024-11-19
"Sainsbury's British Honey Roast Thick Cut Ham 120g, x4 Slice...",£2.00,£1.67 / 100g,null,fresh_food,cooked_meat_antipasti_dips,2024-11-19
Sainsbury's British Honey Roast Cooked Carvery Ham Slices x1...,£4.00,£1.07 / 100g,null,fresh_food,cooked_meat_antipasti_dips,2024-11-19
Sainsbury's Sage & Onion Cooked British Chicken Breast Slice...,£3.20,£1.78 / 100g,null,fresh_food,cooked_meat_antipasti_dips,2024-11-19
Sainsbury's Italian Smoked Pancetta 105g,£2.25,£2.14 / 100g,null,fresh_food,cooked_meat_antipasti_dips,2024-11-19
Najma Smoked Sliced Turkey Rashers 150g,£2.60,£1.73 / 100g,null,fresh_food,cooked_meat_antipasti_dips,2024-11-19
Sainsbury's On the Go Ham & Cheese Sub Roll,£2.85,£2.85 / ea,null,fresh_food,cooked_meat_antipasti_dips,2024-11-19
Fridge Raiders Southern Style Chicken Snack Bites 70g,£1.25,£1.79 / 100g,£1.00,fresh_food,cooked_meat_antipasti_dips,2024-11-19
"Sainsbury's Chorizo, Milano & Pepperoni Slices x24 120g",£2.25,£1.88 / 100g,null,fresh_food,cooked_meat_antipasti_dips,2024-11-19
Sainsbury's Air Dried Breaded Lean Cooked British Ham Slices...,£3.25,£2.71 / 100g,null,fresh_food,cooked_meat_antipasti_dips,2024-11-19
Mattessons Smoked Pork Sausage Hint of Garlic 160g,£2.25,£1.41 / 100g,null,fresh_food,cooked_meat_antipasti_dips,2024-11-19
Bastides Salaisons Saucisson Sec 250g,£5.50,£2.20 / 100g,null,fresh_food,cooked_meat_antipasti_dips,2024-11-19
Peperami Chorizo 5x20g,£2.99,£2.99 / 100g,null,fresh_food,cooked_meat_antipasti_dips,2024-11-19
Peperami Chicken Roasted Bites Snacks 50g,£1.00,£2.00 / 100g,null,fresh_food,cooked_meat_antipasti_dips,2024-11-19
Bernard Matthews Turkey Ham Wafer Thin 100g,£1.10,£1.10 / 100g,null,fresh_food,cooked_meat_antipasti_dips,2024-11-19
Sainsbury's Tikka Cooked British Chicken Mini Fillets 170g (...,£3.00,£1.76 / 100g,null,fresh_food,cooked_meat_antipasti_dips,2024-11-19
Sainsbury's Chargrilled Shredded British Chicken Breast 160g...,£3.00,£1.88 / 100g,null,fresh_food,cooked_meat_antipasti_dips,2024-11-19
Sainsbury's German Salami Selection Slices x36 120g,£2.25,£1.88 / 100g,null,fresh_food,cooked_meat_antipasti_dips,2024-11-19
Sainsbury's Brussels Style Pâté with Cranberry 200g,£3.00,£1.50 / 100g,null,fresh_food,cooked_meat_antipasti_dips,2024-11-19
Sainsbury's British Wafer Thin Cooked Ham Slices x10 120g,£2.00,£1.67 / 100g,null,fresh_food,cooked_meat_antipasti_dips,2024-11-19
Sainsbury's Hot Buffalo Cooked British Chicken Wings 525g,£3.70,70p / 100g,null,fresh_food,cooked_meat_antipasti_dips,2024-11-19
"Sainsbury’s Honey Roast Yorkshire Cured British Ham Slices, ...",£4.50,£2.00 / 100g,null,fresh_food,cooked_meat_antipasti_dips,2024-11-19
"Sainsbury's Charcuterie Selection, Taste the Difference 200g",£5.00,£2.50 / 100g,null,fresh_food,cooked_meat_antipasti_dips,2024-11-19
Sainsbury's Selection Charcuterie Platter Selection Slices x...,£4.50,£2.25 / 100g,null,fresh_food,cooked_meat_antipasti_dips,2024-11-19
Bodega Snacking Smoky Salami 64g,£2.25,£3.52 / 100g,null,fresh_food,cooked_meat_antipasti_dips,2024-11-19
Tarcynzski Pork Kabanos Extra 130g,£2.50,£1.92 / 100g,null,fresh_food,cooked_meat_antipasti_dips,2024-11-19
Fridge Raiders Meat Free Slow Roasted Tasty Bites 60g,£1.50,£25.00 / kg,null,fresh_food,cooked_meat_antipasti_dips,2024-11-19
"Sainsbury's Green Thai Style Chicken Curry with Sticky Rice,...",£3.50,£9.21 / kg,null,fresh_food,cooked_meat_antipasti_dips,2024-11-19
Sainsbury's Wafer Thin Cooked British Salt Beef Lightly Seas...,£3.25,£2.95 / 100g,null,fresh_food,cooked_meat_antipasti_dips,2024-11-19
Deli Express Honey Roast Ham 225g,£3.25,£1.44 / 100g,£3.00,fresh_food,cooked_meat_antipasti_dips,2024-11-19
Fridge Raiders Smoky BBQ Chicken Snack Bites 3x22.5g,£1.70,£2.52 / 100g,£1.25,fresh_food,cooked_meat_antipasti_dips,2024-11-19
Sainsbury's Lime & Chilli Chicken Breast Chunks 80g,£1.30,£1.63 / 100g,null,fresh_food,cooked_meat_antipasti_dips,2024-11-19
itsu Teriyaki Chicken Skewers x4 260g,£4.75,£18.27 / kg,null,fresh_food,cooked_meat_antipasti_dips,2024-11-19
L'Oasis de Djerba Halal Turkey Salami 80g,£1.70,£2.13 / 100g,null,fresh_food,cooked_meat_antipasti_dips,2024-11-19
Paw Patrol Delicious Slices of Pork Sausage Cured and Cooked...,£1.50,£1.50 / 100g,null,fresh_food,cooked_meat_antipasti_dips,2024-11-19
Pajariel Chorizo De Leon 180g,£4.00,£2.22 / 100g,null,fresh_food,cooked_meat_antipasti_dips,2024-11-19
Saveloy Sausage 260g,£2.00,77p / 100g,null,fresh_food,cooked_meat_antipasti_dips,2024-11-19
Tarczynski spicy kabanos 105g,£2.25,£2.14 / 100g,null,fresh_food,cooked_meat_antipasti_dips,2024-11-19
Richmond Vegan & Vegetarian Roast Chicken Style Slices x6 90...,£2.00,£22.22 / kg,null,fresh_food,cooked_meat_antipasti_dips,2024-11-19
Peperami BBQ Lunchbox Minis 10x10g,£2.99,£2.99 / 100g,£2.50,fresh_food,cooked_meat_antipasti_dips,2024-11-19
Sokolow Best Silesia Sausage 340g,£3.50,£1.03 / 100g,null,fresh_food,cooked_meat_antipasti_dips,2024-11-19
Taste Original Cantonese Style Chicken Kebabs with a Sweet C...,£2.75,£2.62 / 100g,null,fresh_food,cooked_meat_antipasti_dips,2024-11-19
Pick Hot Snack Sized Sausage 100g,£2.00,£2.00 / 100g,null,fresh_food,cooked_meat_antipasti_dips,2024-11-19
Sainsbury's Indian Spiced Cooked British Chicken Thigh Piece...,£2.45,£1.36 / 100g,null,fresh_food,cooked_meat_antipasti_dips,2024-11-19
Sainsbury's Sweet Chilli Cooked British Chicken Wings 525g,£3.70,70p / 100g,null,fresh_food,cooked_meat_antipasti_dips,2024-11-19
Taste Inc. Chargrilled Chicken Fillet Spicy 5x35g,£2.75,£1.57 / 100g,null,fresh_food,cooked_meat_antipasti_dips,2024-11-19
Sainsbury's Pork Luncheon Meat Slices x18 250g,£1.00,40p / 100g,null,fresh_food,cooked_meat_antipasti_dips,2024-11-19
Sainsbury's Duck & Orange Pâté 200g,£2.75,£1.38 / 100g,null,fresh_food,cooked_meat_antipasti_dips,2024-11-19
Bastides Petits Saucisson Secs 80G,£3.50,£4.38 / 100g,null,fresh_food,cooked_meat_antipasti_dips,2024-11-19
Sokolow Garlic Sausage 400g,£2.50,63p / 100g,null,fresh_food,cooked_meat_antipasti_dips,2024-11-19
Sainsbury's Slow Cooked Bacon Topped British Turkey Stuffed ...,£25.00,£18.66 / kg,null,fresh_food,cooked_meat_antipasti_dips,2024-11-19
"Sainsbury's Antipasto Selection Air Dried, Taste the Differe...",£4.50,£3.75 / 100g,null,fresh_food,cooked_meat_antipasti_dips,2024-11-19
Fridge Raiders Hot & Spicy Chicken Snack Bites 70g,£1.25,£1.79 / 100g,£1.00,fresh_food,cooked_meat_antipasti_dips,2024-11-19
"Sainsbury's Cheese, Salami & Cracker Party Pack 314g",£5.50,£1.75 / 100g,null,fresh_food,cooked_meat_antipasti_dips,2024-11-19
Sainsbury's Duck Liver Parfait Topped with a Blackberry & Po...,£5.50,£4.40 / 100g,null,fresh_food,cooked_meat_antipasti_dips,2024-11-19
Sainsbury's Spanish Tapas Selection 180g,£4.00,£2.22 / 100g,£3.50,fresh_food,cooked_meat_antipasti_dips,2024-11-19
Morliny Frankfurters 350g,£2.60,74p / 100g,null,fresh_food,cooked_meat_antipasti_dips,2024-11-19
"Pate Pate, Fruity Chicken 120g",£2.85,£2.38 / 100g,null,fresh_food,cooked_meat_antipasti_dips,2024-11-19
Sainsbury's Boozy Brussels Pâté Topped with an Apple & Calva...,£5.50,£4.40 / 100g,null,fresh_food,cooked_meat_antipasti_dips,2024-11-19
Krakus Podwawelska Sausage 520g,£4.55,88p / 100g,null,fresh_food,cooked_meat_antipasti_dips,2024-11-19
Argal Fuet Iberico 150g,£3.50,£2.33 / 100g,null,fresh_food,cooked_meat_antipasti_dips,2024-11-19
Deli Express British Drury Lane Ham Slices x2 100g,£2.00,£2.00 / 100g,null,fresh_food,cooked_meat_antipasti_dips,2024-11-19
Peperami Pizza Buns Original 4x40g,£2.80,£1.75 / 100g,null,fresh_food,cooked_meat_antipasti_dips,2024-11-19
Tarczynski Pork Kabanos 105g,£2.55,£2.43 / 100g,null,fresh_food,cooked_meat_antipasti_dips,2024-11-19
Peperami Jerky Original 50g,£2.15,£4.30 / 100g,£1.95,fresh_food,cooked_meat_antipasti_dips,2024-11-19
Argal Chorizo Iberico Extremadura 200g,£5.00,£2.50 / 100g,null,fresh_food,cooked_meat_antipasti_dips,2024-11-19
"Sainsbury's Chicken Liver Parfait with a Truffle Cream, Tast...",£5.50,£4.40 / 100g,null,fresh_food,cooked_meat_antipasti_dips,2024-11-19
"Sainsbury's British Oak Smoked Wiltshire Cured Ham Slices, T...",£3.25,£2.71 / 100g,null,fresh_food,cooked_meat_antipasti_dips,2024-11-19
Jahan Charcoal Cooked Meat Kebabs x12 600g,£4.50,£7.50 / kg,null,fresh_food,cooked_meat_antipasti_dips,2024-11-19
Peperami Tikka Chicken Bites 4x25g,£2.00,£2.00 / 100g,£1.50,fresh_food,cooked_meat_antipasti_dips,2024-11-19
"Sainsbury's British Breaded Wiltshire Cured Ham x4 slices, T...",£3.25,£2.71 / 100g,null,fresh_food,cooked_meat_antipasti_dips,2024-11-19
Fridge Raiders Poppers Cheesy Nacho Chicken Snack Bites 68g,£1.25,£1.84 / 100g,£1.00,fresh_food,cooked_meat_antipasti_dips,2024-11-19
Najma Bear Delicious Slices of Turkey Sausage x6 90g,£1.70,£1.89 / 100g,£1.20,fresh_food,cooked_meat_antipasti_dips,2024-11-19
Bernard Matthews Turkey Breast Chunks 80g,£1.20,£1.50 / 100g,null,fresh_food,cooked_meat_antipasti_dips,2024-11-19
Sainsbury's Pork Breakfast Sausage Slices x18 125g,£1.00,80p / 100g,null,fresh_food,cooked_meat_antipasti_dips,2024-11-19
"Sainsbury's Charcuter Tree, Taste the Difference 200g",£6.00,£2.73 / 100g,null,fresh_food,cooked_meat_antipasti_dips,2024-11-19
Pick Winter Salami 250g,£6.25,£2.50 / 100g,null,fresh_food,cooked_meat_antipasti_dips,2024-11-19
Peperami Original 22.5g,£1.30,£5.78 / 100g,null,fresh_food,cooked_meat_antipasti_dips,2024-11-19
Sainsbury's British Honey Roast Wiltshire Cured Ham x4 slice...,£3.25,£2.71 / 100g,null,fresh_food,cooked_meat_antipasti_dips,2024-11-19
Sokolow Doktorska 500g,£2.40,48p / 100g,null,fresh_food,cooked_meat_antipasti_dips,2024-11-19
Taste Original Tandoori Style Chicken Kebabs with a Cool Min...,£2.75,£2.62 / 100g,null,fresh_food,cooked_meat_antipasti_dips,2024-11-19
Bernard Matthews Turkey Breast Chunks 80g,£1.20,£1.50 / 100g,null,fresh_food,cooked_meat_antipasti_dips,2024-11-19
Montagne Noire Dry Cured Sausage 200g,£3.50,£1.75 / 100g,null,fresh_food,cooked_meat_antipasti_dips,2024-11-19
"Sainsbury's British Wiltshire Cured Ham x4 slices, Taste the...",£3.25,£2.71 / 100g,null,fresh_food,cooked_meat_antipasti_dips,2024-11-19
Sainsbury's Sweet & Smoky BBQ Cooked British Chicken Wings 7...,£5.25,70p / 100g,null,fresh_food,cooked_meat_antipasti_dips,2024-11-19
Pajariel Salchichon De Leon Mild & Sweet 180g,£4.00,£2.22 / 100g,null,fresh_food,cooked_meat_antipasti_dips,2024-11-19
Sainsbury's Summer Sharing Patter 375g,£8.00,£2.13 / 100g,null,fresh_food,cooked_meat_antipasti_dips,2024-11-19
Sainsbury's British Honey Roast Ham Joint 700g,£12.00,£1.71 / 100g,null,fresh_food,cooked_meat_antipasti_dips,2024-11-19
Sainsbury's Brunswick Ham Joint,£10.00,£1.11 / 100g,null,fresh_food,cooked_meat_antipasti_dips,2024-11-19
Iberica Chorizo Iberico De Bellota 80g,£6.00,£7.50 / 100g,£4.50,fresh_food,cooked_meat_antipasti_dips,2024-11-19
Sainsbury's Roast British Cooked Chicken Drumsticks 750g (re...,£4.20,56p / 100g,null,fresh_food,cooked_meat_antipasti_dips,2024-11-19
"Sainsbury's Classic Chicken Liver Parfait, Taste the Differe...",£5.50,£4.40 / 100g,null,fresh_food,cooked_meat_antipasti_dips,2024-11-19
"Sainsbury's Luxury Italian Meat Selection,Taste the Differen...",£6.00,£3.33 / 100g,null,fresh_food,cooked_meat_antipasti_dips,2024-11-19
Citterio Salamini Italiani Alla Cacciatora Pdo 140g,£4.75,£3.39 / 100g,null,fresh_food,cooked_meat_antipasti_dips,2024-11-19
Sainsbury's Layered Christmas Pate 160g,£2.00,£1.25 / 100g,null,fresh_food,cooked_meat_antipasti_dips,2024-11-19
"Sainsbury's Boxing Day Terrine, Taste the Difference 150g",£3.00,£2.00 / 100g,null,fresh_food,cooked_meat_antipasti_dips,2024-11-19
"Sainsbury's Festive Pancetta, Taste the Difference 120g",£2.75,£2.29 / 100g,£2.50,fresh_food,cooked_meat_antipasti_dips,2024-11-19
"Sainsbury's Venison Pate, Taste the Difference 125g",£5.50,£4.40 / 100g,null,fresh_food,cooked_meat_antipasti_dips,2024-11-19
Sainsbury's Pate Selection Pack 200g,£3.50,£1.75 / 100g,null,fresh_food,cooked_meat_antipasti_dips,2024-11-19
Peperami Single Hot 22.5g,£1.30,£5.78 / 100g,null,fresh_food,cooked_meat_antipasti_dips,2024-11-19
Drop Dropik 50g,65p,£1.30 / 100g,null,fresh_food,cooked_meat_antipasti_dips,2024-11-19
"Sainsbury's Portobello Mushroom Pate, Taste the Difference 1...",£5.50,£4.40 / 100g,null,fresh_food,cooked_meat_antipasti_dips,2024-11-19
Iberica Jamon Iberico Cebo De Campo 50g,£6.00,£12.00 / 100g,£4.50,fresh_food,cooked_meat_antipasti_dips,2024-11-19
Sainsbury's Pigs in Blankets Style Pate 170g,£2.50,£1.47 / 100g,null,fresh_food,cooked_meat_antipasti_dips,2024-11-19
Iberica Chorizo Iberico De Bellota 180g,£6.00,£3.33 / 100g,£4.50,fresh_food,cooked_meat_antipasti_dips,2024-11-19
Iberica Iberico Cured Meats Selection 150g,£12.00,£8.00 / 100g,null,fresh_food,cooked_meat_antipasti_dips,2024-11-19
"Sainsbury's Orange & Cranberry British Ham Platter, Taste th...",£5.00,£2.50 / 100g,null,fresh_food,cooked_meat_antipasti_dips,2024-11-19
"Sainsbury's Luxury Spanish Meat Selection, Taste the Differe...",£6.00,£3.33 / 100g,null,fresh_food,cooked_meat_antipasti_dips,2024-11-19
Drop Dropik 50g,65p,£1.30 / 100g,50p,fresh_food,cooked_meat_antipasti_dips,2024-11-19
Iberica Jamon Iberico De Bellota 50g,£12.00,£24.00 / 100g,null,fresh_food,cooked_meat_antipasti_dips,2024-11-19
Sainsbury's Chicken Liver & Pork Pate with Sage & Bacon 100g,£1.50,£1.50 / 100g,null,fresh_food,cooked_meat_antipasti_dips,2024-11-19
Iberica Iberico Cured Meats & Cheese Selection 160g,£12.00,£7.50 / 100g,null,fresh_food,cooked_meat_antipasti_dips,2024-11-19
Sainsbury's Italian Antipasto Selection 8x160g,£4.50,£2.81 / 100g,null,fresh_food,cooked_meat_antipasti_dips,2024-11-19
"Sainsbury's Italian Calabrese Selection, Taste the Differenc...",£3.50,£3.50 / 100g,null,fresh_food,cooked_meat_antipasti_dips,2024-11-19
"Sainsbury's Italian Calabrian Salami Collection, Taste the D...",£9.00,£2.65 / 100g,null,fresh_food,cooked_meat_antipasti_dips,2024-11-19
Sainsbury's Pitted Black Olives 340g (150g*),£1.20,£3.53 / kg,null,fresh_food,cooked_meat_antipasti_dips,2024-11-19
Sainsbury's Pitted Green Olives 340g (150g*),£1.20,£3.53 / kg,null,fresh_food,cooked_meat_antipasti_dips,2024-11-19
"Sainsbury's Sun Dried Tomatoes, Inspired to Cook 280g (168g*...",£3.20,£11.43 / kg,null,fresh_food,cooked_meat_antipasti_dips,2024-11-19
Vadasz Raw Kimchi 400g,£4.50,£1.13 / 100g,null,fresh_food,cooked_meat_antipasti_dips,2024-11-19
Karyatis Roasted Red Peppers 450g (350g*),£2.95,£6.56 / kg,£2.35,fresh_food,cooked_meat_antipasti_dips,2024-11-19
Odysea Greek Big Kalamata Pitted Olives 290g (165g*),£2.80,£9.66 / kg,null,fresh_food,cooked_meat_antipasti_dips,2024-11-19
Sainsbury's Inspired to Cook Capucine Capers 198g (125g*),£2.30,£11.62 / kg,null,fresh_food,cooked_meat_antipasti_dips,2024-11-19
Sainsbury's Pitted Green Olives 800g (370g*),£2.40,£3.00 / kg,null,fresh_food,cooked_meat_antipasti_dips,2024-11-19
Sainsbury's Pitted Kalamata Olives with Herbs 70g,£1.10,£15.71 / kg,null,fresh_food,cooked_meat_antipasti_dips,2024-11-19
"Sainsbury's Christmas Chutney, Taste the Difference 220g",£1.85,84p / 100g,null,fresh_food,cooked_meat_antipasti_dips,2024-11-19
Sainsbury's Marinated Sundried Tomatoes 140g,£3.00,£2.14 / 100g,null,fresh_food,cooked_meat_antipasti_dips,2024-11-19
Sainsbury's Pitted Black Olives 800g (370g*),£2.40,£3.00 / kg,null,fresh_food,cooked_meat_antipasti_dips,2024-11-19
"Sainsbury's Non Pareilles Capers in Brine, Inspired to Cook ...",£1.90,£19.00 / kg,null,fresh_food,cooked_meat_antipasti_dips,2024-11-19
Sainsbury's Sliced Black Olives 340g (165*),£1.25,£3.68 / kg,null,fresh_food,cooked_meat_antipasti_dips,2024-11-19
Sainsbury's Pitted Spanish Queen Olives 340g (150g*),£1.85,£5.44 / kg,null,fresh_food,cooked_meat_antipasti_dips,2024-11-19
"Sainsbury's Marinated Anchovies, Taste the Difference 145g",£3.50,£2.41 / 100g,null,fresh_food,cooked_meat_antipasti_dips,2024-11-19
"Sainsbury's Sunsoaked Tomatoes with Oregano & Garlic, Taste ...",£3.50,£1.32 / 100g,null,fresh_food,cooked_meat_antipasti_dips,2024-11-19
Sainsbury's Pitted Green Olives with Lemon & Thyme 70g,£1.10,£15.71 / kg,null,fresh_food,cooked_meat_antipasti_dips,2024-11-19
"Sainsbury's Fig & Balsamic Chutney, Taste the Difference 230...",£1.85,80p / 100g,null,fresh_food,cooked_meat_antipasti_dips,2024-11-19
Sainsbury's Lemon & Herb Queen Green Olives 280g,£4.25,£1.52 / 100g,£3.00,fresh_food,cooked_meat_antipasti_dips,2024-11-19
Opies Cocktail Gherkins with Distilled Malt Vinegar 227g (11...,£1.40,£6.17 / kg,null,fresh_food,cooked_meat_antipasti_dips,2024-11-19
Sainsbury's Reduced Salt Pitted Green Olives 340g (150*),£1.20,£3.53 / kg,null,fresh_food,cooked_meat_antipasti_dips,2024-11-19
"Sainsbury's Quartered Artichoke Hearts, Inspired to Cook 280...",£3.35,£11.96 / kg,null,fresh_food,cooked_meat_antipasti_dips,2024-11-19
Vadasz Garlic & Dill Sauerkraut 400g,£4.50,£1.13 / 100g,null,fresh_food,cooked_meat_antipasti_dips,2024-11-19
Karyatis Sun Dried Tomatoes 280g,£3.50,£1.23 / 100g,£2.40,fresh_food,cooked_meat_antipasti_dips,2024-11-19
Opies Cocktail Cherries Maraschino Flavour 225g (125g*),£2.20,£9.78 / kg,null,fresh_food,cooked_meat_antipasti_dips,2024-11-19
Sainsbury's Pimento Stuffed Olives 800g (480g*),£2.35,£2.94 / kg,null,fresh_food,cooked_meat_antipasti_dips,2024-11-19
Sainsbury's Sliced Black Olives 100g,£1.60,£1.60 / 100g,null,fresh_food,cooked_meat_antipasti_dips,2024-11-19
Sainsbury's Pimento Stuffed Olives 340g (190g*),£1.35,£3.97 / kg,null,fresh_food,cooked_meat_antipasti_dips,2024-11-19
Sainsbury's Pitted Moroccan Dry Black Olives 110g,£2.20,£20.00 / kg,null,fresh_food,cooked_meat_antipasti_dips,2024-11-19
Sainsbury's SO Organic Pitted Kalamata Olives 295g (150g*),£3.05,£10.34 / kg,null,fresh_food,cooked_meat_antipasti_dips,2024-11-19
Odysea Roasted Red & Yellow Peppers 450g (350g*),£3.60,£8.00 / kg,null,fresh_food,cooked_meat_antipasti_dips,2024-11-19
Odysea Nocellara Olives 290g (170g*),£2.80,£9.66 / kg,null,fresh_food,cooked_meat_antipasti_dips,2024-11-19
Odysea Semi-Dried Datterini Tomatoes 280g (160g*),£3.25,£11.61 / kg,£2.60,fresh_food,cooked_meat_antipasti_dips,2024-11-19
Sainsbury's Pitted Greek Kalamata Olives 335g (170g*),£3.30,£9.71 / kg,null,fresh_food,cooked_meat_antipasti_dips,2024-11-19
Odysea Baked Gigantes Beans in Tomato Sauce & Olive Oil 310g,£2.95,£9.52 / kg,null,fresh_food,cooked_meat_antipasti_dips,2024-11-19
Odysea Preserved Beldi Lemons 360g (200g*),£3.00,£8.33 / kg,null,fresh_food,cooked_meat_antipasti_dips,2024-11-19
Odysea Big Gordal Pitted Olives 290g (120g*),£2.80,£9.66 / kg,£2.25,fresh_food,cooked_meat_antipasti_dips,2024-11-19
"Sainsbury's Italian Baby Violetta Artichokes, Taste the Diff...",£3.50,£12.50 / kg,null,fresh_food,cooked_meat_antipasti_dips,2024-11-19
Odysea Greek Big Halkidiki Pitted Olives 290g (160g*),£2.80,£9.66 / kg,null,fresh_food,cooked_meat_antipasti_dips,2024-11-19
"Sainsbury's Spiced Plum & Port Chutney, Taste the Difference...",£1.85,93p / 100g,null,fresh_food,cooked_meat_antipasti_dips,2024-11-19
Sainsbury's Pitted Green Olives with Chilli 70g,£1.10,£15.71 / kg,null,fresh_food,cooked_meat_antipasti_dips,2024-11-19
Sainsbury's Chorizo & Gouda Rollitos x8 80g,£3.00,£3.75 / 100g,null,fresh_food,cooked_meat_antipasti_dips,2024-11-19
Opies Cocktail Onions with Spirit Vinegar 227g (120g*),£1.35,£5.95 / kg,null,fresh_food,cooked_meat_antipasti_dips,2024-11-19
Sainsbury's SO Organic Pitted Green Olives 290g (130g*),£2.85,£9.83 / kg,null,fresh_food,cooked_meat_antipasti_dips,2024-11-19
"Sainsbury's Green Chilli Peppers, Inspired to Cook 310g (150...",£2.40,£7.74 / kg,null,fresh_food,cooked_meat_antipasti_dips,2024-11-19
"Sainsbury's Sundried Tomato & Olive Bruschetta, Taste the Di...",£2.50,£14.71 / kg,null,fresh_food,cooked_meat_antipasti_dips,2024-11-19
"Sainsbury's Anchovy Stuffed Manzanilla Olives, Taste the Dif...",£2.35,£12.05 / kg,null,fresh_food,cooked_meat_antipasti_dips,2024-11-19
"Sainsbury's Chargrilled Mixed Peppers, Inspired to Cook 280g...",£2.95,£10.54 / kg,null,fresh_food,cooked_meat_antipasti_dips,2024-11-19
Odysea Stuffed Vine Leaves 310g,£2.95,£9.52 / kg,null,fresh_food,cooked_meat_antipasti_dips,2024-11-19
"Sainsbury's Sweety Drop Peppers, Inspired to Cook 230g (150g...",£2.75,£11.96 / kg,null,fresh_food,cooked_meat_antipasti_dips,2024-11-19
"Sainsbury's Kalamata Olive Tapenade, Taste the Difference 17...",£2.75,£16.18 / kg,null,fresh_food,cooked_meat_antipasti_dips,2024-11-19
Odysea Aubergine Meze 220g,£2.75,£12.50 / kg,null,fresh_food,cooked_meat_antipasti_dips,2024-11-19
"Sainsbury's Cream Cheese Stuffed Cherry Peppers, Taste the D...",£3.50,£12.50 / kg,null,fresh_food,cooked_meat_antipasti_dips,2024-11-19
"Sainsbury's Spiced Rum & Ginger Chutney, Taste the Differenc...",£1.85,93p / 100g,null,fresh_food,cooked_meat_antipasti_dips,2024-11-19
"Sainsbury's Green Olive Tapenade with Lemon & Capers, Taste ...",£2.75,£16.18 / kg,null,fresh_food,cooked_meat_antipasti_dips,2024-11-19
"Sainsbury's Jalapeño Stuffed Halkidiki Olives, Taste the Dif...",£2.25,£11.84 / kg,null,fresh_food,cooked_meat_antipasti_dips,2024-11-19
"Sainsbury's Italian Mixed Antipasti, Taste the Difference 28...",£3.00,£10.71 / kg,null,fresh_food,cooked_meat_antipasti_dips,2024-11-19
Odysea Spicy Ajvar 250g,£2.75,£11.00 / kg,null,fresh_food,cooked_meat_antipasti_dips,2024-11-19
"Sainsbury's Italian Sun-Dried Peppers, Taste the Difference ...",£3.50,£12.50 / kg,null,fresh_food,cooked_meat_antipasti_dips,2024-11-19
Odysea Aubergine Imam 310g,£2.95,£9.52 / kg,null,fresh_food,cooked_meat_antipasti_dips,2024-11-19
Perelló Manzanilla Picante 350g,£2.90,£1.93 / 100g,null,fresh_food,cooked_meat_antipasti_dips,2024-11-19
Peppadew Sweet Piquanté Peppers Mild Whole 260g,£2.50,96p / 100g,null,fresh_food,cooked_meat_antipasti_dips,2024-11-19
Opies Sliced Lemons in Lemon Juice 350g (170g*),£1.95,£5.57 / kg,null,fresh_food,cooked_meat_antipasti_dips,2024-11-19
"Sainsbury's Nocellara Pitted Olives, Taste the Difference 18...",£2.25,£2.65 / 100g,null,fresh_food,cooked_meat_antipasti_dips,2024-11-19
Baxters Whole Gherkins 600g,£2.50,79p / 100g,null,fresh_food,cooked_meat_antipasti_dips,2024-11-19
Odysea Seafood Salad 200g (120g*),£4.00,£20.00 / kg,null,fresh_food,cooked_meat_antipasti_dips,2024-11-19
"Sainsbury's Whole Kalamata Olives, Taste the Difference 180g...",£2.25,£12.50 / kg,null,fresh_food,cooked_meat_antipasti_dips,2024-11-19
"Sainsbury's Marinated Pitted Greek Olive Trio, Taste the Dif...",£2.35,£12.37 / kg,null,fresh_food,cooked_meat_antipasti_dips,2024-11-19
"Sainsbury's Sweet & Hot Whole Cherry Peppers, Inspired to Co...",£2.85,£7.50 / kg,null,fresh_food,cooked_meat_antipasti_dips,2024-11-19
Odysea Double Stuffed Olives 295g (175g*),£2.80,£9.49 / kg,null,fresh_food,cooked_meat_antipasti_dips,2024-11-19
"Sainsbury's Italian Slow Roasted Tomatoes, Taste the Differe...",£3.60,£12.86 / kg,null,fresh_food,cooked_meat_antipasti_dips,2024-11-19
Odysea Gin & Tonic Style Olives 310g,£2.80,90p / 100g,£2.25,fresh_food,cooked_meat_antipasti_dips,2024-11-19
"Sainsbury's Chargrilled Aubergine Slices, Inspired to Cook 2...",£2.30,£8.21 / kg,null,fresh_food,cooked_meat_antipasti_dips,2024-11-19
"Sainsbury's Sun Dried Tomatoes, SO Organic 280g (185g*)",£3.70,£13.21 / kg,null,fresh_food,cooked_meat_antipasti_dips,2024-11-19
"Sainsbury's Sweet & Mild Whole Cherry Peppers, Inspired to C...",£2.95,£7.76 / kg,null,fresh_food,cooked_meat_antipasti_dips,2024-11-19
"Sainsbury's Cranberry & Chipotle Chutney, Taste the Differen...",£1.85,88p / 100g,£1.50,fresh_food,cooked_meat_antipasti_dips,2024-11-19
"Sainsbury's Mixed Whole Chillies, Inspired to Cook 205g (130...",£2.35,£11.46 / kg,null,fresh_food,cooked_meat_antipasti_dips,2024-11-19
Polish Marinated Red Peppers 720g,£1.60,22p / 100g,null,fresh_food,cooked_meat_antipasti_dips,2024-11-19
Peppadew Sweet Piquanté Peppers Hot Whole 260g,£2.50,96p / 100g,null,fresh_food,cooked_meat_antipasti_dips,2024-11-19
"Sainsbury's Roasted Red Pepper Bruschetta, Taste the Differe...",£2.50,£14.71 / kg,null,fresh_food,cooked_meat_antipasti_dips,2024-11-19
"Sainsbury's Balsamic Borettane Onions, Taste the Difference ...",£2.50,£8.93 / kg,null,fresh_food,cooked_meat_antipasti_dips,2024-11-19
Odysea Gherkin Stuffed Olives 290g (150g*),£2.80,£9.66 / kg,null,fresh_food,cooked_meat_antipasti_dips,2024-11-19
"Sainsbury's Tomato & Olive Tapenade, Taste the Difference 17...",£2.75,£16.18 / kg,null,fresh_food,cooked_meat_antipasti_dips,2024-11-19
"Sainsbury's Roasted Garlic Confit, Inspired to Cook 180g (11...",£2.30,£12.78 / kg,null,fresh_food,cooked_meat_antipasti_dips,2024-11-19
"Sainsbury's Grilled Halkidiki Olives, Taste the Difference 1...",£2.25,£2.25 / 100g,null,fresh_food,cooked_meat_antipasti_dips,2024-11-19
"Sainsbury's Whole Caperberries, Taste the Difference 230g (1...",£3.10,£13.48 / kg,null,fresh_food,cooked_meat_antipasti_dips,2024-11-19
Odysea Roasted Red Pepper & Feta Meze 220g,£2.95,£1.34 / 100g,null,fresh_food,cooked_meat_antipasti_dips,2024-11-19
Polish Specialities Marinated Mushrooms 290g,£1.59,55p / 100g,null,fresh_food,cooked_meat_antipasti_dips,2024-11-19
"Sainsbury's Chargrilled Mixed Vegetables, Inspired to Cook 2...",£2.30,£8.21 / kg,null,fresh_food,cooked_meat_antipasti_dips,2024-11-19
Odysea Etna Nocellara Pitted Olives 290g (150g),£2.80,£9.66 / kg,null,fresh_food,cooked_meat_antipasti_dips,2024-11-19
"Sainsbury's Halkidiki Olives, Taste the Difference 190g",£2.25,£2.25 / 100g,null,fresh_food,cooked_meat_antipasti_dips,2024-11-19
"Sainsbury's Chargrilled Courgette Ribbons, Inspired to Cook ...",£2.30,£8.21 / kg,null,fresh_food,cooked_meat_antipasti_dips,2024-11-19
"Sainsbury's Baba Ganoush, Taste the Difference 170g",£2.35,£1.38 / 100g,null,fresh_food,cooked_meat_antipasti_dips,2024-11-19
"Sainsbury's Caponata, Taste the Difference 280g",£2.50,£8.93 / kg,null,fresh_food,cooked_meat_antipasti_dips,2024-11-19
Sainsbury's Brandy Butter 200g,£2.50,£1.25 / 100g,null,fresh_food,chilled_desserts,2024-11-19
"Sainsbury's Sticky Toffee Apple Crumble Dine in for 2, Taste...",£3.50,£1.75 / 100g,null,fresh_food,chilled_desserts,2024-11-19
"Sainsbury's Chocolate & Caramel Cheesecake, Taste the Differ...",£5.25,£1.05 / 100g,null,fresh_food,chilled_desserts,2024-11-19
Sainsbury's Bramley Apple Crumble Dessert 500g,£4.00,80p / 100g,null,fresh_food,chilled_desserts,2024-11-19
Sainsbury's Egg Custard Tarts 2x81g,£1.00,62p / 100g,null,fresh_food,chilled_desserts,2024-11-19
Cadbury Dairy Milk Buttons Chocolate Dessert 75g,£1.15,£1.53 / 100g,null,fresh_food,chilled_desserts,2024-11-19
Sainsbury's Egg Custard Tarts 4x81g,£1.50,46p / 100g,null,fresh_food,chilled_desserts,2024-11-19
Rachel's Organic Divine Rice Puddings 2x150g,£2.25,75p / 100g,null,fresh_food,chilled_desserts,2024-11-19
Rolo Milk Chocolate & Toffee Dessert 2 x65g,£1.85,£1.42 / 100g,null,fresh_food,chilled_desserts,2024-11-19
Muller Rice Original Low Fat Pudding Dessert 170g,90p,53p / 100g,null,fresh_food,chilled_desserts,2024-11-19
Müller Rice Vanilla Custard Low Fat Pudding Dessert 170g,90p,53p / 100g,null,fresh_food,chilled_desserts,2024-11-19
Sainsbury's Belgian Chocolate Eclairs 2x55g,£2.00,£1.82 / 100g,£1.30,fresh_food,chilled_desserts,2024-11-19
Sainsbury's Raspberry Trifle 4x125g,£3.10,62p / 100g,null,fresh_food,chilled_desserts,2024-11-19
Sainsbury's Strawberry Trifle 4x125g,£3.10,62p / 100g,null,fresh_food,chilled_desserts,2024-11-19
Müller Rice Strawberry Low Fat Pudding Dessert 170g,90p,53p / 100g,null,fresh_food,chilled_desserts,2024-11-19
Bonne Maman Chocolate Mousse Dessert 2x70g,£2.20,£1.57 / 100g,null,fresh_food,chilled_desserts,2024-11-19
Sainsbury's Tiramisù Desserts x2 85g,£2.00,£1.18 / 100g,null,fresh_food,chilled_desserts,2024-11-19
Milkybar White Chocolate Dessert 2x65g,£1.85,£1.32 / 100g,null,fresh_food,chilled_desserts,2024-11-19
Sainsbury's Sweet Pancakes x6 375g,£2.40,64p / 100g,null,fresh_food,chilled_desserts,2024-11-19
Elmlea Single Alternative To Cream 270ml,£1.25,46p / 100ml,95p,fresh_food,chilled_desserts,2024-11-19
Sainsbury's British Extra Thick Double Fresh Cream 300ml,£1.70,57p / 100ml,null,fresh_food,chilled_desserts,2024-11-19
Sainsbury's Strawberry Trifle Dessert 600g,£3.30,55p / 100g,null,fresh_food,chilled_desserts,2024-11-19
Crème Caramel Milk Desserts with Caramel Sauce 4x100g,£1.15,29p / 100g,null,fresh_food,chilled_desserts,2024-11-19
Cadbury Dairy Milk Layers of Joy Chocolate Trifle 2x90,£1.75,97p / 100g,£1.50,fresh_food,chilled_desserts,2024-11-19
Sainsbury's Strawberry Jam & Cream Doughnuts 2x63g,£2.00,£1.59 / 100g,£1.30,fresh_food,chilled_desserts,2024-11-19
"Sainsbury's St Clement's Cheesecake Slices, Taste the Differ...",£3.50,£1.82 / 100g,null,fresh_food,chilled_desserts,2024-11-19
Sainsbury's Belgian Chocolate Eclairs 4x34g,£2.25,£1.65 / 100g,null,fresh_food,chilled_desserts,2024-11-19
"Sainsbury's 18 Month Matured Christmas Pudding, Taste the Di...",£6.00,£1.50 / 100g,null,fresh_food,chilled_desserts,2024-11-19
Bonne Maman Creme Caramel Dessert 4x100g,£3.20,80p / 100g,£2.50,fresh_food,chilled_desserts,2024-11-19
Muller Corner Originals Apple Crumble Yogurt 4x124g,£3.00,60p / 100g,null,fresh_food,chilled_desserts,2024-11-19
Sainsbury's Raspberry Trifle Dessert 600g,£3.30,55p / 100g,£2.80,fresh_food,chilled_desserts,2024-11-19
Bonne Maman Strawberry Mousse Dessert 2x70g,£2.20,£1.57 / 100g,null,fresh_food,chilled_desserts,2024-11-19
"Sainsbury's Cinnamon Bun Pudding, Taste the Difference 180g",£4.35,£2.42 / 100g,null,fresh_food,chilled_desserts,2024-11-19
Sainsbury's Apple Turnovers 2x77g,£2.00,£1.35 / 100g,null,fresh_food,chilled_desserts,2024-11-19
Cadbury Dairy Milk Chocolate Dessert Limited Edition 75g,£1.15,£1.53 / 100g,null,fresh_food,chilled_desserts,2024-11-19
Arla Lactofree Cream 250ml,£1.55,62p / 100ml,null,fresh_food,chilled_desserts,2024-11-19
Sainsbury's Belgian Chocolate Choux Buns 2x68g,£2.00,£1.47 / 100g,£1.30,fresh_food,chilled_desserts,2024-11-19
Sainsbury's Tiramisu Italian Dessert 500g,£3.30,66p / 100g,null,fresh_food,chilled_desserts,2024-11-19
Sainsbury's Buttermilk Pancakes x6 240g,£2.40,£1.00 / 100g,null,fresh_food,chilled_desserts,2024-11-19
Muller Corner Originals Mississippi Mud Pie Yogurt 4x124g,£3.00,60p / 100g,null,fresh_food,chilled_desserts,2024-11-19
Sainsbury's Fresh Custard Slices x2 180g,£1.85,£1.03 / 100g,null,fresh_food,chilled_desserts,2024-11-19
Muller Rice Apple & Raspberry Low Fat Pudding Dessert 6x170g,£4.00,39p / 100g,£3.00,fresh_food,chilled_desserts,2024-11-19
"Sainsbury's Chocolate Melting Puddings, Taste the Difference...",£3.50,£1.13 / 100g,null,fresh_food,chilled_desserts,2024-11-19
Bonne Maman Salted Caramel Creme Dessert 2x90g,£2.20,£1.22 / 100g,null,fresh_food,chilled_desserts,2024-11-19
Sainsbury's Syrup Sponge Puddings 2x110g,£2.75,£1.25 / 100g,null,fresh_food,chilled_desserts,2024-11-19
Sainsbury's Caramel Panna Cotta 2x120g,£2.00,83p / 100g,null,fresh_food,chilled_desserts,2024-11-19
Sainsbury's British Single Fresh Cream 600ml,£1.98,33p / 100ml,null,fresh_food,chilled_desserts,2024-11-19
Sainsbury's Chocolate Sponge Pudding 2x110g,£2.75,£1.25 / 100g,null,fresh_food,chilled_desserts,2024-11-19
Sainsbury's Cream Slices 2x58g,£1.85,£1.59 / 100g,null,fresh_food,chilled_desserts,2024-11-19
Sainsbury's British Whipping Fresh Cream 300ml,£1.35,45p / 100ml,null,fresh_food,chilled_desserts,2024-11-19
Sainsbury's Sticky Toffee Sponge Pudding 2x110g,£2.75,£1.25 / 100g,null,fresh_food,chilled_desserts,2024-11-19
Sainsbury's Triple Chocolate Sundae 125,£1.30,£1.04 / 100g,null,fresh_food,chilled_desserts,2024-11-19
Sainsbury's Cherry Pie Dessert 550g,£3.65,66p / 100g,null,fresh_food,chilled_desserts,2024-11-19
Bonne Maman Clementine & Lemon Mousse Dessert 2x70g,£2.20,£1.57 / 100g,null,fresh_food,chilled_desserts,2024-11-19
Sainsbury's Strawberry Jam & Cream Horns 98g,£2.00,£2.04 / 100g,null,fresh_food,chilled_desserts,2024-11-19
Oatly Creamy Oat Fraiche Chilled 200ml,£1.75,88p / 100ml,null,fresh_food,chilled_desserts,2024-11-19
Sainsbury's Raspberry Trifle 135g,£1.85,£1.37 / 100g,null,fresh_food,chilled_desserts,2024-11-19
Sainsbury's Bramley Apple Pie 550g,£3.65,66p / 100g,null,fresh_food,chilled_desserts,2024-11-19
Sainsbury's Strawberry Cheesecake 3x100g,£2.50,83p / 100g,null,fresh_food,chilled_desserts,2024-11-19
Sainsbury's Bramley Apple Crumble 2x120g,£2.35,98p / 100g,null,fresh_food,chilled_desserts,2024-11-19
Sainsbury's Blackcurrant Cheesecakes 3x100g,£2.50,83p / 100g,null,fresh_food,chilled_desserts,2024-11-19
Sainsbury's Chocolate Trifle 500g,£3.30,66p / 100g,null,fresh_food,chilled_desserts,2024-11-19
Stamford Street Co. Profiterole Desserts 2x80g,£1.35,84p / 100g,null,fresh_food,chilled_desserts,2024-11-19
Sainsbury's Strawberry Jam & Cream Victoria Sponge 340g,£3.35,99p / 100g,null,fresh_food,chilled_desserts,2024-11-19
Stamford Street Co. Jelly & Custard Pots 3x125g,£1.35,36p / 100g,null,fresh_food,chilled_desserts,2024-11-19
Bonne Maman Blackcurrant Mousse Dessert 2x70g,£2.20,£1.57 / 100g,null,fresh_food,chilled_desserts,2024-11-19
Lindahls Protein Pudding Chocolate 140g,£1.40,£1.00 / 100g,null,fresh_food,chilled_desserts,2024-11-19
Stamford Street Co. Apple Pie 550g,£1.80,33p / 100g,null,fresh_food,chilled_desserts,2024-11-19
Sainsbury's Toffee Sundae 125g,£1.25,£1.00 / 100g,null,fresh_food,chilled_desserts,2024-11-19
Gü Zillionaire Chocolate & Salted Caramel Cheesecake Dessert...,£3.75,£2.25 / 100g,null,fresh_food,chilled_desserts,2024-11-19
Sainsbury's Sticky Toffee Pudding Dessert 400g,£4.00,£1.00 / 100g,null,fresh_food,chilled_desserts,2024-11-19
Sainsbury's Rhubarb Crumble 2x120g,£2.35,98p / 100g,null,fresh_food,chilled_desserts,2024-11-19
Sainsbury's Limoncello Desserts x2 85g,£2.00,£1.18 / 100g,null,fresh_food,chilled_desserts,2024-11-19
Sainsbury's Belgian Chocolate Profiteroles x12 220g,£3.95,£1.80 / 100g,null,fresh_food,chilled_desserts,2024-11-19
Pots & Co Lemon & Lime Posset Dessert 91g,£1.90,£2.09 / 100g,null,fresh_food,chilled_desserts,2024-11-19
Magnum Vegan Classic Chocolate Ice Cream Sticks 3x90ml,£4.00,£1.48 / 100ml,null,fresh_food,chilled_desserts,2024-11-19
Gü Dark Chocolate Mousses with Ganache Desserts 2x70g,£2.75,£1.96 / 100g,null,fresh_food,chilled_desserts,2024-11-19
Gü Key Lime Pie Cheesecake Dessert 2x78g,£3.75,£2.40 / 100g,£2.50,fresh_food,chilled_desserts,2024-11-19
Sainsbury's New York Vanilla Cheesecake 500g,£4.45,89p / 100g,£4.00,fresh_food,chilled_desserts,2024-11-19
Somerset Valley Fruit Cocktail Trifle 600g,£2.00,33p / 100g,null,fresh_food,chilled_desserts,2024-11-19
Kinder Milk Slice Chilled Snack Cake Bar Multipack 3x28g,£1.15,£1.37 / 100g,null,fresh_food,chilled_desserts,2024-11-19
Chocolate Sundaes 2x95g,£1.00,53p / 100g,null,fresh_food,chilled_desserts,2024-11-19
"Sainsbury's Pumpkin Spiced Latte, Taste the Difference 2x100...",£3.50,£1.75 / 100g,null,fresh_food,chilled_desserts,2024-11-19
Gü New York Cheesecakes 2x80g,£2.75,£1.72 / 100g,null,fresh_food,chilled_desserts,2024-11-19
"Sainsbury's Sticky Toffee Pudding, Taste the Difference 400g",£4.50,£1.13 / 100g,£3.30,fresh_food,chilled_desserts,2024-11-19
Sainsbury's Raspberry Turnovers 2x65g,£2.00,£1.54 / 100g,null,fresh_food,chilled_desserts,2024-11-19
Toffee Sundaes 2x95g,£1.00,53p / 100g,null,fresh_food,chilled_desserts,2024-11-19
Sainsbury's Apple & Blackberry Pie Dessert 550g,£3.65,66p / 100g,null,fresh_food,chilled_desserts,2024-11-19
Sainsbury's Bread & Butter Pudding 2x120g,£2.75,£1.15 / 100g,null,fresh_food,chilled_desserts,2024-11-19
Sainsbury's Lemon Meringue Pie 500g,£3.80,76p / 100g,null,fresh_food,chilled_desserts,2024-11-19
"Sainsbury's British Bramley Apple & Blackberry Crumbles, Be ...",£2.35,98p / 100g,null,fresh_food,chilled_desserts,2024-11-19
Gü Inspirations Chocolate & Honeycomb Dessert 2x86.5g,£3.75,£2.17 / 100g,null,fresh_food,chilled_desserts,2024-11-19
"Sainsbury's Tiramisu, Be Good to Yourself 2x85g",£2.00,£1.11 / 100g,null,fresh_food,chilled_desserts,2024-11-19
Bonne Maman Creme Brulee Dessert 2x100g,£3.20,£1.60 / 100g,£2.50,fresh_food,chilled_desserts,2024-11-19
Alpro Soya Chilled Alternative to Single Cream 250ml,£1.25,50p / 100ml,null,fresh_food,chilled_desserts,2024-11-19
Cadbury Dairy Milk Big Pots of Joy Chocolate Dessert 350g,£3.00,86p / 100g,null,fresh_food,chilled_desserts,2024-11-19
Sainsbury's Bakewell Tart Dessert 350g,£3.75,£1.07 / 100g,null,fresh_food,chilled_desserts,2024-11-19
Gü Plant Spanish Lemon Cheesecake Dessert 2x92g,£3.95,£2.15 / 100g,£2.95,fresh_food,chilled_desserts,2024-11-19
Sainsbury's Jam Roly Poly Dessert 465g,£4.00,86p / 100g,null,fresh_food,chilled_desserts,2024-11-19
"Sainsbury's Jam & Cream Scones, Summer Edition 2x60g",£2.00,£1.67 / 100g,null,fresh_food,chilled_desserts,2024-11-19
Gü Inspirations Red Velvet Dessert 2x82g,£2.75,£1.68 / 100g,null,fresh_food,chilled_desserts,2024-11-19
Sainsbury's Vanilla Cheesecake Slices 2x90g,£2.70,£1.50 / 100g,null,fresh_food,chilled_desserts,2024-11-19
Sainsbury's Raspberry Cheesecake Dessert 500g,£4.45,89p / 100g,null,fresh_food,chilled_desserts,2024-11-19
"Sainsbury's Oat & Apple Crumble, Taste the Difference 500g",£4.65,93p / 100g,£3.00,fresh_food,chilled_desserts,2024-11-19
Muller Plant Based Corner Vanilla & Chocolate Balls Yogurt 1...,£1.35,£1.08 / 100g,85p,fresh_food,chilled_desserts,2024-11-19
Sainsbury's Lemon Cheesecakes 3x100g,£2.50,83p / 100g,null,fresh_food,chilled_desserts,2024-11-19
Sainsbury's Bread & Butter Pudding Dessert 515g,£3.80,76p / 100g,null,fresh_food,chilled_desserts,2024-11-19
Lindahls Pro+ Kvarg Raspberry & Vanilla Protein Yogurt Drink...,£1.50,60p / 100g,null,fresh_food,chilled_desserts,2024-11-19
"Sainsbury's Lemon Cheesecake, Summer Edition 500g",£4.45,89p / 100g,null,fresh_food,chilled_desserts,2024-11-19
Sainsbury's Vanilla Crème Brûlée 2x90g,£2.25,£1.25 / 100g,null,fresh_food,chilled_desserts,2024-11-19
Pots & Co Salted Caramel & Chocolate Ganache 82g,£1.90,£2.32 / 100g,null,fresh_food,chilled_desserts,2024-11-19
Sainsbury's Takeaway Cookie Dough Dessert 304g,£2.65,87p / 100g,null,fresh_food,chilled_desserts,2024-11-19
"Sainsbury's Sicilian Lemon Tart, Taste the Difference 460g",£5.25,£1.14 / 100g,null,fresh_food,chilled_desserts,2024-11-19
Sainsbury's Chocolate Yule Log 240g,£3.00,£1.25 / 100g,null,fresh_food,chilled_desserts,2024-11-19
Sainsbury's Lemon Tart 430g,£3.80,88p / 100g,null,fresh_food,chilled_desserts,2024-11-19
"Sainsbury's Bramley Apple Frangipane Tart , Taste the Differ...",£5.25,£1.22 / 100g,null,fresh_food,chilled_desserts,2024-11-19
Cadbury Dairy Milk Buttons & Chunks Chocolate Desserts 4x75g,£3.50,£1.17 / 100g,£2.50,fresh_food,chilled_desserts,2024-11-19
Sainsbury's Raspberry Jam Pudding 2x110g,£2.75,£1.25 / 100g,null,fresh_food,chilled_desserts,2024-11-19
Sainsbury's Cream Rice Pudding 500g,£4.00,80p / 100g,null,fresh_food,chilled_desserts,2024-11-19
The Coconut Collab Chocolate & Cream 4x60g,£2.95,£1.23 / 100g,null,fresh_food,chilled_desserts,2024-11-19
Bonne Maman Baba Au Rhum Dessert 2x140g,£3.20,£1.14 / 100g,£2.50,fresh_food,chilled_desserts,2024-11-19
Cadbury Dairy Milk Mousse 4x45g,£2.00,£1.11 / 100g,null,fresh_food,chilled_desserts,2024-11-19
Elmlea Brandy Flavoured Alternative to Dairy Cream 250ml,£1.65,66p / 100ml,£1.10,fresh_food,chilled_desserts,2024-11-19
Gu Double Chocolate Brownie Dessert 2x79g,£3.75,£2.37 / 100g,null,fresh_food,chilled_desserts,2024-11-19
Sainsbury's Raspberry Tiramisu 2x85g,£2.00,£1.18 / 100g,null,fresh_food,chilled_desserts,2024-11-19
"Sainsbury's Apple Crumble Cheesecake, Taste the Difference 5...",£5.00,£1.00 / 100g,null,fresh_food,chilled_desserts,2024-11-19
The Delicious Dessert Company Sticky Toffee Eclairs 2x82g,£2.60,£1.59 / 100g,null,fresh_food,chilled_desserts,2024-11-19
Cadbury Pots Of Joy Chocolate Dessert Limited Edition 4x60g,£2.70,£1.13 / 100g,£1.50,fresh_food,chilled_desserts,2024-11-19
The Coconut Collab Raspberry Yog 350g,£2.75,79p / 100g,£1.95,fresh_food,chilled_desserts,2024-11-19
Sainsbury's Melting Middle Chocolate Puddings 2x135g,£2.75,£1.02 / 100g,null,fresh_food,chilled_desserts,2024-11-19
Cadburys Dairy Milk Pots Of Joy Chocolate Dessert 4x60g,£2.70,£1.13 / 100g,£1.50,fresh_food,chilled_desserts,2024-11-19
Sainsbury's Treacle Tart 380g,£3.80,£1.00 / 100g,null,fresh_food,chilled_desserts,2024-11-19
Gü Tiramisu Cheesecake 2x80g,£2.75,£1.72 / 100g,null,fresh_food,chilled_desserts,2024-11-19
Gü Plant Chocolate & Vanilla Cheesecake Dessert 2x82g,£3.95,£2.41 / 100g,£2.95,fresh_food,chilled_desserts,2024-11-19
Dina Assorted Baklava Cake 350g,£5.00,£14.29 / kg,null,fresh_food,chilled_desserts,2024-11-19
"Sainsbury's Winter Berry Crumble, Limited Edition, Taste the...",£4.65,93p / 100g,null,fresh_food,chilled_desserts,2024-11-19
Muller Myprotein Chocolate Mousse Dessert 200g,£2.50,£1.25 / 100g,null,fresh_food,chilled_desserts,2024-11-19
Muller Myprotein Chocolate Pudding 200g,£1.95,98p / 100g,null,fresh_food,chilled_desserts,2024-11-19
Bird's Strawberry Flavour Trifle Kit 141g,£2.40,£1.70 / 100g,null,fresh_food,chilled_desserts,2024-11-19
Sainsbury's Raspberry Cheesecakes 2x100g,£2.70,£1.50 / 100g,null,fresh_food,chilled_desserts,2024-11-19
Sainsbury's Cream Cake Selection x6 300g,£4.40,£1.47 / 100g,null,fresh_food,chilled_desserts,2024-11-19
Gü Wild Strawberry & Clotted Cream Cheesecake Dessert 2x87g,£3.75,£2.16 / 100g,£2.50,fresh_food,chilled_desserts,2024-11-19
Cadbury Caramilk Mousse 4x45g,£2.00,£1.11 / 100g,null,fresh_food,chilled_desserts,2024-11-19
"Sainsbury's Sherry Trifle, Taste the Difference 135g",£2.15,£1.59 / 100g,null,fresh_food,chilled_desserts,2024-11-19
Cadbury Dairy Milk Pots Of Joy Caramel Chocolate Dessert 4x6...,£2.70,£1.13 / 100g,£1.50,fresh_food,chilled_desserts,2024-11-19
Muller Myprotein Vanilla Pudding 200g,£1.95,98p / 100g,null,fresh_food,chilled_desserts,2024-11-19
Sainsbury's Hot Chocolate Fudge Cake Dessert 730g,£6.00,82p / 100g,null,fresh_food,chilled_desserts,2024-11-19
The Gym Kitchen Banana Pancakes,£2.00,£1.00 / 100g,£1.50,fresh_food,chilled_desserts,2024-11-19
Gü Inspirations Cookies & Cream Dessert 2x85g,£3.75,£2.21 / 100g,null,fresh_food,chilled_desserts,2024-11-19
Muller Light Protein Chocolate Orange Pudding 140g,£1.50,£1.07 / 100g,£1.00,fresh_food,chilled_desserts,2024-11-19
Muller Light Protein Chocolate Brownie Pudding 140g,£1.50,£1.07 / 100g,£1.00,fresh_food,chilled_desserts,2024-11-19
Sainsbury's Belgian Chocolate Profiterole Dessert 90g,£2.25,£2.50 / 100g,null,fresh_food,chilled_desserts,2024-11-19
Rhokett Chocolate & Vanilla Cheesecake Slices 160g,£3.35,£2.09 / 100g,null,fresh_food,chilled_desserts,2024-11-19
Hartley's 10 Cal Cherry Bakewell Tart Flavour Jelly 175g,85p,49p / 100g,60p,fresh_food,chilled_desserts,2024-11-19
Sainsbury's Taste the Difference Mini Meringues x12,£2.00,£3.70 / 100g,£1.50,fresh_food,chilled_desserts,2024-11-19
Cadbury Big Pot Caramilk Dessert 350g,£3.00,86p / 100g,null,fresh_food,chilled_desserts,2024-11-19
"Sainsbury's Banoffee Pie Sundae, Limited Edition 125g",£1.25,£1.00 / 100g,null,fresh_food,chilled_desserts,2024-11-19
The Gym Kitchen Maple Pancakes,£2.00,£1.00 / 100g,£1.50,fresh_food,chilled_desserts,2024-11-19
Lindahls Pro+ Kvarg Tropical Protein Yogurt Drink 250g,£1.50,60p / 100g,null,fresh_food,chilled_desserts,2024-11-19
"Sainsbury's Frosty Iced Fruit Cake, Taste the Difference 900...",£11.50,£1.28 / 100g,null,fresh_food,chilled_desserts,2024-11-19
"Sainsbury's White Chocolate & Berry Cheesecake, Taste the Di...",£5.25,£1.05 / 100g,null,fresh_food,chilled_desserts,2024-11-19
English Cheesecake Company Toffee & Honeycomb Cheesecake Sli...,£3.75,£1.75 / 100g,null,fresh_food,chilled_desserts,2024-11-19
"Sainsbury's Banana Blonde Chocolate Sponge, Taste the Differ...",£5.00,£1.25 / 100g,null,fresh_food,chilled_desserts,2024-11-19
Gü Milk Chocolate Mousse 2x52g,£2.75,£2.64 / 100g,null,fresh_food,chilled_desserts,2024-11-19
English Cheesecake Company Vanilla Cheesecake Slices with Lo...,£3.75,£1.75 / 100g,null,fresh_food,chilled_desserts,2024-11-19
Gu Chocolate Hazelnut Praline Zillionaire Cheesecake Dessert...,£3.75,£2.17 / 100g,null,fresh_food,chilled_desserts,2024-11-19
"Sainsbury's Macarons Selection Pack, Taste the Difference x6...",£3.00,£4.55 / 100g,null,fresh_food,chilled_desserts,2024-11-19
The Coconut Collaborative Vanilla Custard 400g,£2.95,74p / 100g,null,fresh_food,chilled_desserts,2024-11-19
Muller Myprotein Salted Caramel Dessert 200g,£2.50,£1.25 / 100g,null,fresh_food,chilled_desserts,2024-11-19
Sainsbury's Triple Chocolate Brookie Pudding 350g,£4.00,£1.14 / 100g,null,fresh_food,chilled_desserts,2024-11-19
Sainsbury's Belgian Chocolate Cheesecake Dessert 500g,£4.45,89p / 100g,null,fresh_food,chilled_desserts,2024-11-19
Plant Pioneers Chocolate & Salted Caramel Pots 2x100g,£2.45,£1.23 / 100g,null,fresh_food,chilled_desserts,2024-11-19
Gu Speculoos Sponge Pudding 2x72.5g,£2.75,£1.72 / 100g,null,fresh_food,chilled_desserts,2024-11-19
Gu Chocolate Hazelnut Praline Brownie Dessert 2x75g,£3.75,£2.50 / 100g,null,fresh_food,chilled_desserts,2024-11-19
English Cheesecake Company Sea Salted Chocolate Cheesecake S...,£3.75,£1.75 / 100g,null,fresh_food,chilled_desserts,2024-11-19
Gu Gingerbread Chocolate Melting Middle 2x92g,£3.75,£2.04 / 100g,null,fresh_food,chilled_desserts,2024-11-19
Sainsbury's Millionaires Ice Cream Tub 900ml,£2.65,29p / 100ml,null,fresh_food,chilled_desserts,2024-11-19
"Sainsbury's Amaretto Tiramisu, Taste the Difference 400g",£4.50,£1.13 / 100g,null,fresh_food,chilled_desserts,2024-11-19
President Crème UHT Aerosol Cream 250g,£2.40,96p / 100g,£1.95,fresh_food,chilled_desserts,2024-11-19
Gu Chocolate & Salted Caramel Brownie Dessert 2x80g,£3.75,£2.34 / 100g,null,fresh_food,chilled_desserts,2024-11-19
Gü Ultimate Chocolate Cheesecake Dessert 2x85g,£3.75,£2.21 / 100g,£2.50,fresh_food,chilled_desserts,2024-11-19
"Sainsbury's Salted Caramel Brownie Pudding, Taste the Differ...",£5.00,£1.25 / 100g,£3.30,fresh_food,chilled_desserts,2024-11-19
"Sainsbury's New York Cheesecake, Taste the Difference 500g",£5.25,£1.05 / 100g,null,fresh_food,chilled_desserts,2024-11-19
Sainsbury's Syrup Sponge Pudding 100g,£1.25,£1.25 / 100g,null,fresh_food,chilled_desserts,2024-11-19
"Sainsbury's Chocolate Bombe, Taste the Difference 227g",£3.00,£1.32 / 100g,null,fresh_food,chilled_desserts,2024-11-19
Sainsbury's Chocolate Orange Trifle 500g,£4.50,90p / 100g,null,fresh_food,chilled_desserts,2024-11-19
Gü Banoffee Cheesecake Dessert 2x86g,£3.75,£2.18 / 100g,£2.50,fresh_food,chilled_desserts,2024-11-19
Gü Mixology Passion Fruit Martini 2x89.5g,£3.95,£2.21 / 100g,null,fresh_food,chilled_desserts,2024-11-19
White Rabbit Gluten Free Classic Tiramisu 2x95g,£3.75,£1.97 / 100g,null,fresh_food,chilled_desserts,2024-11-19
"Sainsbury's Bramley Apple & Raisin Strudel, Taste the Differ...",£4.35,£1.07 / 100g,null,fresh_food,chilled_desserts,2024-11-19
Cadbury Dairy Milk Caramel Trifle 2x90g,£1.75,£1.94 / 100g,£1.50,fresh_food,chilled_desserts,2024-11-19
Sainsbury's Alcohol Free Orange & Cranberry Christmas Puddin...,£4.50,£1.13 / 100g,null,fresh_food,chilled_desserts,2024-11-19
"Sainsbury's Belgian Chocolate Orange Cheesecake Slices, Tast...",£3.50,£1.90 / 100g,null,fresh_food,chilled_desserts,2024-11-19
Sainsbury's Carrot Cake Pudding 400g,£4.00,£1.00 / 100g,null,fresh_food,chilled_desserts,2024-11-19
Gü Plant Zillionaire Cheesecake Dessert 2x91.5g,£3.75,£2.05 / 100g,£2.95,fresh_food,chilled_desserts,2024-11-19
English Cheesecake Company Lemon & Mascarpone Cheesecakes 2x...,£3.75,£1.75 / 100g,null,fresh_food,chilled_desserts,2024-11-19
Gü Black Forest Cheesecake 2x88g,£3.75,£2.13 / 100g,£2.50,fresh_food,chilled_desserts,2024-11-19
Pots & Co Little Pots of 70% Chocolate Ganache 4 x 50g,£3.25,£1.63 / 100g,£2.25,fresh_food,chilled_desserts,2024-11-19
Sainsbury's Cream Rice Pudding 2x125g,£2.75,£1.10 / 100g,null,fresh_food,chilled_desserts,2024-11-19
The Delicious Dessert Company Blonde Chocolate Eclairs x2,£2.60,£1.70 / 100g,null,fresh_food,chilled_desserts,2024-11-19
Sainsbury's Chocolate Cheesecake Slices 2x90g,£2.70,£1.50 / 100g,null,fresh_food,chilled_desserts,2024-11-19
The Delicious Dessert Company Triple Chocolate Eclairs 2x78g,£2.60,£1.67 / 100g,null,fresh_food,chilled_desserts,2024-11-19
"Sainsbury's New York Vanilla Cheesecake Slices, Taste the Di...",£3.50,£1.90 / 100g,null,fresh_food,chilled_desserts,2024-11-19
Spooners Chocolate Chip Cookie Dough 2x75g,£2.95,£1.97 / 100g,null,fresh_food,chilled_desserts,2024-11-19
"Sainsbury's Pistachio Tiramisu Summer Edition, Taste the Dif...",£4.50,£1.13 / 100g,null,fresh_food,chilled_desserts,2024-11-19
Sainsbury's Chocolate Yule Log 645g,£7.50,£1.16 / 100g,null,fresh_food,chilled_desserts,2024-11-19
Gü Inspirations Salted Caramel Cookies & Cream Dessert 2x84g,£3.75,£2.21 / 100g,£2.50,fresh_food,chilled_desserts,2024-11-19
Sainsbury's Snowman Cheesecake 585g,£7.00,£1.20 / 100g,null,fresh_food,chilled_desserts,2024-11-19
Cadbury Dairy Milk Big Pots of Joy Chocolate Orange Dessert,£3.00,86p / 100g,null,fresh_food,chilled_desserts,2024-11-19
Sainsbury's Cookie Dessert 304g,£2.65,87p / 100g,null,fresh_food,chilled_desserts,2024-11-19
"Sainsbury's Chocolate Sponge Pudding, Taste the Difference 4...",£4.60,£1.15 / 100g,null,fresh_food,chilled_desserts,2024-11-19
The Delicious Dessert Company Millionaire's Loaded Doughnuts,£2.60,£1.31 / 100g,null,fresh_food,chilled_desserts,2024-11-19
Rhokett Lemon & Raspberry Cheesecake Slices 180g,£3.35,£1.86 / 100g,null,fresh_food,chilled_desserts,2024-11-19
"Sainsbury's Profiterole Bites, Taste the Difference 214g",£6.00,£2.80 / 100g,null,fresh_food,chilled_desserts,2024-11-19
Sainsbury's Gingerbread Trifle 500g,£4.50,90p / 100g,null,fresh_food,chilled_desserts,2024-11-19
"Sainsbury's Colombian Coffee Sponge Pudding, Taste the Diffe...",£5.00,£1.25 / 100g,null,fresh_food,chilled_desserts,2024-11-19
"Sainsbury's Lemon Tarts, Taste the Difference 146g",£3.75,£2.57 / 100g,null,fresh_food,chilled_desserts,2024-11-19
"Sainsbury's Chocolate Mini Melting Puds, Taste the Differenc...",£6.00,£1.85 / 100g,null,fresh_food,chilled_desserts,2024-11-19
Royal Pista Kheer 350g,£3.25,93p / 100g,null,fresh_food,chilled_desserts,2024-11-19
"Sainsbury's Apricot & Almond Pudding, Taste the Difference 6...",£8.50,£1.31 / 100g,null,fresh_food,chilled_desserts,2024-11-19
"Sainsbury's Blueberry & Lemon Sponge Pudding Dessert, Taste ...",£5.00,£1.25 / 100g,null,fresh_food,chilled_desserts,2024-11-19
Gü Chocolate Orange Cheeky Pot,£2.95,£1.84 / 100g,null,fresh_food,chilled_desserts,2024-11-19
Spooners Double Chocolate Cookie Dough 2x75g,£2.95,£1.97 / 100g,null,fresh_food,chilled_desserts,2024-11-19
Gü Inspirations Brookie Dessert 2x81g,£3.75,£2.34 / 100g,£2.50,fresh_food,chilled_desserts,2024-11-19
Gu Speculoos Cheesecake 2x82g,£3.75,£2.34 / 100g,£2.50,fresh_food,chilled_desserts,2024-11-19
Gü Double Chocolate Cheeky Pot Dessert 2x80g,£2.95,£1.84 / 100g,null,fresh_food,chilled_desserts,2024-11-19
Zott Monte Maxi Chocolate & Hazelnut Milk Dessert 4x100g,£2.60,65p / 100g,null,fresh_food,chilled_desserts,2024-11-19
Sainsbury's Fresh Gnocchi 500g,£2.25,£4.50 / kg,null,fresh_food,pizza_pasta_gbread,2024-11-19
Sainsbury's Garlic Baguette x2 390g,£1.80,46p / 100g,£1.35,fresh_food,pizza_pasta_gbread,2024-11-19
Sainsbury's Garlic Baguette 195g,£1.00,51p / 100g,null,fresh_food,pizza_pasta_gbread,2024-11-19
Pizza Express Margherita Pizza 245g,£5.50,£22.45 / kg,null,fresh_food,pizza_pasta_gbread,2024-11-19
Pizza Express Dough Balls with Garlic Dip x16,£3.80,£1.90 / 100g,null,fresh_food,pizza_pasta_gbread,2024-11-19
Stamford Street Co. Cheese & Tomato Pizza 101g,49p,£4.85 / kg,null,fresh_food,pizza_pasta_gbread,2024-11-19
Sainsbury's Stonebaked Margherita Hand Stretched Pizza 265g,£3.50,£13.21 / kg,£2.50,fresh_food,pizza_pasta_gbread,2024-11-19
Sainsbury's Spinach & Ricotta Tortelloni 300g,£2.00,£6.67 / kg,£1.75,fresh_food,pizza_pasta_gbread,2024-11-19
Pizza Express American Pepperoni Pizza 250g,£5.50,£22.00 / kg,null,fresh_food,pizza_pasta_gbread,2024-11-19
Stamford Street Co. Garlic Baguette x2 330g,71p,22p / 100g,null,fresh_food,pizza_pasta_gbread,2024-11-19
Sainsbury's Stonebaked Pepperoni Hand Stretched Pizza 270g,£3.50,£12.96 / kg,£2.50,fresh_food,pizza_pasta_gbread,2024-11-19
Sainsbury's Garlic Flatbread 210g,£1.90,90p / 100g,null,fresh_food,pizza_pasta_gbread,2024-11-19
Sainsbury's Cheese & Garlic Flatbread 224g,£1.90,85p / 100g,null,fresh_food,pizza_pasta_gbread,2024-11-19
"Sainsbury's Garlic Flatbread, Taste the Difference 195g",£2.60,£1.33 / 100g,£2.00,fresh_food,pizza_pasta_gbread,2024-11-19
Sainsbury's Fresh Egg Tagliatelle 500g,£2.25,£4.50 / kg,null,fresh_food,pizza_pasta_gbread,2024-11-19
Sainsbury's Tomato & Mascarpone Sauce 350g (Serves 2),£1.90,54p / 100g,null,fresh_food,pizza_pasta_gbread,2024-11-19
"Crosta & Mollica Margherita Sourdough Pizza Tomato, Mozzarel...",£5.75,£14.27 / kg,null,fresh_food,pizza_pasta_gbread,2024-11-19
Sainsbury's Fresh Egg Fusilli 500g,£2.25,£4.50 / kg,null,fresh_food,pizza_pasta_gbread,2024-11-19
Sainsbury's Tomato & Basil Sauce 350g (Serves 2),£1.90,54p / 100g,null,fresh_food,pizza_pasta_gbread,2024-11-19
"Sainsbury's Mozzarella & Cherry Tomato Pizza, Taste the Diff...",£4.75,£9.81 / kg,null,fresh_food,pizza_pasta_gbread,2024-11-19
"Sainsbury's Basil Pesto, Taste the Difference 150g",£2.90,£1.93 / 100g,null,fresh_food,pizza_pasta_gbread,2024-11-19
La Famiglia Rana Spinach & Ricotta Fresh Tortelloni 250g,£3.00,£12.00 / kg,null,fresh_food,pizza_pasta_gbread,2024-11-19
Sainsbury's Chicken & Bacon Tortelloni 300g,£2.00,£6.67 / kg,£1.75,fresh_food,pizza_pasta_gbread,2024-11-19
"Sainsbury's Salami, Prosciutto & Chorizo Pizza, Taste the Di...",£4.75,£10.44 / kg,null,fresh_food,pizza_pasta_gbread,2024-11-19
Sainsbury's Tomato & Mozzarella Tortelloni 300g,£2.00,£6.67 / kg,£1.75,fresh_food,pizza_pasta_gbread,2024-11-19
"Sainsbury's Butternut Squash & Sage Ravioli, Taste the Diffe...",£3.25,£13.00 / kg,null,fresh_food,pizza_pasta_gbread,2024-11-19
Sainsbury's Ciabatta Breadsticks 135g,£2.00,£1.48 / 100g,null,fresh_food,pizza_pasta_gbread,2024-11-19
Sainsbury's Farfalle Pasta 500g,69p,£1.38 / kg,null,fresh_food,pizza_pasta_gbread,2024-11-19
"Sainsbury's Carbonara Sauce, Taste the Difference 350g (Serv...",£2.90,83p / 100g,null,fresh_food,pizza_pasta_gbread,2024-11-19
Sainsbury's Cheese Sauce 350g (Serves 2),£1.90,54p / 100g,null,fresh_food,pizza_pasta_gbread,2024-11-19
Sainsbury's Fresh Egg Lasagne Sheets 250g,£2.00,£8.00 / kg,null,fresh_food,pizza_pasta_gbread,2024-11-19
"Sainsbury's Pomodoro Sauce, Taste the Difference 350g (Serve...",£2.90,83p / 100g,null,fresh_food,pizza_pasta_gbread,2024-11-19
Pizza Express Sloppy Guiseppe Pizza 305g,£5.50,£18.84 / kg,null,fresh_food,pizza_pasta_gbread,2024-11-19
"Sainsbury's Prosciutto Mushroom & Mascarpone Pizza, Taste th...",£4.75,£9.90 / kg,null,fresh_food,pizza_pasta_gbread,2024-11-19
Stamford Street Co. Cheese & Tomato Pizza 309g,£1.30,£4.33 / kg,null,fresh_food,pizza_pasta_gbread,2024-11-19
Crosta & Mollica Stromboli Sourdough Pizza Spicy Salami & Pe...,£5.75,£12.86 / kg,null,fresh_food,pizza_pasta_gbread,2024-11-19
"Sainsbury's Thin & Crispy 10"" Pizza Base x2 260g",£1.30,£5.00 / kg,null,fresh_food,pizza_pasta_gbread,2024-11-19
Sainsbury's Fresh Egg Penne 500g,£2.25,£4.50 / kg,null,fresh_food,pizza_pasta_gbread,2024-11-19
"Sainsbury's Basil & Pine Nuts Ravioli, Taste the Difference ...",£3.25,£13.00 / kg,null,fresh_food,pizza_pasta_gbread,2024-11-19
Sainsbury's Stonebaked Meat Feast Hand Stretch Pizza 306g,£3.50,£11.48 / kg,£2.50,fresh_food,pizza_pasta_gbread,2024-11-19
Crosta & Mollica Ready to Top Pizza Base with Tomato Sauce 2...,£2.35,£8.70 / kg,£2.00,fresh_food,pizza_pasta_gbread,2024-11-19
Sainsbury's Garlic Slices with a Parsley Topping x8 235g,£2.25,96p / 100g,null,fresh_food,pizza_pasta_gbread,2024-11-19
Sainsbury's Takeaway Garlic & Herb Dip 90g,£1.60,£17.78 / kg,null,fresh_food,pizza_pasta_gbread,2024-11-19
La Famiglia Rana Prosciutto Cotto & Mozzarella Fresh Tortell...,£3.00,£12.00 / kg,null,fresh_food,pizza_pasta_gbread,2024-11-19
La Famiglia Rana Mushroom & Ricotta Fresh Tortelloni 250g,£3.00,£12.00 / kg,null,fresh_food,pizza_pasta_gbread,2024-11-19
La Famiglia Rana Aubergine Parmigiana Fresh Tortelloni 250g,£3.00,£12.00 / kg,null,fresh_food,pizza_pasta_gbread,2024-11-19
Sainsbury's Stonebaked Ham & Pineapple Hand Stretched Pizza ...,£3.50,£11.86 / kg,£2.50,fresh_food,pizza_pasta_gbread,2024-11-19
"Sainsbury's Parmesan & Garlic Twists, Taste the Difference 1...",£2.00,£2.00 / 100g,null,fresh_food,pizza_pasta_gbread,2024-11-19
"Sainsbury's Wood Fired Napoli Salami & Chilli Honey Pizza, A...",£4.75,£10.33 / kg,null,fresh_food,pizza_pasta_gbread,2024-11-19
"Sainsbury's Chicken & Bacon Pasta Bake Ready Meal For 1, Tas...",£4.25,£11.33 / kg,null,fresh_food,pizza_pasta_gbread,2024-11-19
Sainsbury's Stonebaked BBQ Chicken Hand Stretched Pizza 300g,£3.50,£11.67 / kg,£2.50,fresh_food,pizza_pasta_gbread,2024-11-19
Sainsbury's Stuffed Crust Pepperoni Delight Pizza 613g,£5.25,£8.56 / kg,null,fresh_food,pizza_pasta_gbread,2024-11-19
Sainsbury's Fresh Egg Spaghetti 500g,£2.25,£4.50 / kg,null,fresh_food,pizza_pasta_gbread,2024-11-19
Sainsbury's Prosciutto Cappelletti 300g,£2.00,£6.67 / kg,£1.75,fresh_food,pizza_pasta_gbread,2024-11-19
McCain Shake Shake Fries Sea Salt and Cracked Black Pepper 3...,£2.25,£7.50 / kg,null,fresh_food,pizza_pasta_gbread,2024-11-19
Sainsbury's Smokey Chorizo Tortelloni 300g,£2.00,£6.67 / kg,£1.75,fresh_food,pizza_pasta_gbread,2024-11-19
Sainsbury's Stuffed Crust Cheese Feast Pizza 600g,£5.25,£8.76 / kg,null,fresh_food,pizza_pasta_gbread,2024-11-19
"Sainsbury's Spicy Sausage Maltagliati, Limited Edition, Tast...",£3.25,£13.00 / kg,null,fresh_food,pizza_pasta_gbread,2024-11-19
"Sainsbury's Peppercorn Sauce, Taste the Difference 200g",£2.00,£1.00 / 100g,null,fresh_food,pizza_pasta_gbread,2024-11-19
Sainsbury's Four Cheese Tortelloni 300g,£2.00,£6.67 / kg,£1.75,fresh_food,pizza_pasta_gbread,2024-11-19
Sainsbury's Arrabiata Sauce 350g (Serves 2),£1.90,54p / 100g,null,fresh_food,pizza_pasta_gbread,2024-11-19
"Sainsbury's Spicy Pepperoni & Roquito Pizza, Taste the Diffe...",£4.75,£10.00 / kg,null,fresh_food,pizza_pasta_gbread,2024-11-19
"Sainsbury's Prawn, Chilli & Garlic Ravioli, Taste the Differ...",£3.25,£13.00 / kg,null,fresh_food,pizza_pasta_gbread,2024-11-19
Sainsbury's Ham & Cheese Tortelloni 300g,£2.00,£6.67 / kg,£1.75,fresh_food,pizza_pasta_gbread,2024-11-19
Stamford Street Co. Single Garlic Baguette 165g,50p,30p / 100g,null,fresh_food,pizza_pasta_gbread,2024-11-19
Sainsbury's 12 Breaded Halloumi Fries 204g,£3.25,£15.93 / kg,null,fresh_food,pizza_pasta_gbread,2024-11-19
Sainsbury's Pesto & Goat Cheese Tortelloni 300g,£2.00,£6.67 / kg,£1.75,fresh_food,pizza_pasta_gbread,2024-11-19
Sainsbury's Garlic Mushroom Mascarpone & Truffle Wood Fired ...,£4.75,£11.18 / kg,null,fresh_food,pizza_pasta_gbread,2024-11-19
Crosta & Mollica Regina Sourdough Pizza Prosciutto Ham Mushr...,£5.75,£12.83 / kg,null,fresh_food,pizza_pasta_gbread,2024-11-19
"Sainsbury's Red Onion & Cheddar Flatbread, Taste the Differe...",£2.60,£1.02 / 100g,£2.00,fresh_food,pizza_pasta_gbread,2024-11-19
Chicago Town Tiger Crust Double Pepperoni 320g,£4.00,£12.50 / kg,null,fresh_food,pizza_pasta_gbread,2024-11-19
Rana Tomato & Mozzarella Gnocchi 280g,£3.00,£10.71 / kg,£2.50,fresh_food,pizza_pasta_gbread,2024-11-19
Chicago Town Tiger Crust Cheese Medley 305g,£4.00,£13.11 / kg,null,fresh_food,pizza_pasta_gbread,2024-11-19
Sainsbury's Cheese & Garlic Slices x8 260g,£2.25,87p / 100g,null,fresh_food,pizza_pasta_gbread,2024-11-19
Sainsbury's Cheese & Tomato Pizza 227g,£1.90,£8.37 / kg,null,fresh_food,pizza_pasta_gbread,2024-11-19
"Sainsbury's Pasta Sauce, Sweet Pepper 500g",69p,14p / 100g,null,fresh_food,pizza_pasta_gbread,2024-11-19
"Sainsbury's Black Truffle & Grana Padano Ravioli, Taste the ...",£3.25,£13.00 / kg,null,fresh_food,pizza_pasta_gbread,2024-11-19
"Loyd Grossman Pasta Sauce, Puttanesca 350g",£3.00,86p / 100g,null,fresh_food,pizza_pasta_gbread,2024-11-19
"Sainsbury's Fresh Rigatoni, Taste the Difference 300g",£1.75,£5.83 / kg,null,fresh_food,pizza_pasta_gbread,2024-11-19
Sainsbury's Stonebaked Spinach & Ricotta Hand Stretched Pizz...,£3.50,£12.07 / kg,£2.50,fresh_food,pizza_pasta_gbread,2024-11-19
"Sainsbury's Beef, Pork & Red Wine Ragu Cappellacci, Taste th...",£3.25,£13.00 / kg,null,fresh_food,pizza_pasta_gbread,2024-11-19
Sainsbury's Garlic Doughballs with a Garlic & Parsley Fillin...,£2.50,£1.52 / 100g,£2.00,fresh_food,pizza_pasta_gbread,2024-11-19
Sainsbury's Pepperoni Pizza 251g,£1.90,£7.57 / kg,null,fresh_food,pizza_pasta_gbread,2024-11-19
Sainsbury's Takeaway Mozzarella Sticks Sides 240g,£3.25,£13.54 / kg,null,fresh_food,pizza_pasta_gbread,2024-11-19
"Sainsbury's Garlic Chicken & Smoked Bacon Caesar, Taste the ...",£4.75,£10.22 / kg,null,fresh_food,pizza_pasta_gbread,2024-11-19
Pizza Express BBQ Chicken 272g,£5.50,£20.37 / kg,null,fresh_food,pizza_pasta_gbread,2024-11-19
Sainsbury's Cheese & Bacon Potato Skins x4 256g,£3.25,£12.70 / kg,null,fresh_food,pizza_pasta_gbread,2024-11-19
Sainsbury's Classic Crust Meat Feast Pizza 529g,£5.25,£9.92 / kg,null,fresh_food,pizza_pasta_gbread,2024-11-19
"Loyd Grossman Pasta Sauce, Chargrilled Vegetable 350g",£3.00,86p / 100g,null,fresh_food,pizza_pasta_gbread,2024-11-19
Pizza Express Pre-Rolled Pizza Dough 400g,£2.40,£6.00 / kg,null,fresh_food,pizza_pasta_gbread,2024-11-19
"Sainsbury's Bolognese Sauce, Taste the Difference 350g",£2.90,83p / 100g,null,fresh_food,pizza_pasta_gbread,2024-11-19
Sainsbury's Stonebaked Three Cheese 265g,£3.50,£13.21 / kg,£2.50,fresh_food,pizza_pasta_gbread,2024-11-19
"Sainsbury's Mozzarella & Cherry Tomato Pizza, Taste the Diff...",£3.75,£14.42 / kg,null,fresh_food,pizza_pasta_gbread,2024-11-19
La Famiglia Rana Genovese Basil P.D.O. Pesto 140g,£2.25,£1.61 / 100g,£1.75,fresh_food,pizza_pasta_gbread,2024-11-19
"Sainsbury's Blue Cheese Bacon & Pear Wood Fired Pizza, Taste...",£4.75,£11.73 / kg,null,fresh_food,pizza_pasta_gbread,2024-11-19
Sainsbury's Italian Fresh Egg Linguine 500g,£2.25,£4.50 / kg,null,fresh_food,pizza_pasta_gbread,2024-11-19
Sainsbury's Three Cheese Pasta Bake Ready Meal For 2 750g,£4.25,£5.67 / kg,null,fresh_food,pizza_pasta_gbread,2024-11-19
La Famiglia Rana Garlic & Mozzarella Filled Pan Fry Gnocchi ...,£3.00,£10.71 / kg,£2.50,fresh_food,pizza_pasta_gbread,2024-11-19
Crosta & Mollica Fiorentina Mushrooms Spinach Creamy Garlic ...,£5.75,£12.69 / kg,null,fresh_food,pizza_pasta_gbread,2024-11-19
La Famiglia Rana Sundried Tomato & Pecorino Cheese Fresh Sau...,£2.75,£1.38 / 100g,null,fresh_food,pizza_pasta_gbread,2024-11-19
Stamford Street Co. Cheese Tortelloni 250g,£1.59,£6.36 / kg,null,fresh_food,pizza_pasta_gbread,2024-11-19
"Sainsbury's Hollandaise Sauce, Taste the Difference 200g",£2.00,£1.00 / 100g,£1.75,fresh_food,pizza_pasta_gbread,2024-11-19
"Sainsbury's Prosciutto Mushroom & Mascarpone Pizza, Taste th...",£3.75,£14.88 / kg,null,fresh_food,pizza_pasta_gbread,2024-11-19
Sainsbury's Takeaway Sides Crispy Waffle Fries 300g,£3.25,£10.83 / kg,null,fresh_food,pizza_pasta_gbread,2024-11-19
"Sainsbury's Wood-Fired Four Cheese & Caramelised Red Onion, ...",£4.75,£10.00 / kg,null,fresh_food,pizza_pasta_gbread,2024-11-19
Sainsbury's Meatball Pasta Bake Ready Meal For 4 1.5kg,£7.90,£5.27 / kg,null,fresh_food,pizza_pasta_gbread,2024-11-19
La Famiglia Rana Pan-Fried Gnocchi Original 300g,£2.50,£8.33 / kg,null,fresh_food,pizza_pasta_gbread,2024-11-19
"Sainsbury's Tomato & Burrata Girasoli, Taste the Difference ...",£3.25,£13.00 / kg,null,fresh_food,pizza_pasta_gbread,2024-11-19
Sainsbury's Classic Crust BBQ Chicken Pizza 540g,£5.25,£9.72 / kg,null,fresh_food,pizza_pasta_gbread,2024-11-19
La Famiglia Rana Basil and Pine Nut Pesto Fresh Tortelloni 2...,£3.00,£12.00 / kg,null,fresh_food,pizza_pasta_gbread,2024-11-19
Sainsbury's Breaded Mushrooms Takeaway Sides 350g,£3.25,£9.29 / kg,null,fresh_food,pizza_pasta_gbread,2024-11-19
"Crosta & Mollica Verdure Sourdough Pizza Grilled Vegetables,...",£5.75,£12.21 / kg,null,fresh_food,pizza_pasta_gbread,2024-11-19
Plant Pioneers Spinach Ravioli 250g,£2.50,£10.00 / kg,null,fresh_food,pizza_pasta_gbread,2024-11-19
Annabel Karmel Yummy Chicken Pasta with Tomato & Mascarpone ...,£2.20,£11.00 / kg,null,fresh_food,pizza_pasta_gbread,2024-11-19
"Sainsbury's Four Cheese Sauce, Taste the Difference 350g (Se...",£2.90,83p / 100g,null,fresh_food,pizza_pasta_gbread,2024-11-19
Sainsbury's Takeaway BBQ Dip 90g,£1.60,£17.78 / kg,null,fresh_food,pizza_pasta_gbread,2024-11-19
Sainsbury's Stars Pasta 500g,72p,£1.44 / kg,null,fresh_food,pizza_pasta_gbread,2024-11-19
La Famiglia Rana Mushroom & Roasted Garlic Fresh Sauce 200g,£2.75,£1.38 / 100g,null,fresh_food,pizza_pasta_gbread,2024-11-19
"Sainsbury's Fresh Pappardelle, Taste the Difference 300g",£1.75,£5.83 / kg,null,fresh_food,pizza_pasta_gbread,2024-11-19
"Sainsbury's Aubergine Parmigiana Sauce, Taste the Difference...",£2.90,83p / 100g,null,fresh_food,pizza_pasta_gbread,2024-11-19
La Famiglia Rana Braised Beef & Red Wine Ravioli 250g,£4.00,£16.00 / kg,null,fresh_food,pizza_pasta_gbread,2024-11-19
Sainsbury's Takeaway Cajun Onion Rings 300g,£3.25,£10.83 / kg,null,fresh_food,pizza_pasta_gbread,2024-11-19
Pizza Express Ready to Roll Pizza Dough 400g,£2.40,£6.00 / kg,null,fresh_food,pizza_pasta_gbread,2024-11-19
White Rabbit Mozzarella Master Gluten Free Pizza 350g,£5.25,£14.58 / kg,null,fresh_food,pizza_pasta_gbread,2024-11-19
Sainsbury's Free From Spinach & Ricotta Tortelloni 250g,£2.50,£10.00 / kg,null,fresh_food,pizza_pasta_gbread,2024-11-19
Sainsbury's Chicken & Bacon Pasta Ready Meal For 4 1.5kg,£7.90,£5.27 / kg,null,fresh_food,pizza_pasta_gbread,2024-11-19
White Rabbit Three Cheese Filled Gnocchi 350g,£3.00,£8.57 / kg,null,fresh_food,pizza_pasta_gbread,2024-11-19
White Rabbit Gluten Free Garlicky Focaccine Pack 2x125g,£3.50,£12.96 / kg,£2.50,fresh_food,pizza_pasta_gbread,2024-11-19
Sainsbury's Stonebaked Ham & Mushroom 285g,£3.50,£12.28 / kg,£2.50,fresh_food,pizza_pasta_gbread,2024-11-19
White Rabbit The Smokin' Vegan Pizza 353g,£5.50,£15.58 / kg,£4.00,fresh_food,pizza_pasta_gbread,2024-11-19
Charlie Bigham's Macaroni Cheese 670g,£9.50,£14.18 / kg,null,fresh_food,pizza_pasta_gbread,2024-11-19
Crosta & Mollica Pinsa Roman Pizza Tomato & Mozzarella 154g,£3.50,£22.73 / kg,£3.00,fresh_food,pizza_pasta_gbread,2024-11-19
"Sainsbury's Conchiglioni Pasta, Taste the Difference 500g",£2.00,£4.00 / kg,null,fresh_food,pizza_pasta_gbread,2024-11-19
Rana La Famiglia Bolognese Fresh Tortelloni 250g,£3.00,£12.00 / kg,null,fresh_food,pizza_pasta_gbread,2024-11-19
"Sainsbury's Fresh Radiatori, Taste the Difference 300g",£1.75,£5.83 / kg,null,fresh_food,pizza_pasta_gbread,2024-11-19
Dell Ugo Gluten Free Fresh Potato Gnocchi 350g,£3.60,£10.29 / kg,£2.90,fresh_food,pizza_pasta_gbread,2024-11-19
White Rabbit Proper Pepperoni Sourdough Gluten Free Pizza 35...,£5.25,£15.00 / kg,null,fresh_food,pizza_pasta_gbread,2024-11-19
"Sainsbury's Italian Style Sausage Ragu, Limited Edition, Tas...",£2.90,83p / 100g,null,fresh_food,pizza_pasta_gbread,2024-11-19
La Famiglia Rana Sicilian Style Vegetables Fresh Sauce 200g,£2.75,£1.38 / 100g,null,fresh_food,pizza_pasta_gbread,2024-11-19
La Famiglia Rana Filled Pan-Fry Gnocchi Spinach & Mozzarella...,£3.00,£10.71 / kg,£2.50,fresh_food,pizza_pasta_gbread,2024-11-19
The Gym Kitchen Meat Feast Pasta 400g,£3.75,£9.38 / kg,£3.00,fresh_food,pizza_pasta_gbread,2024-11-19
"Sainsbury's Carbonara Girasoli, Taste the Difference 250g",£3.25,£13.00 / kg,null,fresh_food,pizza_pasta_gbread,2024-11-19
Belazu Basil Pesto 135g,£3.00,£2.22 / 100g,null,fresh_food,pizza_pasta_gbread,2024-11-19
"Sainsbury's Diane Sauce, Taste the Difference 200g",£2.00,£1.00 / 100g,null,fresh_food,pizza_pasta_gbread,2024-11-19
Bare Naked Noodles 250g,£2.00,£8.00 / kg,null,fresh_food,pizza_pasta_gbread,2024-11-19
"La Famiglia Rana Prawn, Burrata & Lemon Zest Girasoli 250g",£4.00,£16.00 / kg,null,fresh_food,pizza_pasta_gbread,2024-11-19
Pizza Express Chilli Cheese 239g,£5.50,£23.01 / kg,null,fresh_food,pizza_pasta_gbread,2024-11-19
Meatless Farm Ham & Mushroom Style Sourdough Pizza 400g,£5.00,£12.50 / kg,null,fresh_food,pizza_pasta_gbread,2024-11-19
Crosta & Mollica Pinsa Roman Pizza Salami & Mozzarella 160g,£3.50,£21.88 / kg,£3.00,fresh_food,pizza_pasta_gbread,2024-11-19
Meatless Farm Spicy Pepperoni Style Sourdough Pizza 410g,£5.00,£12.20 / kg,null,fresh_food,pizza_pasta_gbread,2024-11-19
Pizza Express Classic American Pepperoni Pizza 458g,£6.50,£14.19 / kg,£5.50,fresh_food,pizza_pasta_gbread,2024-11-19
Virtu Pierogi Dumplings with Cottage Cheese and Potatoes 400...,£1.95,£4.88 / kg,null,fresh_food,pizza_pasta_gbread,2024-11-19
Sainsbury’s Stonebaked 14” The Pepperoni One Thin & Crispy P...,£6.00,£6.00 / ea,null,fresh_food,pizza_pasta_gbread,2024-11-19
Sainsbury's Red Wine & Shallot Sauce 200g,£2.00,£1.00 / 100g,null,fresh_food,pizza_pasta_gbread,2024-11-19
"Sainsbury's Katsu Sauce, Taste the Difference 200g",£2.00,£1.00 / 100g,null,fresh_food,pizza_pasta_gbread,2024-11-19
"Sainsbury's Mushroom & Madeira Sauce, Taste the Difference 3...",£2.90,83p / 100g,null,fresh_food,pizza_pasta_gbread,2024-11-19
White Rabbit Aubergine Parmigiana Gluten Free Ravioli 250g,£3.50,£14.00 / kg,null,fresh_food,pizza_pasta_gbread,2024-11-19
Pizza Express Classic Margherita Mozzarella & Tomato Pizza 4...,£6.50,£14.54 / kg,£5.50,fresh_food,pizza_pasta_gbread,2024-11-19
White Rabbit Sourdough Mozzarella & Garlic Flatbread 210g,£3.50,£16.67 / kg,£2.50,fresh_food,pizza_pasta_gbread,2024-11-19
Sainsbury's Chicken Fiesta Mozzarella Sticks 240g,£3.25,£13.54 / kg,null,fresh_food,pizza_pasta_gbread,2024-11-19
Sainsbury's Takeaway Mini Garlic Pizza Breads x2 230g,£3.25,£14.13 / kg,null,fresh_food,pizza_pasta_gbread,2024-11-19
Sainsbury’s Stonebaked 14” The Classic One Thin & Crispy Piz...,£6.00,£6.00 / ea,null,fresh_food,pizza_pasta_gbread,2024-11-19
Sainsbury's Takeaway Classic Crust Easy Cheesy Hot Dog & Oni...,£5.25,£10.50 / kg,null,fresh_food,pizza_pasta_gbread,2024-11-19
McCain Shake Shake Deep Ridge Spicy Chipotle 300g,£2.50,£8.33 / kg,£1.50,fresh_food,pizza_pasta_gbread,2024-11-19
Pizza Express Garlic & Mozzarella Flatbread 290g,£3.50,£12.07 / kg,£1.75,fresh_food,pizza_pasta_gbread,2024-11-19
Sainsbury’s Stonebaked 14” The Classic One Deep Pan Pizza,£6.00,£6.00 / ea,null,fresh_food,pizza_pasta_gbread,2024-11-19
Freee Gluten Free Organic Multigrain Penne 500g,£2.90,£5.80 / kg,null,fresh_food,pizza_pasta_gbread,2024-11-19
Pizza Express Roasted Garlic Ciabatta 250g,£4.00,£1.60 / 100g,null,fresh_food,pizza_pasta_gbread,2024-11-19
La Famiglia Rana Pan-Fried Gnocchi Spinach 300g,£2.50,£8.33 / kg,null,fresh_food,pizza_pasta_gbread,2024-11-19
La Famiglia Rana Sicilian Style Vegetables Girasoli 250g,£4.00,£16.00 / kg,null,fresh_food,pizza_pasta_gbread,2024-11-19
Sainsbury’s Stonebaked 14” The Pepperoni One Deep Pan Pizza,£6.00,£6.00 / ea,null,fresh_food,pizza_pasta_gbread,2024-11-19
Pizza Express Hawaiian 393g,£6.00,£15.27 / kg,null,fresh_food,pizza_pasta_gbread,2024-11-19
Sainsbury’s Garlic Bread,£2.00,£2.00 / ea,null,fresh_food,pizza_pasta_gbread,2024-11-19
Pizza Express Garlic & Mozzarella Flatbread 185g,£3.00,£16.22 / kg,null,fresh_food,pizza_pasta_gbread,2024-11-19
Sainsbury's Stonebaked Thin Vegetable Antipasti Pizza 202g,£3.75,£18.56 / kg,null,fresh_food,pizza_pasta_gbread,2024-11-19
Pizza Express American Hot 385g,£6.00,£15.58 / kg,null,fresh_food,pizza_pasta_gbread,2024-11-19
Pizza Express Cheesy Garlic Dough Balls 130g,£2.50,£1.92 / 100g,null,fresh_food,pizza_pasta_gbread,2024-11-19
Dell Ugo Ricotta & Spinach Cannelloni 300g,£4.20,£14.00 / kg,null,fresh_food,pizza_pasta_gbread,2024-11-19
"Sainsbury's Bearnaise Sauce, Taste the Difference 200g",£2.00,£1.00 / 100g,null,fresh_food,pizza_pasta_gbread,2024-11-19
Belazu Red Chilli Pesto 135g,£3.00,£2.22 / 100g,null,fresh_food,pizza_pasta_gbread,2024-11-19
Takul Halal Kitchen Pepperoni Stonebaked Pizza 335g,£4.00,£11.94 / kg,null,fresh_food,pizza_pasta_gbread,2024-11-19
Bare Naked Rice 250g,£2.00,£8.00 / kg,null,fresh_food,pizza_pasta_gbread,2024-11-19
Belazu Red Pepper Pesto 135g,£3.00,£2.22 / 100g,null,fresh_food,pizza_pasta_gbread,2024-11-19
Pizza Express Margherita Formaggi 393g,£6.00,£15.27 / kg,null,fresh_food,pizza_pasta_gbread,2024-11-19
Sainsbury's Merry Cheesemas Cheese & Tomato Christmas Tree P...,£4.50,£11.90 / kg,null,fresh_food,pizza_pasta_gbread,2024-11-19
Sainsbury's Takeaway Classic Crust 535g,£5.25,£10.61 / kg,null,fresh_food,pizza_pasta_gbread,2024-11-19
"Sainsbury's Onion Gravy, Taste the Difference 450g",£3.25,72p / 100g,null,fresh_food,pizza_pasta_gbread,2024-11-19
Sainsbury's Milk Chocolate Chips 100g,£1.10,£1.10 / 100g,null,bakery,bakery,2024-11-19
"Sainsbury's Victoria Sponge Cake, Taste the Difference 345g",£3.50,£10.14 / kg,null,bakery,bakery,2024-11-19
"Sainsbury's Colombian Coffee & Walnut Cake, Taste the Differ...",£3.50,£8.75 / kg,null,bakery,bakery,2024-11-19
"Sainsbury's Chocolate Cake, Taste the Difference 395g",£3.50,£8.86 / kg,null,bakery,bakery,2024-11-19
"Sainsbury's Lemon Drizzle Cake, Taste the Difference 405g",£3.50,£8.64 / kg,null,bakery,bakery,2024-11-19
"Sainsbury's Carrot Cake, Taste the Difference 395g",£3.50,£8.86 / kg,null,bakery,bakery,2024-11-19
Sainsbury's White Chocolate Chips 100g,£1.10,£1.10 / 100g,null,bakery,bakery,2024-11-19
Stamford Street Co. Fairy Cakes x12,£1.30,11p / ea,null,bakery,bakery,2024-11-19
"Sainsbury's Red Velvet Cake, Taste the Difference 390g",£3.50,£8.97 / kg,null,bakery,bakery,2024-11-19
Mr Kipling Manor House Cake 390g,£3.30,£8.46 / kg,null,bakery,bakery,2024-11-19
Sainsbury's Iced Fairy Cakes x12,£1.50,13p / ea,null,bakery,bakery,2024-11-19
Plant Pioneer Lemon Cake 460g,£3.75,£8.24 / kg,null,bakery,bakery,2024-11-19
Sainsbury's Iced Fairy Cakes x6,£2.00,33p / ea,null,bakery,bakery,2024-11-19
Dr. Oetker Party Candles x18,£1.50,£1.50 / ea,null,bakery,bakery,2024-11-19
"Sainsbury's Cake Decorations, Multi Coloured 100s & 1000s 80...",£1.25,£1.56 / 100g,null,bakery,bakery,2024-11-19
Sainsbury's Birthday & Celebration Wiggles the Caterpillar 6...,£7.50,£12.23 / kg,null,bakery,bakery,2024-11-19
Sainsbury's Cupcakes x12 516g,£7.00,58p / ea,null,bakery,bakery,2024-11-19
OGGS Mini Vanilla Cupcakes x9,£3.95,44p / ea,null,bakery,bakery,2024-11-19
Stamford Street Co. Birthday Celebration Madeira Cake 895g (...,£4.69,£5.24 / kg,null,bakery,bakery,2024-11-19
Stamford Street Co. Birthday Celebration Chocolate Cake 897g...,£4.69,£5.23 / kg,null,bakery,bakery,2024-11-19
Mary Berry Chocolate Cake 425g,£4.00,£9.41 / kg,null,bakery,bakery,2024-11-19
"Sainsbury's Birthday Celebration Rainbow Layer Cake, Taste t...",£15.50,£22.63 / kg,null,bakery,bakery,2024-11-19
Emma's Country Cakes Medley Cupcakes x6,£2.85,48p / ea,null,bakery,bakery,2024-11-19
Giggles Birthday & Celebration The Caterpillar Cake 611g,£7.50,£12.27 / kg,null,bakery,bakery,2024-11-19
Sainsbury's Large Chocolate Birthday Celebration Cake 1.28kg...,£12.50,£9.77 / kg,null,bakery,bakery,2024-11-19
Sainsbury's Birthday Celebration Chocolate Party Cake 938g (...,£8.50,£9.06 / kg,null,bakery,bakery,2024-11-19
"Sainsbury's Writing Icing, Colours 4x19g",£2.35,£3.09 / 100g,null,bakery,bakery,2024-11-19
Sainsbury's Hidden Centre Cupcakes x12,£8.00,67p / ea,null,bakery,bakery,2024-11-19
Sainsbury's Birthday & Celebration Roarsome Lion Cake 860g,£13.50,£14.44 / kg,null,bakery,bakery,2024-11-19
Sainsbury's Birthday Celebration Madeira Tray Bake Cake 645g...,£7.00,£10.94 / kg,null,bakery,bakery,2024-11-19
Sainsbury's Small Chocolate Birthday Celebration Cake 550g (...,£9.00,£16.36 / kg,null,bakery,bakery,2024-11-19
Sainsbury's Birthday Celebration Chocolate Tray Bake Cake 70...,£7.00,£9.93 / kg,null,bakery,bakery,2024-11-19
Sainsbury's Red Velvet Cupcakes x2,£1.50,75p / ea,null,bakery,bakery,2024-11-19
Mary Berry Peony Rose Birthday Celebration Cake 956g (Serves...,£15.50,£16.00 / kg,null,bakery,bakery,2024-11-19
Lazy Day Foods Vegan & Free From Vanilla Cake 375g,£4.85,£1.29 / 100g,null,bakery,bakery,2024-11-19
Sainsbury's Birthday & Celebration Football Cake 837g,£10.00,£11.95 / kg,null,bakery,bakery,2024-11-19
Sainsbury's Triple Layer Chocolate Birthday Celebration Cake...,£16.00,£8.60 / kg,null,bakery,bakery,2024-11-19
Sainsbury's Chocolate Cupcakes x2,£1.50,75p / ea,null,bakery,bakery,2024-11-19
Sainsbury's Birthday Celebration Madeira Party Cake 880g (Se...,£8.50,£9.57 / kg,null,bakery,bakery,2024-11-19
Sainsbury's Birthday Celebration Decorate Your Own Cake 905g...,£8.50,£9.39 / kg,null,bakery,bakery,2024-11-19
Cadbury Birthday Celebration Flake Chcocolate Cake 960g (Ser...,£12.00,£12.20 / kg,null,bakery,bakery,2024-11-19
"Sainsbury's Birthday Celebration Loaded Lemon Cake, Taste th...",£15.50,£18.34 / kg,null,bakery,bakery,2024-11-19
"Sainsbury's Birthday & Celebration Cookies & Cream Cake, Tas...",£15.50,£16.32 / kg,null,bakery,bakery,2024-11-19
Lazy Day Free From Chocolate Celebration Cake 650g,£8.25,£1.27 / 100g,null,bakery,bakery,2024-11-19
"Sainsbury's Cake Decorations, Sugar Stars 43g",£1.25,£2.98 / 100g,null,bakery,bakery,2024-11-19
Sainsbury's Birthday Celebration Princess Madeira Cake 951g ...,£12.50,£13.14 / kg,null,bakery,bakery,2024-11-19
"Sainsbury's Birthday & Celebration Mini Chocolate Gift Cake,...",£5.50,£21.57 / kg,null,bakery,bakery,2024-11-19
"Sainsbury's Birthday & Celebration Mini Lemon Gift Cake, Tas...",£5.50,£21.57 / kg,null,bakery,bakery,2024-11-19
Sainsbury's Birthday & Celebration Rose Bouquet Madeira Cake...,£15.50,£17.32 / kg,null,bakery,bakery,2024-11-19
Sainsbury's Happy Birthday Celebration Madeira Cake 1208g (S...,£13.00,£10.76 / kg,null,bakery,bakery,2024-11-19
Plant Pioneers Birthday Celebration Chocolate Vegan Cake 565...,£8.00,£14.16 / kg,null,bakery,bakery,2024-11-19
Marvel Birthday Celebration Spiderman Cake 800g (Serves 14),£14.00,£17.50 / kg,null,bakery,bakery,2024-11-19
"Sainsbury's Birthday Celebration Loaded Chocolate Cake, Tast...",£15.50,£17.13 / kg,null,bakery,bakery,2024-11-19
Sainsbury's Birthday & Celebration Puppy Cake 861g,£13.50,£15.68 / kg,null,bakery,bakery,2024-11-19
Sainsbury's Birthday & Celebration Farmyard Cake 835g,£13.50,£16.17 / kg,null,bakery,bakery,2024-11-19
Just Love Food Company Birthday Celebration Nut Free Cake (S...,£9.00,£15.28 / kg,null,bakery,bakery,2024-11-19
Sainsbury's Birthday Celebration Mega Chocolate Tray Bake Ca...,£13.00,£8.13 / kg,null,bakery,bakery,2024-11-19
Sainsbury's Birthday Celebration Small Madeira Party Cake 55...,£8.00,£14.39 / kg,null,bakery,bakery,2024-11-19
Galaxy Birthday & Celebration Traybake Cake 694g (Serves 15),£10.00,£14.41 / kg,null,bakery,bakery,2024-11-19
Dr. Oetker Lettered Happy Birthday Candles,£2.25,£2.25 / ea,null,bakery,bakery,2024-11-19
Bluey Birthday Celebration Nut Free Cake 859g (Serves 16),£14.00,£16.30 / kg,null,bakery,bakery,2024-11-19
Sainsbury's Birthday Celebration Unicorn Madeira Cake 931g (...,£13.50,£14.50 / kg,null,bakery,bakery,2024-11-19
Thorntons Birthday Celebration Indulgent Gift Cake 317g (Ser...,£6.00,£18.18 / kg,null,bakery,bakery,2024-11-19
Sainsbury's White Chocolate Birthday Celebration Cake 839g (...,£13.00,£15.49 / kg,null,bakery,bakery,2024-11-19
Dr. Oetker Celebration Candles x6,£2.00,33p / ea,null,bakery,bakery,2024-11-19
Sainsbury's Birthday Celebration Strawberry & White Chocolat...,£15.50,£16.32 / kg,null,bakery,bakery,2024-11-19
Galaxy Birthday Celebration Ripple Cake 688g (Serves 12),£14.00,£20.35 / kg,null,bakery,bakery,2024-11-19
Pokemon Birthday Celebration Cake 762g (Serves 16),£14.00,£18.37 / kg,null,bakery,bakery,2024-11-19
Cadbury Crunchie Celebration Cake 1091g,£12.00,£11.00 / kg,null,bakery,bakery,2024-11-19
Peppa Pig Celebration Cake 852g,£14.00,£16.43 / kg,null,bakery,bakery,2024-11-19
Maltesers Chocolate Cake 375g,£4.00,£10.31 / kg,£2.75,bakery,bakery,2024-11-19
Thornton's Chocolate Birthday Celebration Cake 990g (Serves ...,£15.00,£15.00 / kg,null,bakery,bakery,2024-11-19
"Sainsbury's Chocolate & Hazelnut Cake, Taste the Difference ...",£15.50,£16.94 / kg,null,bakery,bakery,2024-11-19
Sainsbury's Chocolate Birthday Celebration Cake Cubes 739g,£11.00,73p / kg,null,bakery,bakery,2024-11-19
Hovis Seed Sensations Seven Seeds Medium Sliced Seeded Bread...,£1.95,24p / 100g,null,bakery,bakery,2024-11-19
Kingsmill Medium Sliced 50/50 Bread 800g,£1.30,16p / 100g,null,bakery,bakery,2024-11-19
Hovis Soft Medium Sliced White Bread 800g,£1.39,17p / 100g,null,bakery,bakery,2024-11-19
Sainsbury's Soft Multiseed Farmhouse Thick Sliced Wholemeal ...,£1.40,18p / 100g,null,bakery,bakery,2024-11-19
Warburtons Soft Farmhouse Thick Sliced White Bread 800g,£1.60,20p / 100g,null,bakery,bakery,2024-11-19
Sainsbury's Toastie Thick Sliced White Bread 800g,75p,9p / 100g,null,bakery,bakery,2024-11-19
Sainsbury's Medium Sliced Wholemeal Bread 800g,75p,9p / 100g,null,bakery,bakery,2024-11-19
Warburtons Toastie Thick Sliced White Bread 800g,£1.40,18p / 100g,null,bakery,bakery,2024-11-19
Sainsbury's Soft Medium Sliced White Bread 800g,74p,9p / 100g,null,bakery,bakery,2024-11-19
Warburtons Medium Sliced Wholemeal Bread 400g,99p,25p / 100g,null,bakery,bakery,2024-11-19
Hovis Soft Thick Sliced White Bread 800g,£1.39,17p / 100g,null,bakery,bakery,2024-11-19
Sainsbury's Bake at Home White Baguettes x2,£1.15,58p / ea,null,bakery,bakery,2024-11-19
Sainsbury's Garlic Baguette x2 390g,£1.80,46p / 100g,£1.35,bakery,bakery,2024-11-19
Hovis Medium Sliced Wholemeal Bread 800g,£1.39,17p / 100g,null,bakery,bakery,2024-11-19
Warburtons Thick Sliced Seeded Bread 800g,£1.90,24p / 100g,£1.65,bakery,bakery,2024-11-19
"Sainsbury's Sourdough Medium Sliced White Bread, Taste the D...",£1.80,45p / 100g,null,bakery,bakery,2024-11-19
Black Sheep Craft Tiger Bloomer Bread 800g,£1.95,24p / 100g,null,bakery,bakery,2024-11-19
Jason's Sourdough The Great White Bread 450g,£2.00,44p / 100g,null,bakery,bakery,2024-11-19
Jason's Sourdough White Ciabattin Bread 580g,£2.00,34p / 100g,null,bakery,bakery,2024-11-19
Sainsbury's Garlic Baguette 195g,£1.00,51p / 100g,null,bakery,bakery,2024-11-19
Warburtons Soft Tiger Bloomer Bread 600g,£1.65,28p / 100g,£1.35,bakery,bakery,2024-11-19
Warburtons Soft Sliced White Rolls x6,£1.20,20p / ea,null,bakery,bakery,2024-11-19
Warburtons Toastie Thick Sliced White Bread 400g,99p,25p / 100g,null,bakery,bakery,2024-11-19
Hovis Granary Medium Sliced Bread 800g,£1.95,24p / 100g,null,bakery,bakery,2024-11-19
"Sainsbury's Seeded Sourdough Loaf Bread, Taste the Differenc...",£1.80,45p / 100g,null,bakery,bakery,2024-11-19
Warburtons Medium Sliced White Bread 800g,£1.40,18p / 100g,null,bakery,bakery,2024-11-19
Warburtons Lighter Medium Sliced Danish White Bread 400g,£1.25,31p / 100g,null,bakery,bakery,2024-11-19
Kingsmill Thick Sliced 50/50 Bread 800g,£1.30,16p / 100g,null,bakery,bakery,2024-11-19
Hovis Seed Sensations Seven Seeds Medium Sliced Seeded Bread...,£1.15,29p / 100g,null,bakery,bakery,2024-11-19
Jason's Sourdough Grains & Seeds Ciabatt Bread,£2.00,34p / 100g,null,bakery,bakery,2024-11-19
Sainsbury's Thick Sliced Wholemeal Bread 800g,75p,9p / 100g,null,bakery,bakery,2024-11-19
Kingsmill Soft Medium Sliced White Bread 800g,£1.30,16p / 100g,£1.00,bakery,bakery,2024-11-19
Hovis Thick Sliced Wholemeal Bread 800g,£1.39,17p / 100g,null,bakery,bakery,2024-11-19
Sainsbury's Crusty White Baguette 400g,£1.25,£1.25 / ea,null,bakery,bakery,2024-11-19
Sainsbury's Bake at Home White Petit Pains x6,£1.15,19p / ea,null,bakery,bakery,2024-11-19
Sainsbury's Thick Lightly Seeded Bread 800g,85p,11p / 100g,null,bakery,bakery,2024-11-19
Hovis Tasty Medium Sliced Wholemeal Bread 400g,£1.00,25p / 100g,90p,bakery,bakery,2024-11-19
Sainsbury's Wholemeal Bread SO Organic 400g,£1.25,31p / 100g,null,bakery,bakery,2024-11-19
"Sainsbury's Bake at Home Stonebaked White Baguettes, Taste t...",£1.75,70p / 100g,null,bakery,bakery,2024-11-19
"Sainsbury's Sourdough Pave Bread, Taste the Difference 400g",£2.00,50p / 100g,null,bakery,bakery,2024-11-19
Warburtons Soft Farmhouse Medium Sliced Bread 400g,£1.25,31p / 100g,null,bakery,bakery,2024-11-19
Sainsbury's All Butter Croissants x4,£1.40,35p / ea,null,bakery,bakery,2024-11-19
Hovis Granary Thick Sliced Bread 800g,£1.95,24p / 100g,null,bakery,bakery,2024-11-19
Warburtons Danish Lighter Wholemeal Bread 400g,£1.25,31p / 100g,null,bakery,bakery,2024-11-19
"Sainsbury's Wholemeal Sourdough Half Bloomer Bread, Taste th...",£1.80,45p / 100g,null,bakery,bakery,2024-11-19
Warburtons Soft Sliced White Rolls x12,£1.85,15p / ea,null,bakery,bakery,2024-11-19
"Sainsbury's Bake at Home Stonebaked White Pave Rolls, Taste ...",£1.75,44p / ea,null,bakery,bakery,2024-11-19
"Sainsbury's San Francisco Style Sourdough Bread, Taste the D...",£2.00,50p / 100g,null,bakery,bakery,2024-11-19
"Sainsbury's Wheat & Rye Sourdough Half Bloomer Bread, Taste ...",£1.80,45p / 100g,null,bakery,bakery,2024-11-19
Warburtons Medium Wholemeal Bread 800g,£1.35,17p / 100g,null,bakery,bakery,2024-11-19
"Sainsbury's Ancient Grain Pave Bread, Taste the Difference 4...",£2.10,53p / 100g,null,bakery,bakery,2024-11-19
"Sainsbury's Super Seeds White Farmhouse Bread, Taste the Dif...",£1.40,18p / 100g,null,bakery,bakery,2024-11-19
Kingsmill Tasty Wholemeal Medium Bread 800g,£1.30,16p / 100g,£1.00,bakery,bakery,2024-11-19
Sainsbury's Garlic Baguette x2 338g,85p,£2.51 / kg,null,bakery,bakery,2024-11-19
Hovis Farmhouse Bread 800g,£1.40,18p / 100g,null,bakery,bakery,2024-11-19
Warburtons Premium Old English White Bread 400g,£1.80,45p / 100g,£1.50,bakery,bakery,2024-11-19
Allinson's Batch Baked Scandalous Seeds Wholemeal Bread 650g,£1.80,28p / 100g,null,bakery,bakery,2024-11-19
Warburtons White Sandwich Thins x6,£1.40,23p / ea,null,bakery,bakery,2024-11-19
Sainsbury's Kalamata Olive Bread Taste the Difference 400g,£2.00,50p / 100g,null,bakery,bakery,2024-11-19
Allinson The Champion Medium Sliced Wholemeal Bread 650g,£1.80,28p / 100g,null,bakery,bakery,2024-11-19
"Sainsbury's Sunflower & Pumpkin Bread, Taste the Difference ...",£1.45,18p / 100g,null,bakery,bakery,2024-11-19
Sainsbury's Medium Both in One Bread 800g,75p,9p / 100g,null,bakery,bakery,2024-11-19
Hovis Granary Thick Sliced Bread 400g,£1.25,31p / 100g,null,bakery,bakery,2024-11-19
Warburtons Milk Roll Soft Medium Sliced White Bread 400g,£1.25,31p / 100g,null,bakery,bakery,2024-11-19
Hovis Granary Thick Sliced Wholemeal Bread 800g,£1.95,24p / 100g,null,bakery,bakery,2024-11-19
Sainsbury's Crusty White Baguette,£1.25,£1.25 / ea,null,bakery,bakery,2024-11-19
"Sainsbury's White Sourdough Bloomer Thick Sliced Bread, Tast...",£2.60,33p / 100g,null,bakery,bakery,2024-11-19
Sainsbury's Bake at Home Brown Baguettes x2,£1.15,58p / ea,null,bakery,bakery,2024-11-19
"Warburtons Tiger Artisan Bloomer, Gluten Free 400g",£3.50,88p / 100g,null,bakery,bakery,2024-11-19
Jason's Sourdough Superb Sprouted Grains Bread 450g,£2.00,44p / 100g,null,bakery,bakery,2024-11-19
Sainsbury's Giraffe Baguette (Tiger) 400g,£1.25,£1.25 / ea,null,bakery,bakery,2024-11-19
Sainsbury's Bakery White Tiger Bread 800g,£1.50,19p / 100g,null,bakery,bakery,2024-11-19
Sainsbury's Thick Soft White Farmhouse Bread 800g,85p,11p / 100g,null,bakery,bakery,2024-11-19
Sainsbury's White Cheese Topped Rolls 4 Pack,£1.20,30p / ea,null,bakery,bakery,2024-11-19
Sainsbury's Wholemeal Bread Medium 400g,65p,16p / 100g,null,bakery,bakery,2024-11-19
Warburtons Medium Sliced White Bread 400g,99p,25p / 100g,null,bakery,bakery,2024-11-19
Promise Gluten Free Multigrain Loaf 480g,£3.60,75p / 100g,null,bakery,bakery,2024-11-19
Schar Gluten Free Wholesome Seeded Loaf 300g,£2.95,98p / 100g,£2.50,bakery,bakery,2024-11-19
Stamford Street Co. Medium Wholemeal Bread 800g,47p,6p / 100g,null,bakery,bakery,2024-11-19
"Sainsbury's Multiseed Loaf Bread, Taste the Difference 800g",£1.50,19p / 100g,null,bakery,bakery,2024-11-19
Stamford Street Co. Medium White Bread 800g,47p,6p / 100g,null,bakery,bakery,2024-11-19
Black Sheep Malted Bloomer Bread 800g,£1.95,24p / 100g,null,bakery,bakery,2024-11-19
Black Sheep Craft White Bloomer Bread 800g,£1.95,24p / 100g,null,bakery,bakery,2024-11-19
Hovis Half Loaf Soft White Medium Bread 400g,£1.00,25p / 100g,90p,bakery,bakery,2024-11-19
Hovis Medium Sliced Wheatgerm Bread 400g,£1.00,25p / 100g,null,bakery,bakery,2024-11-19
Sainsbury's White Baton,80p,80p / ea,null,bakery,bakery,2024-11-19
"Sainsbury's Stonebaked Ciabatta Bread, Taste the Difference ...",£2.00,50p / 100g,null,bakery,bakery,2024-11-19
Warburtons Gluten Free Multiseed Loaf 300g,£2.20,73p / 100g,null,bakery,bakery,2024-11-19
Sainsbury's Farmhouse Loaf White Bread 800g,£1.50,19p / 100g,null,bakery,bakery,2024-11-19
"Sainsbury’s White Sourdough Bloomer Bread, Taste the Differe...",£2.25,56p / 100g,null,bakery,bakery,2024-11-19
Warburtons Gluten Free White Bread Sourdough 400g,£3.50,88p / 100g,null,bakery,bakery,2024-11-19
Kingsmill Medium Sliced 50/50 Bread 400g,£1.20,30p / 100g,null,bakery,bakery,2024-11-19
Sainsbury's Sliced Brioche Loaf 500g,£1.69,34p / 100g,null,bakery,bakery,2024-11-19
Jason's Recipe No 06 Majestic Malted Straight Up Sourdough B...,£2.00,44p / 100g,null,bakery,bakery,2024-11-19
Sainsbury's Sandwich Loaf White Bread 800g,£1.45,18p / 100g,null,bakery,bakery,2024-11-19
Kelderman Stone Baked Rye Bread 500g,£2.00,40p / 100g,null,bakery,bakery,2024-11-19
"Sainsbury's Tiger Loaf Bread, Taste the Difference 800g",£1.40,18p / 100g,null,bakery,bakery,2024-11-19
Sainsbury's Baguettine,50p,50p / ea,null,bakery,bakery,2024-11-19
Hovis Seeded Batch Bread 800g,£1.50,19p / 100g,null,bakery,bakery,2024-11-19
Warburtons Seeded Thick Sliced White Bread 400g,£1.20,30p / 100g,null,bakery,bakery,2024-11-19
Sainsbury's White Farmhouse Loaf 800g,£1.50,19p / 100g,null,bakery,bakery,2024-11-19
Sainsbury's Free From White Sliced Bread 535g,£1.90,36p / 100g,null,bakery,bakery,2024-11-19
Vogel's Soya & Linseed Medium Sliced Bread 800g,£2.30,29p / 100g,null,bakery,bakery,2024-11-19
"Sainsbury's Stonebaked White Baguette, Taste the Difference",£1.50,38p / 100g,null,bakery,bakery,2024-11-19
Sainsbury's Free From Brown Sliced Bread 535g,£1.90,36p / 100g,null,bakery,bakery,2024-11-19
Sainsbury's Toastie Sliced White Bread 400g,65p,16p / 100g,null,bakery,bakery,2024-11-19
Hovis Seed Sensations Malted Wholegrains Bread 800g,£1.85,23p / 100g,null,bakery,bakery,2024-11-19
Kelderman German Style Rye Bread 400g,£2.00,50p / 100g,null,bakery,bakery,2024-11-19
Sainsbury's Farmhouse White Bread 400g,£1.00,25p / 100g,null,bakery,bakery,2024-11-19
Sainsbury's Bakery White Tiger Bread 400g,£1.00,25p / 100g,null,bakery,bakery,2024-11-19
Sainsbury's Giraffe Baguette,£1.25,£1.25 / ea,null,bakery,bakery,2024-11-19
Sainsbury's Cheese Baton,80p,80p / ea,null,bakery,bakery,2024-11-19
Schar White Wholesome Loaf 300g,£2.95,98p / 100g,£2.50,bakery,bakery,2024-11-19
"Sainsbury's Red Onion & Cheddar Flatbread, Taste the Differe...",£2.60,£1.02 / 100g,£2.00,bakery,bakery,2024-11-19
Kingsmill No Crusts Soft Medium Sliced White Bread 400g,£1.95,49p / 100g,null,bakery,bakery,2024-11-19
"Sainsbury's Rosemary & Sea Salt Focaccia, Taste the Differen...",£2.10,84p / 100g,null,bakery,bakery,2024-11-19
Warburtons Protein Power Bread 700g,£2.00,29p / 100g,£1.50,bakery,bakery,2024-11-19
Irwin's Together Potato Breads x4,£2.00,50p / ea,null,bakery,bakery,2024-11-19
Kingsmill Soft White Bread Thick 800g,£1.30,16p / 100g,£1.00,bakery,bakery,2024-11-19
Irwin's Together Brown Soda Bread 400g,£1.90,48p / 100g,null,bakery,bakery,2024-11-19
"Sainsbury's Multiseed Medium Sliced Half Bloomer Bread, Tast...",£1.80,45p / 100g,null,bakery,bakery,2024-11-19
Warburtons Gluten Free White Loaf 300g,£2.20,73p / 100g,null,bakery,bakery,2024-11-19
Sainsbury's Wholemeal Rustic Roll,40p,40p / ea,null,bakery,bakery,2024-11-19
Sainsbury's White Bloomer Bread 800g,£1.50,19p / 100g,null,bakery,bakery,2024-11-19
"Sainsbury's Seeded Baguette, Taste the Difference 400g",£1.50,38p / 100g,null,bakery,bakery,2024-11-19
"Sainsbury's Brown Sourdough Bread, Taste the Difference 400g",£2.10,53p / 100g,null,bakery,bakery,2024-11-19
"Sainsbury's White Tinned Sourdough, Taste the Difference 500...",£1.80,36p / 100g,null,bakery,bakery,2024-11-19
"Sainsbury's Multiseed Loaf Bread, Taste Difference 800g",£1.50,19p / 100g,null,bakery,bakery,2024-11-19
"Sainsbury's Free From Tiger Loaf, Taste the Difference 400g",£3.15,79p / 100g,null,bakery,bakery,2024-11-19
Sainsbury's Free From Seeded Sliced Bread 535g,£1.90,36p / 100g,null,bakery,bakery,2024-11-19
Sainsbury's White Baton,80p,80p / ea,null,bakery,bakery,2024-11-19
Sainsbury's White Bread SO Organic 400g,£1.25,31p / 100g,null,bakery,bakery,2024-11-19
Promise Gluten Free Wholesome Brown Loaf 480g,£3.60,75p / 100g,null,bakery,bakery,2024-11-19
"Sainsbury's Seeded Tinned Sourdough, Taste the Difference 50...",£1.80,36p / 100g,null,bakery,bakery,2024-11-19
Sainsbury's Hand Crafted Bread 400g,£1.15,29p / 100g,null,bakery,bakery,2024-11-19
Sainsbury's Giraffe Vienna Tiger Rolls x4,90p,23p / ea,null,bakery,bakery,2024-11-19
Sainsbury's White Loaf 400g,£1.00,25p / 100g,null,bakery,bakery,2024-11-19
Black Sheep Seeded Bloomer Bread 800g,£1.95,24p / 100g,null,bakery,bakery,2024-11-19
"Sainsbury's Mixed Fruit Bloomer Bread, Taste the Difference ...",£2.25,£2.25 / ea,null,bakery,bakery,2024-11-19
"Sainsbury's Walnut Pave, Taste the Difference",£2.25,£2.25 / ea,null,bakery,bakery,2024-11-19
Hi-Lo Seeded Medium Sliced Wholemeal Bread 400g,£2.30,58p / 100g,null,bakery,bakery,2024-11-19
Sainsbury's Well Fired Loaf Bread 400g,£1.15,29p / 100g,null,bakery,bakery,2024-11-19
Sainsbury's Giraffe Baton,80p,80p / ea,null,bakery,bakery,2024-11-19
Hovis Seed Sensations Sunflower & Pumpkin 800g,£1.85,23p / 100g,null,bakery,bakery,2024-11-19
Kingsmill Extra Thick Toastie Bread 800g,£1.00,13p / 100g,null,bakery,bakery,2024-11-19
Promise Gluten Free Soft White Loaf 480g,£3.60,75p / 100g,null,bakery,bakery,2024-11-19
"Sainsbury's Crusty Rolls, Taste the Difference x6 300g",£1.75,29p / ea,null,bakery,bakery,2024-11-19
Kingsmill Tasty Wholemeal No Crusts 400g,£1.95,49p / 100g,null,bakery,bakery,2024-11-19
"Sainsbury's Multiseed Loaf Bread, Taste the Difference 400g",£1.25,31p / 100g,null,bakery,bakery,2024-11-19
Schär Wholesome Vitality Loaf 350g,£3.00,86p / 100g,£2.50,bakery,bakery,2024-11-19
Sainsbury's Seeded Baton,80p,80p / ea,null,bakery,bakery,2024-11-19
"Sainsbury's Stonebaked White Baton, Taste the Difference",£1.00,£1.00 / ea,null,bakery,bakery,2024-11-19
"Sainsbury's Free From Seeded Sourdough Cob, Taste the Differ...",£3.15,79p / 100g,null,bakery,bakery,2024-11-19
Sainsbury's Giraffe Bloomer 400g,£1.00,25p / 100g,null,bakery,bakery,2024-11-19
"Sainsbury's Free From Fruit Loaf, Taste the Difference 385g",£2.75,71p / 100g,null,bakery,bakery,2024-11-19
Sainsbury's Multiseed Bread Taste Difference 400g,£1.25,31p / 100g,null,bakery,bakery,2024-11-19
Sainsbury's Giraffe Bloomer 800g,£1.50,19p / 100g,null,bakery,bakery,2024-11-19
Sainsbury's On the Go Ham & Cheese Sub Roll,£2.85,£2.85 / ea,null,bakery,bakery,2024-11-19
Genius DGF Multi Seeded Farmhouse 430g,£2.75,64p / 100g,null,bakery,bakery,2024-11-19
Promise Gluten Free Chia and Quinoa Loaf 480g,£3.60,75p / 100g,null,bakery,bakery,2024-11-19
Kingsmill Vitamin Boost Bread 750g,£1.50,20p / 100g,null,bakery,bakery,2024-11-19
Sainsbury's Seeded Baguette,£1.25,£1.25 / ea,null,bakery,bakery,2024-11-19
Sainsbury's White Bloomer Bread 400g,£1.00,25p / 100g,null,bakery,bakery,2024-11-19
"Sainsbury's West Country Cheddar Stick, Taste the Difference",60p,60p / ea,null,bakery,bakery,2024-11-19
Modern Baker Superloaf Seeded & Sliced 400g,£2.25,56p / 100g,null,bakery,bakery,2024-11-19
Irwin's Together Soda Bread Minis x4,£2.00,50p / ea,null,bakery,bakery,2024-11-19
Promise Gluten Free Handcrafted Sourdough Baguette 180g,£3.30,£1.83 / 100g,null,bakery,bakery,2024-11-19
Sainsbury's Cracked Black Pepper White Sourdough Half Bloome...,£1.80,45p / 100g,null,bakery,bakery,2024-11-19
Genius DGF Soft White Farmhouse 430g,£2.75,64p / 100g,null,bakery,bakery,2024-11-19
Promise Gluten Free Handcrafted Sourdough Rustic White 400g,£4.15,£1.04 / 100g,null,bakery,bakery,2024-11-19
Genius DGF Soft Brown Farmhouse 430g,£2.75,64p / 100g,null,bakery,bakery,2024-11-19
BFree High Protein Wraps 4x42g,£3.80,£2.26 / 100g,null,bakery,bakery,2024-11-19
Sainsbury's Seeded White Bloomer Bread 800g,£1.50,£1.50 / ea,null,bakery,bakery,2024-11-19
Genius DGF Soft White Toastie 430g,£2.75,64p / 100g,null,bakery,bakery,2024-11-19
Sainsbury's Malted Grain Loaf 400g,£1.25,£1.25 / ea,null,bakery,bakery,2024-11-19
Sainsbury's Italian Baguette x2,£1.80,£4.62 / kg,null,bakery,bakery,2024-11-19
"Sainsbury's Partbaked Baguette, Taste the Difference 250g",£1.75,70p / 100g,null,bakery,bakery,2024-11-19
Sainsbury's Multiseed Baton Taste the Difference,85p,85p / ea,null,bakery,bakery,2024-11-19
"New York Bakery Co. Bagels, Plain x5",£1.90,38p / ea,null,bakery,bakery,2024-11-19
Sainsbury's Plain Bagel x5,79p,16p / ea,null,bakery,bakery,2024-11-19
"New York Bakery Co. Bagels, Sesame x5",£1.90,38p / ea,null,bakery,bakery,2024-11-19
Sainsbury's Brioche Burger Buns x4,£1.05,26p / ea,null,bakery,bakery,2024-11-19
Warburtons Protein Thin Bagels x4,£1.75,44p / ea,£1.25,bakery,bakery,2024-11-19
Stamford Street Co. White Rolls x4 300g,69p,17p / ea,null,bakery,bakery,2024-11-19
Warburtons Soft Sliced White Rolls x6,£1.20,20p / ea,null,bakery,bakery,2024-11-19
"New York Bakery Co. Bagels, Cinnamon & Raisin x5",£1.90,38p / ea,null,bakery,bakery,2024-11-19
"Sainsbury's Brioche Burger Buns, Taste the Difference x4",£1.40,35p / ea,null,bakery,bakery,2024-11-19
Warburtons Original Thin Bagels x6,£1.75,29p / ea,£1.25,bakery,bakery,2024-11-19
Sheldons White Oven Bottom Muffins x6,£1.50,25p / ea,null,bakery,bakery,2024-11-19
Sainsbury's White Jumbo Hot Dog Rolls x6,89p,15p / ea,null,bakery,bakery,2024-11-19
Stamford Street Co. Wholemeal Rolls x4 300g,69p,17p / ea,null,bakery,bakery,2024-11-19
Sainsbury's Stonebaked Ciabatta Rolls x4,£1.60,53p / 100g,null,bakery,bakery,2024-11-19
Warburtons Soft Sliced Wholemeal Rolls x6,£1.20,20p / ea,null,bakery,bakery,2024-11-19
Warburtons Soft Sliced White Rolls x12,£1.85,15p / ea,null,bakery,bakery,2024-11-19
Sainsbury's Panini x4,£1.35,42p / 100g,null,bakery,bakery,2024-11-19
Sainsbury's White Crusty Rolls x6,90p,15p / ea,null,bakery,bakery,2024-11-19
"Sainsbury's Half Ciabatta, Taste the Difference x2",£2.00,£1.00 / ea,null,bakery,bakery,2024-11-19
Sainsbury's Large Oat Topped Wholemeal Deli Rolls x4,£1.10,28p / ea,null,bakery,bakery,2024-11-19
St. Pierre Seeded Brioche Burger Buns Pre-Sliced x4,£2.80,70p / ea,null,bakery,bakery,2024-11-19
"New York Bakery Co. Bagels, Wholemeal x5",£1.90,38p / ea,null,bakery,bakery,2024-11-19
Warburtons Sliced Original Bagels x5,£1.90,38p / ea,£1.35,bakery,bakery,2024-11-19
Sheldon's Sliced Hot Dog Rolls x6,£1.30,22p / ea,null,bakery,bakery,2024-11-19
Fitzgeralds Family Bakery Deli Style Sourdough Bagels Pre-Sl...,£2.10,42p / ea,null,bakery,bakery,2024-11-19
Sainsbury's Sesame Seed Brioche Burger Buns x4,£1.05,26p / ea,null,bakery,bakery,2024-11-19
St. Pierre Brioche Buns x6,£2.80,47p / ea,null,bakery,bakery,2024-11-19
Warburtons Gluten Free Super Soft Sliced Square Rolls x4 240...,£2.90,£1.21 / 100g,null,bakery,bakery,2024-11-19
Sainsbury's White Crusty Rolls x6,90p,15p / ea,null,bakery,bakery,2024-11-19
New York Bakery Co. Onion & Chive Bagels x5,£1.90,38p / ea,null,bakery,bakery,2024-11-19
Sainsbury's White Rolls x6,90p,15p / ea,null,bakery,bakery,2024-11-19
Sainsbury's Brioche Hot Dog Rolls x6,£1.39,23p / ea,null,bakery,bakery,2024-11-19
Sainsbury's Large Multi Seeded Deli Rolls x4,£1.10,28p / ea,null,bakery,bakery,2024-11-19
Sheldon's Burger Buns x6,£1.40,23p / ea,null,bakery,bakery,2024-11-19
Sainsbury's White Cheese Topped Rolls 4 Pack,£1.20,30p / ea,null,bakery,bakery,2024-11-19
Sainsbury's Mini Ciabatta Roll,40p,40p / ea,null,bakery,bakery,2024-11-19
Crosta & Mollica Piadina Organic Wholeblend Italian Flatbrea...,£2.00,67p / 100g,null,bakery,bakery,2024-11-19
Sainsbury's Cheese Topped Rolls x4,£1.20,30p / ea,null,bakery,bakery,2024-11-19
"Sainsbury's Sourdough Roll, Taste the Difference",60p,60p / ea,null,bakery,bakery,2024-11-19
"Sainsbury's Stonebaked Ciabatta Bread, Taste the Difference ...",£2.00,50p / 100g,null,bakery,bakery,2024-11-19
Sainsbury's Large White Baps x4,90p,23p / ea,null,bakery,bakery,2024-11-19
St. Pierre Chocolate Chip Brioche Swirls x6,£2.40,40p / ea,null,bakery,bakery,2024-11-19
Sainsbury's Wholemeal Rolls x6,90p,15p / ea,null,bakery,bakery,2024-11-19
Sainsbury's Morning Roll,40p,40p / ea,null,bakery,bakery,2024-11-19
Warburtons Cinnamon & Raisin Thin Bagels x6,£1.75,29p / ea,£1.25,bakery,bakery,2024-11-19
Sainsbury's White Finger Rolls x6,90p,15p / ea,null,bakery,bakery,2024-11-19
Sheldons Large Brown Bap x4,£1.30,33p / ea,null,bakery,bakery,2024-11-19
Sainsbury's Large Soft White Rolls x6,£1.20,20p / ea,null,bakery,bakery,2024-11-19
Sainsbury's Large Sesame Rolls x4,£1.05,26p / ea,null,bakery,bakery,2024-11-19
Fitzgeralds Family Bakery Deli Style Poppy Seed Bagels x5 42...,£2.10,42p / ea,null,bakery,bakery,2024-11-19
Warburtons Sliced Sesame Bagels x5,£1.90,38p / ea,£1.35,bakery,bakery,2024-11-19
"Sainsbury's Ciabatta, Taste the Difference",£1.95,72p / 100g,null,bakery,bakery,2024-11-19
Warburtons Sliced Cinnamon & Raisin Bagels x5,£1.90,38p / ea,£1.35,bakery,bakery,2024-11-19
St Pierre Burger Buns x4,£2.50,63p / ea,null,bakery,bakery,2024-11-19
Sainsbury's Scottish White Morning Rolls x6,90p,15p / ea,null,bakery,bakery,2024-11-19
St. Pierre Brioche Swirls x6,£2.40,40p / ea,null,bakery,bakery,2024-11-19
Sainsbury's White Vienna Rolls x4,90p,23p / ea,null,bakery,bakery,2024-11-19
Sainsbury's Wholemeal Rustic Roll,40p,40p / ea,null,bakery,bakery,2024-11-19
Warburtons Sesame Thin Bagels x6,£1.50,25p / ea,£1.25,bakery,bakery,2024-11-19
"Sainsbury's Halkidiki Olive Roll, Taste the Difference",60p,60p / ea,null,bakery,bakery,2024-11-19
Schar Gluten Free White Ciabatta Rolls x4,£2.40,£1.20 / 100g,null,bakery,bakery,2024-11-19
St Pierre Brioche Hot Dog Rolls 4pk,£1.95,49p / ea,null,bakery,bakery,2024-11-19
Sainsbury's Crusty White Roll,40p,40p / ea,null,bakery,bakery,2024-11-19
Kingsmill Soft White Large Rolls x6,£1.20,20p / ea,null,bakery,bakery,2024-11-19
Sainsbury's White Cheese Roll,40p,40p / ea,null,bakery,bakery,2024-11-19
Sainsbury's Super Seed Grain Large Rolls Taste the Differenc...,£1.05,£1.05 / ea,null,bakery,bakery,2024-11-19
Schar Gluten Free Brown Ciabatta Rolls x4,£2.40,£1.20 / 100g,null,bakery,bakery,2024-11-19
Sainsbury's Super Seed Grain Rolls Taste the Difference x6,£1.05,£1.05 / ea,null,bakery,bakery,2024-11-19
Sainsbury's Large Wholemeal Baps x4,90p,23p / ea,null,bakery,bakery,2024-11-19
"Sainsbury's Kalamata Olive Ciabatta, Taste the Difference 27...",£2.10,78p / 100g,null,bakery,bakery,2024-11-19
Sainsbury's White Plait Roll,40p,40p / ea,null,bakery,bakery,2024-11-19
"Sainsbury's Free From Tiger Rolls, Taste the Difference x4",£2.85,£1.10 / 100g,null,bakery,bakery,2024-11-19
"Sainsbury's Sumptuously Seeded Roll, Taste the Difference",60p,60p / ea,null,bakery,bakery,2024-11-19
Promise Gluten Free Plain Bagels 280g,£3.50,£3.50 / ea,null,bakery,bakery,2024-11-19
Promise Gluten Free Handcrafted Sourdough Soft White Rolls 2...,£3.50,£1.35 / 100g,null,bakery,bakery,2024-11-19
Warburtons Gluten Free Super Soft Seeded Sliced Rolls,£2.90,73p / ea,£2.35,bakery,bakery,2024-11-19
Sainsbury's Sub Rolls x4,£1.00,25p / ea,null,bakery,bakery,2024-11-19
Warburtons Gluten Free Soft Sliced Brioche Rolls x4,£2.90,73p / ea,£2.35,bakery,bakery,2024-11-19
"New York Bakery Co. Sweet Maple Bagels, Limited Edition x5",£2.10,42p / ea,null,bakery,bakery,2024-11-19
Schär Panini Rolls 150g,£1.90,£1.27 / 100g,null,bakery,bakery,2024-11-19
Sainsbury's Multiseed Soft Baps Taste the Difference x4,£1.00,25p / ea,null,bakery,bakery,2024-11-19
Promise Gluten Free Multiseed Bagels 280g,£3.50,£3.50 / ea,null,bakery,bakery,2024-11-19
Genius Multi Seeded Rolls x4,£2.10,75p / 100g,null,bakery,bakery,2024-11-19
Genius Soft White Rolls x4,£2.10,75p / 100g,null,bakery,bakery,2024-11-19
Sainsbury's Yum Yums x4,£1.50,38p / ea,null,bakery,bakery,2024-11-19
"Sainsbury's Mince Pies, Taste the Difference x6 325g",£3.00,50p / ea,£2.00,bakery,bakery,2024-11-19
Sainsbury's Short Crust Mince Pies x4,£1.50,38p / ea,£1.00,bakery,bakery,2024-11-19
Sainsbury's Mince Pies x6 320g,£1.70,28p / ea,null,bakery,bakery,2024-11-19
"Sainsbury's Mini Mince Pies, Taste the Difference x9 216g",£3.00,33p / ea,£2.00,bakery,bakery,2024-11-19
Sainsbury's Chocolate Mini Rolls Cakes x10,£1.29,13p / ea,null,bakery,bakery,2024-11-19
Sainsbury's Egg Custard Tarts 2x81g,£1.00,62p / 100g,null,bakery,bakery,2024-11-19
Sainsbury's Egg Custard Tarts 4x81g,£1.50,46p / 100g,null,bakery,bakery,2024-11-19
McVitie's Jaffa Cakes Original Biscuits Cakes x10,£1.25,£1.14 / 100g,null,bakery,bakery,2024-11-19
Soreen Malt Lunchbox Loaf Bars x5,£1.80,36p / ea,£1.25,bakery,bakery,2024-11-19
Tunnock's Milk Chocolate Teacakes Biscuits x10,£2.75,£1.72 / 100g,null,bakery,bakery,2024-11-19
Sainsbury's Belgian Chocolate Eclairs 2x55g,£2.00,£1.82 / 100g,£1.30,bakery,bakery,2024-11-19
McVitie's Jaffa Cakes Original Biscuits Snack Pack 6x3 198g,£2.00,91p / 100g,null,bakery,bakery,2024-11-19
Sainsbury's Cherry Bakewells Cake Tarts x6,£1.19,20p / ea,null,bakery,bakery,2024-11-19
Soreen Banana Lunchbox Loaf Bars x5,£1.80,36p / ea,£1.25,bakery,bakery,2024-11-19
Mr Kipling Angel Cake Slices x6,£2.75,46p / ea,null,bakery,bakery,2024-11-19
Mr Kipling Mini Battenbergs Cakes x5,£2.50,50p / ea,null,bakery,bakery,2024-11-19
Cadbury Chocolate Mini Rolls Cakes x10,£3.50,35p / ea,null,bakery,bakery,2024-11-19
Sainbury's Puff Mince Pies,£1.50,38p / ea,£1.00,bakery,bakery,2024-11-19
"Sainsbury's Victoria Sponge Cake, Taste the Difference 345g",£3.50,£10.14 / kg,null,bakery,bakery,2024-11-19
Sainsbury's Flapjack Cake Slices x5,£1.25,25p / ea,null,bakery,bakery,2024-11-19
Stamford Street Co. Chocolate Chip Cake Bars 107g,75p,15p / ea,null,bakery,bakery,2024-11-19
Mr Kipling Cherry Bakewells Cakes x6,£3.00,50p / ea,null,bakery,bakery,2024-11-19
"Soreen Gingerbread Mini Loaves Festive Snack Bars, Limited E...",£1.25,25p / ea,null,bakery,bakery,2024-11-19
"Sainsbury's Colombian Coffee & Walnut Cake, Taste the Differ...",£3.50,£8.75 / kg,null,bakery,bakery,2024-11-19
Sainsbury's Genoa Loaf Cake 320g,£1.80,£5.63 / kg,£1.50,bakery,bakery,2024-11-19
Sainsbury's Jaffa Cakes x24 282g,£1.30,46p / 100g,null,bakery,bakery,2024-11-19
Mr Kipling Lemon Cake Slices x6,£2.75,46p / ea,null,bakery,bakery,2024-11-19
Sainsbury's Bramley Apple Pies x6,£1.29,22p / ea,null,bakery,bakery,2024-11-19
"Sainsbury's Milk Chocolate Yule Log, Taste The Difference 44...",£5.75,£1.31 / 100g,null,bakery,bakery,2024-11-19
"Sainsbury's Chocolate Cake, Taste the Difference 395g",£3.50,£8.86 / kg,null,bakery,bakery,2024-11-19
McVitie's Jamaica Ginger Cake 245g,£1.50,£6.12 / kg,£1.00,bakery,bakery,2024-11-19
Mr Kipling Almond Cake Slices x6,£2.75,46p / ea,null,bakery,bakery,2024-11-19
Sainsbury's Belgian Chocolate Eclairs 4x34g,£2.25,£1.65 / 100g,null,bakery,bakery,2024-11-19
Mr Kipling Vienesse Whirl Cakes x6,£2.50,42p / ea,£1.25,bakery,bakery,2024-11-19
Sainsbury's Christmas Pudding 100g,£1.00,£1.00 / 100g,null,bakery,bakery,2024-11-19
Sainsbury's Teacakes x6,£1.40,23p / ea,null,bakery,bakery,2024-11-19
"Sainsbury's Stollen Slices, Taste the Difference x6 200g",£4.00,67p / ea,null,bakery,bakery,2024-11-19
Real Lancashire Eccles Cakes x4,£2.40,60p / ea,null,bakery,bakery,2024-11-19
Sainsbury's Mini Flapjack Cake Bites x20,£2.75,£1.15 / 100g,null,bakery,bakery,2024-11-19
"Sainsbury's 18 Month Matured Christmas Pudding, Taste the Di...",£6.00,£1.50 / 100g,null,bakery,bakery,2024-11-19
"Sainsbury's Frangipane Mince Pies, Taste the Difference x4 1...",£3.00,75p / ea,null,bakery,bakery,2024-11-19
Sainsbury's Fruit Jam Tarts x6,£1.25,21p / ea,null,bakery,bakery,2024-11-19
"Sainsbury's Lemon Drizzle Cake, Taste the Difference 405g",£3.50,£8.64 / kg,null,bakery,bakery,2024-11-19
Soreen Apple Lunchbox Loaf Bars x5,£1.80,36p / ea,£1.25,bakery,bakery,2024-11-19
Sainsbury's Free From Mince Pies with a Rich Spiced Mincemea...,£2.20,55p / ea,null,bakery,bakery,2024-11-19
Sainsbury's Apple Turnovers 2x77g,£2.00,£1.35 / 100g,null,bakery,bakery,2024-11-19
Warburtons Potato Cakes x6,95p,16p / ea,null,bakery,bakery,2024-11-19
Bonne Maman Madeleines Cakes 175g,£2.90,£16.57 / kg,£2.15,bakery,bakery,2024-11-19
Mr Kipling Country Cake Slices x6,£2.75,46p / ea,£1.50,bakery,bakery,2024-11-19
Sainsbury's Iced Fruit Cake 400g,£3.50,£8.75 / kg,null,bakery,bakery,2024-11-19
"Sainsbury's Carrot Cake, Taste the Difference 395g",£3.50,£8.86 / kg,null,bakery,bakery,2024-11-19
Sainsbury's Chocolate Cornflake Clusters Cake Bites x15,£2.75,£2.29 / 100g,null,bakery,bakery,2024-11-19
Sainsbury's Fresh Custard Slices x2 180g,£1.85,£1.03 / 100g,null,bakery,bakery,2024-11-19
Mr Kipling French Fancies Cakes x8,£3.00,38p / ea,£2.00,bakery,bakery,2024-11-19
Cadbury Raspberry Mini Rolls Cakes x10,£3.50,35p / ea,null,bakery,bakery,2024-11-19
"Sainsbury's Raspberry Swiss Roll Cake, Taste the Difference ...",£1.75,£6.53 / kg,null,bakery,bakery,2024-11-19
Tan Y Castell Welsh Cakes,£1.09,18p / ea,null,bakery,bakery,2024-11-19
Mr Kipling Bakewell Cake Slices X6,£2.75,46p / ea,£1.50,bakery,bakery,2024-11-19
Sainsbury's Millionaire Cake Bites x22,£2.60,£1.08 / 100g,null,bakery,bakery,2024-11-19
"Sainsbury's Brandy & Brown Butter Mince Pies, Taste the Diff...",£3.00,75p / ea,null,bakery,bakery,2024-11-19
Mrs Crimble's Gluten Free Choc Macaroons x6,£1.50,25p / ea,null,bakery,bakery,2024-11-19
Sainsbury's Cherry Madeira Loaf Cake 268g,£1.80,£6.72 / kg,£1.50,bakery,bakery,2024-11-19
Sainsbury's Bramley Apple & Blackcurrant Pies x6,£1.50,25p / ea,null,bakery,bakery,2024-11-19
"Sainsbury's 18 Month Matured Christmas Pudding, Taste the Di...",£2.00,£2.00 / 100g,null,bakery,bakery,2024-11-19
Sainsbury's Brownie Cake Bites x20,£2.75,£1.53 / 100g,null,bakery,bakery,2024-11-19
Sainsbury's Angel Loaf Cake 250g,£1.80,£7.20 / kg,£1.50,bakery,bakery,2024-11-19
Soreen Strawberry Lunchbox Loaf Bars x5,£1.80,36p / ea,£1.25,bakery,bakery,2024-11-19
Sainsbury's Madeira Loaf Cake 275g,£1.80,£6.55 / kg,£1.50,bakery,bakery,2024-11-19
"Sainsbury's Apricot & Amaretto Stollen Bites, Taste the Diff...",£3.50,£2.00 / 100g,null,bakery,bakery,2024-11-19
Sainsbury's Strawberry Jam & Cream Horns 98g,£2.00,£2.04 / 100g,null,bakery,bakery,2024-11-19
Soreen Lift Bars Blueberry x4,£2.00,50p / ea,null,bakery,bakery,2024-11-19
Cadbury Chocolate Mini Rolls Cakes x5,£2.00,40p / ea,£1.25,bakery,bakery,2024-11-19
"Sainsbury's Ecclefechan Tarts, Taste the Difference x4 185g",£3.00,75p / ea,null,bakery,bakery,2024-11-19
Sainsbury's Christmas Pudding 800g,£5.50,69p / 100g,null,bakery,bakery,2024-11-19
"Sainsbury's Cherry & Kirsch Stollen Bites, Taste the Differe...",£3.50,£2.06 / 100g,null,bakery,bakery,2024-11-19
"Sainsbury's Mini Mince Pies, Taste the Difference x9 275g",£3.50,39p / ea,£3.25,bakery,bakery,2024-11-19
"Sainsbury's Cinnamon Bun Cake, Taste the Difference 345g",£3.50,£10.14 / kg,null,bakery,bakery,2024-11-19
McVitie's Galaxy Chocolate Cake Bars x5,£2.25,45p / ea,null,bakery,bakery,2024-11-19
Stamford Street Co. Raspberry Mini Rolls Cakes 102g,85p,14p / ea,null,bakery,bakery,2024-11-19
Sainsbury's Double Chocolate Brownie Cake Bites Tub 240g,£3.00,£1.25 / 100g,£2.00,bakery,bakery,2024-11-19
Mr Kipling Angel Cake Slices x8,£3.00,38p / ea,£2.00,bakery,bakery,2024-11-19
Sainsbury's Walnut Loaf Cake 306g,£1.80,£5.88 / kg,£1.50,bakery,bakery,2024-11-19
Bonne Maman Chocolate Madeleines Cakes 210g,£2.90,£13.81 / kg,£2.15,bakery,bakery,2024-11-19
Sainsbury's Chocolate Chip Panettone 100g,£1.50,£1.50 / 100g,null,bakery,bakery,2024-11-19
Sainsbury's Strawberry Jam & Cream Victoria Sponge 340g,£3.35,99p / 100g,null,bakery,bakery,2024-11-19
Stamford Street Co. Fairy Cakes x12,£1.30,11p / ea,null,bakery,bakery,2024-11-19
"Sainsbury's Red Velvet Cake, Taste the Difference 390g",£3.50,£8.97 / kg,null,bakery,bakery,2024-11-19
Soreen Malt Lunchbox Loaf Bars x10,£2.50,25p / ea,null,bakery,bakery,2024-11-19
Sainsbury's Lemon Madeira Loaf Cake 302g,£1.80,£5.96 / kg,£1.50,bakery,bakery,2024-11-19
Stamford Street Co. Strawberry & Vanilla Swiss Roll Cake 365...,£1.90,£5.21 / kg,null,bakery,bakery,2024-11-19
Mr Kipling Apple Pies x6,£3.00,50p / ea,null,bakery,bakery,2024-11-19
Sainsbury's Double Chocolate Mini Rolls Cake Bites Tub 295g,£3.00,£1.02 / 100g,£2.00,bakery,bakery,2024-11-19
Sainsbury's Carrot Cake Slices x6,£1.10,18p / ea,null,bakery,bakery,2024-11-19
Sainsbury's Lemon Drizzle Loaf Cake 235g,£1.90,£8.09 / kg,null,bakery,bakery,2024-11-19
"Sainsbury's Iced Rich Fruit Cake Slices, Taste the Differenc...",£4.25,71p / ea,null,bakery,bakery,2024-11-19
Sainsbury's Country Cake Slices x6,£1.10,18p / ea,null,bakery,bakery,2024-11-19
Sainsbury's New York Cheesecake 450g,£1.85,41p / 100g,null,bakery,bakery,2024-11-19
Sainsbury's Chocolate Mini Roll Cake Bites x14,£2.75,£1.15 / 100g,null,bakery,bakery,2024-11-19
Mr Kipling Fruit Pie Selection x6,£3.00,50p / ea,null,bakery,bakery,2024-11-19
Sainsbury's Millionaire Cake Bites Tub 260g,£3.00,£1.15 / 100g,£2.00,bakery,bakery,2024-11-19
Mr Kipling Manor House Cake 390g,£3.30,£8.46 / kg,null,bakery,bakery,2024-11-19
Mr Kipling Frosty Fancies Cakes Pack x8,£2.00,25p / ea,null,bakery,bakery,2024-11-19
Sainsbury's Iced Fairy Cakes x12,£1.50,13p / ea,null,bakery,bakery,2024-11-19
Mr Kipling Jam Tarts x6,£3.00,50p / ea,null,bakery,bakery,2024-11-19
Sainsbury's Raspberry Swiss Roll Cake 190g,£1.10,£5.79 / kg,null,bakery,bakery,2024-11-19
Daelmans Caramel Stroopwafels x8,£2.00,25p / ea,null,bakery,bakery,2024-11-19
Kuchenmeister Stollen Luxury Marzipan 200g,£2.50,£1.25 / 100g,null,bakery,bakery,2024-11-19
Soreen Lift Bars Raspberry & Vanilla x4,£2.00,50p / ea,null,bakery,bakery,2024-11-19
Cadbury Cornflake Cluster Cake Bites x14,£2.75,£1.79 / 100g,£2.00,bakery,bakery,2024-11-19
Sainsbury's Caramel Shortcake Cake Slices x4,£1.30,98p / 100g,null,bakery,bakery,2024-11-19
Sainsbury's Free From Iced Mince Pies with a Rich Spiced Min...,£2.50,63p / ea,null,bakery,bakery,2024-11-19
Sainsbury's Pastel De Nata,£1.00,£1.00 / ea,null,bakery,bakery,2024-11-19
Cadbury Reindeer Cakes x4,£2.50,63p / ea,null,bakery,bakery,2024-11-19
Sainsbury's Raspberry Turnovers 2x65g,£2.00,£1.54 / 100g,null,bakery,bakery,2024-11-19
Specialite Locale Sultana Fingerellas Cakes 250g,£1.85,£7.40 / kg,null,bakery,bakery,2024-11-19
"Sainsbury's Chocolate & Hazelnut Panettone, Taste the Differ...",£10.50,£1.31 / 100g,£8.50,bakery,bakery,2024-11-19
"Sainsbury's Sticky Toffee Cake, Taste the Difference 425g",£3.50,£8.24 / kg,null,bakery,bakery,2024-11-19
Sainsbury's Free From Flapjack Slices x4,£2.00,50p / ea,null,bakery,bakery,2024-11-19
Sainsbury's Brownie Cake Slices x4,£1.35,75p / 100g,null,bakery,bakery,2024-11-19
Sainsbury's Rocky Road Cake Bites x18,£2.75,£1.91 / 100g,null,bakery,bakery,2024-11-19
Sainsbury's Madeleines Cakes 250g,£2.00,£8.00 / kg,null,bakery,bakery,2024-11-19
Sainsbury's Lemon Cake Slices x6,£1.10,18p / ea,null,bakery,bakery,2024-11-19
Sainsbury's Iced Madeira Loaf Cake 298g,£1.80,£6.04 / kg,£1.50,bakery,bakery,2024-11-19
Mr Kipling Chocolate Cake Slices x8,£3.00,38p / ea,£2.00,bakery,bakery,2024-11-19
Sainsbury's Free From Chocolate Brownies x4,£2.75,69p / ea,null,bakery,bakery,2024-11-19
Sainsbury's Free From Angel Cake Slices x4,£2.30,58p / ea,null,bakery,bakery,2024-11-19
Sainsbury's Pastel De Nata x4,£2.25,56p / ea,null,bakery,bakery,2024-11-19
Mr Kipling Deliciously Good Bramley Apple Pies x6,£3.00,50p / ea,null,bakery,bakery,2024-11-19
McVitie's Hobnobs Oaty Flapjacks Milk Chocolate Multipack 5x...,£1.25,25p / ea,£1.00,bakery,bakery,2024-11-19
Sainsbury's Butter Flapjack Cake Bites Tub 335g,£3.00,90p / 100g,£2.00,bakery,bakery,2024-11-19
Sainsbury's Free From Gingerbread Biscuit 32g,£1.00,£31.25 / kg,null,bakery,bakery,2024-11-19
Sainsbury's Milk Chocolate Flapjack Cake Bites x18,£2.75,£1.27 / 100g,null,bakery,bakery,2024-11-19
Sainsbury's Chocolate Sponge Pudding 100g,£1.25,£1.25 / 100g,null,bakery,bakery,2024-11-19
Sainsbury's Free From Iced Fruit Cake Slices 210g,£2.75,£1.31 / 100g,null,bakery,bakery,2024-11-19
"Sainsbury's Chocolate Sponge Roll, Taste the Difference 235g",£1.60,£6.81 / kg,null,bakery,bakery,2024-11-19
McVitie's Jaffa Original Cake Bar Multipack 5x26.2g,£1.80,36p / ea,£1.00,bakery,bakery,2024-11-19
"Sainsbury's Rich Fruit Cake, Taste the Difference 800g",£8.00,£1.00 / 100g,null,bakery,bakery,2024-11-19
Cadbury Mini Yule Logs Triple Chocolate x5,£2.50,50p / ea,null,bakery,bakery,2024-11-19
Aunt Bessie's Gluten Free Golden Yorkshire Pudding Mix 120g,£1.40,£11.67 / kg,null,bakery,bakery,2024-11-19
Sainsbury's Iced Coffee Loaf Cake 293g,£1.80,£6.14 / kg,£1.50,bakery,bakery,2024-11-19
Mr Kipling Bramley Apple & Blackcurrant Pies x6,£3.00,50p / ea,null,bakery,bakery,2024-11-19
Schar Gluten Free Jaffa Cakes 150g,£1.70,£1.70 / 100g,null,bakery,bakery,2024-11-19
Schär Madeleines 8x30g,£3.10,39p / ea,null,bakery,bakery,2024-11-19
"Sainsbury's Classic Panettone, Taste the Difference 100g",£3.00,£3.00 / 100g,null,bakery,bakery,2024-11-19
Sainsbury's Chocolate & Hazelnut Tarts with All Butter Pastr...,£3.00,£1.71 / 100g,null,bakery,bakery,2024-11-19
Mr Kipling Festive Bakewell Tart Cakes Pack x6,£2.00,33p / ea,null,bakery,bakery,2024-11-19
"Sainsbury's Limoncello Panettone, Taste the Difference 800g",£10.50,£1.31 / 100g,£8.50,bakery,bakery,2024-11-19
Thorntons Caramel Shortcake Mini Cake Bites x10,£1.80,18p / ea,£1.00,bakery,bakery,2024-11-19
Plant Pioneer Lemon Cake 460g,£3.75,£8.24 / kg,null,bakery,bakery,2024-11-19
Sainsbury's Choc Chip Cookies Cake Bites x20,£2.75,£1.25 / 100g,null,bakery,bakery,2024-11-19
McVitie's Jaffa Cakes Original Jonuts Biscuits Multipack 4x4...,£2.00,98p / 100g,£1.50,bakery,bakery,2024-11-19
Sainsbury's Chocolate Yule Log 240g,£3.00,£1.25 / 100g,null,bakery,bakery,2024-11-19
Daelmans Mini Caramel Stroopwafels 200g,£2.00,£10.00 / kg,null,bakery,bakery,2024-11-19
Sainsbury's Chocolate Orange Mini Rolls Cake Bites Tub 265g,£3.00,£1.13 / 100g,£2.00,bakery,bakery,2024-11-19
Mrs Crimble's Gluten Free Coconut Macaroons x6,£1.50,25p / ea,null,bakery,bakery,2024-11-19
Sainsbury's Free From Butterfly Cakes x6,£2.50,£1.35 / 100g,null,bakery,bakery,2024-11-19
Sainsbury's Chocolate Madeleines Cakes 250g,£2.00,£8.00 / kg,null,bakery,bakery,2024-11-19
Sainsbury's Mini Shortcake Cake Bites x20,£2.75,£1.38 / 100g,null,bakery,bakery,2024-11-19
Sainsbury's Iced Fairy Cakes x6,£2.00,33p / ea,null,bakery,bakery,2024-11-19
Sainsbury's Free From Mini Yule Logs x4 176g,£2.50,£1.42 / 100g,null,bakery,bakery,2024-11-19
Sainsbury's Mini Wiggles Caterpillar Cakes x5 150g,£2.75,55p / ea,null,bakery,bakery,2024-11-19
Mr Kipling Deliciously Good Bramley Apple & Blackcurrant Pie...,£3.00,50p / ea,null,bakery,bakery,2024-11-19
Mr Kipling Victoria Cake Slices x6,£2.75,46p / ea,£1.50,bakery,bakery,2024-11-19
Lazyday Rocky Road Slices x5 150g,£2.80,56p / ea,null,bakery,bakery,2024-11-19
Arden & Amici Classic Gluten Free Panettone 100g,£3.00,£3.00 / 100g,null,bakery,bakery,2024-11-19
"Sainsbury's All Butter Pandoro, Taste the Difference 750g",£8.50,£1.13 / 100g,null,bakery,bakery,2024-11-19
Lazyday Mini Vic the Vegan Caterpillar Cakes x4 200g,£3.50,£1.75 / 100g,null,bakery,bakery,2024-11-19
Mrs Crimble's Gluten Free Bakewell Slices x4 200g,£1.80,45p / ea,null,bakery,bakery,2024-11-19
Sainsbury's Treacle Tart 380g,£3.80,£1.00 / 100g,null,bakery,bakery,2024-11-19
"Sainsbury's Classico Panettone Tin, Taste the Difference 1kg",£16.50,£1.65 / 100g,£13.50,bakery,bakery,2024-11-19
Thorntons Chocolate Fudge Brownie Mini Cake Bites x10,£1.80,18p / ea,£1.00,bakery,bakery,2024-11-19
McVitie's Jaffa Cake Bars x10,£2.80,28p / ea,null,bakery,bakery,2024-11-19
Dina Assorted Baklava Cake 350g,£5.00,£14.29 / kg,null,bakery,bakery,2024-11-19
Cadbury Raspberry Mini Rolls Cakes x5,£2.00,40p / ea,£1.25,bakery,bakery,2024-11-19
We Love Cake Raspberry Ripple Cake Slices x4 150g,£2.30,58p / ea,null,bakery,bakery,2024-11-19
"Sainsbury's Orange & Candied Lemon Crumble Tarts, Taste the ...",£3.00,75p / ea,null,bakery,bakery,2024-11-19
Stamford Street Co. Chocolate & Vanilla Swiss Roll Cake 365g,£1.90,£5.21 / kg,null,bakery,bakery,2024-11-19
"Sainsbury's Fruit & Nut Stollen, Taste the Difference 545g",£7.50,£1.38 / 100g,null,bakery,bakery,2024-11-19
Sainsbury's Cupcakes x12 516g,£7.00,58p / ea,null,bakery,bakery,2024-11-19
Sainsbury's Crispy Chocolate & Caramel Cake Bites x20,£2.75,£1.77 / 100g,null,bakery,bakery,2024-11-19
Mr Kipling Caramel Tarts x6,£3.00,50p / ea,£1.75,bakery,bakery,2024-11-19
OGGS Mini Vanilla Cupcakes x9,£3.95,44p / ea,null,bakery,bakery,2024-11-19
Stamford Street Co. Birthday Celebration Madeira Cake 895g (...,£4.69,£5.24 / kg,null,bakery,bakery,2024-11-19
Sainsbury's Mini Teacakes Cake Bites x14,£2.75,£1.44 / 100g,null,bakery,bakery,2024-11-19
Stamford Street Co. Birthday Celebration Chocolate Cake 897g...,£4.69,£5.23 / kg,null,bakery,bakery,2024-11-19
Sainsbury's Flapjack Cake Slices x4,£1.30,87p / 100g,null,bakery,bakery,2024-11-19
Sainsbury's Free From Sicilian Lemon & Raspberry Almond Slic...,£2.50,63p / ea,null,bakery,bakery,2024-11-19
Mary Berry Chocolate Cake 425g,£4.00,£9.41 / kg,null,bakery,bakery,2024-11-19
"Sainsbury's Maple & Pecan Cake, Taste the Difference 505g",£4.75,£9.41 / kg,null,bakery,bakery,2024-11-19
"Sainsbury's Frosty Iced Fruit Cake, Taste the Difference 900...",£11.50,£1.28 / 100g,null,bakery,bakery,2024-11-19
Cadbury Mini Brownie Cake Bites x14,£2.75,£1.40 / 100g,£2.00,bakery,bakery,2024-11-19
McVitie's Digestive Caramel Slices Cake Bars Multipack 5x22g,£1.25,25p / ea,£1.00,bakery,bakery,2024-11-19
"Sainsbury's Iced Fruit Cake, Taste the Difference 400g",£5.00,£1.25 / 100g,null,bakery,bakery,2024-11-19
Sainsbury's Free From Chocolate Cake Slices x4,£2.30,58p / ea,null,bakery,bakery,2024-11-19
"Sainsbury's Caramel Apple & Toffee Mini Cupcakes, Taste the ...",£3.00,33p / ea,null,bakery,bakery,2024-11-19
"Sainsbury's Free From Blueberry Muffins, Taste the Differenc...",£2.50,£1.25 / 100g,null,bakery,bakery,2024-11-19
Sainsbury's Brookie Cake Bites x20,£2.75,£1.53 / 100g,null,bakery,bakery,2024-11-19
Regal Bakery Madeira Cake Slices 370g,£2.00,£5.41 / kg,null,bakery,bakery,2024-11-19
"Sainsbury's Birthday Celebration Rainbow Layer Cake, Taste t...",£15.50,£22.63 / kg,null,bakery,bakery,2024-11-19
English Cheesecake Company Vanilla Cheesecake Slices with Lo...,£3.75,£1.75 / 100g,null,bakery,bakery,2024-11-19
"Sainsbury's Free From Chocolate Cake, Taste the Difference 3...",£4.10,£1.04 / 100g,null,bakery,bakery,2024-11-19
Emma's Country Cakes Medley Cupcakes x6,£2.85,48p / ea,null,bakery,bakery,2024-11-19
Specialite Locale Chocolate Fingerella Cakes 250g,£1.85,£7.40 / kg,null,bakery,bakery,2024-11-19
Sainsbury's Triple Chocolate Brookie Pudding 350g,£4.00,£1.14 / 100g,null,bakery,bakery,2024-11-19
Regal Bakery Fruit Cake Slices with Glazed Fruit Pieces 210g,£1.60,23p / ea,null,bakery,bakery,2024-11-19
We Love Cake Apple Crumble Slices Delicious Cake Slices x4 1...,£2.30,58p / ea,null,bakery,bakery,2024-11-19
Giggles Birthday & Celebration The Caterpillar Cake 611g,£7.50,£12.27 / kg,null,bakery,bakery,2024-11-19
"Sainsbury's Free From Chocolate Muffins, Taste the Differenc...",£2.50,£1.25 / 100g,null,bakery,bakery,2024-11-19
Sainsbury's Free From Christmas Pudding 100g,£1.60,£1.60 / 100g,null,bakery,bakery,2024-11-19
Sainsbury's Millionaires Slice 50g,£1.00,£20.00 / kg,null,bakery,bakery,2024-11-19
Pick Me Blonde Chocolate & Brown Butter Brookies 200g,£3.75,94p / ea,null,bakery,bakery,2024-11-19
"Sainsbury's Pistachio Ricciarelli, Taste the Difference x5 1...",£2.50,50p / ea,£2.00,bakery,bakery,2024-11-19
"Sainsbury's Hazelnut & Florentine Tarts, Taste the Differenc...",£3.50,£1.84 / 100g,£3.25,bakery,bakery,2024-11-19
Sainsbury's Coconut & Jam Loaf Cake 240g,£1.90,£7.92 / kg,null,bakery,bakery,2024-11-19
Sainsbury's Free From Orange & Almond Mincemeat Slices x4 17...,£2.75,£1.56 / 100g,null,bakery,bakery,2024-11-19
Mrs Crimble's Gluten Free Caramel Macaroons x6,£1.50,25p / ea,null,bakery,bakery,2024-11-19
"Sainsbury's Chocolate & Hazelnut Stollen Slices, Taste the D...",£4.00,£1.95 / 100g,null,bakery,bakery,2024-11-19
"Sainsbury's Almond Ricciarelli, Taste the Difference x5",£2.50,50p / ea,£2.00,bakery,bakery,2024-11-19
"Sainsbury's Mini Iced Fruit Cake, Taste the Difference 145g",£3.00,£2.07 / 100g,null,bakery,bakery,2024-11-19
Sainsbury's Syrup Sponge Pudding 100g,£1.25,£1.25 / 100g,null,bakery,bakery,2024-11-19
Sainsbury's Hidden Centre Cupcakes x12,£8.00,67p / ea,null,bakery,bakery,2024-11-19
Sainsbury's Double Chocolate Brownie 50g,£1.00,£20.00 / kg,null,bakery,bakery,2024-11-19
Sainsbury's Birthday & Celebration Roarsome Lion Cake 860g,£13.50,£14.44 / kg,null,bakery,bakery,2024-11-19
Schär Marble Cake 250g,£3.10,£12.40 / kg,null,bakery,bakery,2024-11-19
"Sainsbury's Chocolate Bombe, Taste the Difference 227g",£3.00,£1.32 / 100g,null,bakery,bakery,2024-11-19
Oggs Gingerbread Cakes x4,£3.95,£2.15 / 100g,null,bakery,bakery,2024-11-19
Mr Kipling Lemon Cake Slices x8,£3.00,38p / ea,£2.00,bakery,bakery,2024-11-19
Bonne Maman Tartelettes Citron x9 125g,£2.00,£16.00 / kg,null,bakery,bakery,2024-11-19
"Sainsbury's Spiced Butterscotch Sponge Pudding, Taste the Di...",£4.50,£1.50 / 100g,null,bakery,bakery,2024-11-19
Cadbury Caramel Flapjack Cake Bites x14,£2.75,£1.31 / 100g,£2.00,bakery,bakery,2024-11-19
Bonne Maman Tartelettes Framboise 135g,£2.00,£14.81 / kg,null,bakery,bakery,2024-11-19
Sainsbury's Alcohol Free Orange & Cranberry Christmas Puddin...,£4.50,£1.13 / 100g,null,bakery,bakery,2024-11-19
Sainsbury's Rainbow Cupcakes x4,£2.50,63p / ea,null,bakery,bakery,2024-11-19
E. Wedel Supreme Jaffa Cakes Cherry Sponge-Cake with Cherry ...,£1.30,88p / 100g,null,bakery,bakery,2024-11-19
Cadbury Mini Rolls Milk Chocolate On The Go x2,£1.10,55p / ea,null,bakery,bakery,2024-11-19
Sainsbury's Chocolate Cheesecake Slices 2x90g,£2.70,£1.50 / 100g,null,bakery,bakery,2024-11-19
Wedel Dark Chocolate With Coconut 100g,£1.35,£1.35 / 100g,£1.10,bakery,bakery,2024-11-19
Sainsbury's Chocolate Yule Log 645g,£7.50,£1.16 / 100g,null,bakery,bakery,2024-11-19
Sainsbury's Free From Chocolate Cupcakes x2,£1.85,£1.76 / 100g,null,bakery,bakery,2024-11-19
Sainsbury's Birthday & Celebration Football Cake 837g,£10.00,£11.95 / kg,null,bakery,bakery,2024-11-19
Patisserie Valerie Mille Feuille Slice,£3.10,£3.10 / ea,null,bakery,bakery,2024-11-19
Cadbury Caramel Mini Cookie Cake Bites x14,£2.75,£1.51 / 100g,£2.00,bakery,bakery,2024-11-19
Bonne Maman Lemon Madeleines Cakes 175g,£2.90,£16.57 / kg,£2.15,bakery,bakery,2024-11-19
Galaxy Chocolate Caramel Cake,£4.00,£10.64 / kg,£2.75,bakery,bakery,2024-11-19
Cadbury Birthday Celebration Flake Chcocolate Cake 960g (Ser...,£12.00,£12.20 / kg,null,bakery,bakery,2024-11-19
Bonne Maman Tartelettes Chocolat Caramel 135g,£2.00,£14.81 / kg,null,bakery,bakery,2024-11-19
We Love Cake Sticky Toffee Slices x4 158g,£2.30,58p / ea,null,bakery,bakery,2024-11-19
"Sainsbury's Birthday Celebration Loaded Lemon Cake, Taste th...",£15.50,£18.34 / kg,null,bakery,bakery,2024-11-19
Sainsbury's Cookies & Cream 170g,£3.00,£1.67 / 100g,£2.00,bakery,bakery,2024-11-19
"Sainsbury's Birthday & Celebration Cookies & Cream Cake, Tas...",£15.50,£16.32 / kg,null,bakery,bakery,2024-11-19
Pick Me Miso Millionaire Shortbreads 200g,£3.75,94p / ea,null,bakery,bakery,2024-11-19
"Sainsbury's Panforte, Taste the Difference 400g",£5.00,£1.25 / 100g,£4.00,bakery,bakery,2024-11-19
"Sainsbury's Birthday & Celebration Mini Chocolate Gift Cake,...",£5.50,£21.57 / kg,null,bakery,bakery,2024-11-19
Sainsbury's Large Florentine 43g,£1.35,£1.35 / ea,null,bakery,bakery,2024-11-19
Sainsbury's Snowballs 135g,£2.50,£1.85 / 100g,£2.00,bakery,bakery,2024-11-19
Sainsbury's Lebkuchen Stars 250g,£2.50,£1.00 / 100g,£2.00,bakery,bakery,2024-11-19
"Sainsbury's Birthday & Celebration Mini Lemon Gift Cake, Tas...",£5.50,£21.57 / kg,null,bakery,bakery,2024-11-19
"Sainsbury's Apricot & Almond Pudding, Taste the Difference 6...",£8.50,£1.31 / 100g,null,bakery,bakery,2024-11-19
Sainsbury's Birthday & Celebration Rose Bouquet Madeira Cake...,£15.50,£17.32 / kg,null,bakery,bakery,2024-11-19
Sainsbury's All Butter Flapjack 50g,£1.00,£20.00 / kg,null,bakery,bakery,2024-11-19
Graze Peanut Butter Chocolate Protein Flapjack 50g,£1.20,£2.40 / 100g,null,bakery,bakery,2024-11-19
"Sainsbury's Free From Carrot Cake, Taste the Difference 386g",£4.10,£1.06 / 100g,null,bakery,bakery,2024-11-19
Sainsbury's Chocolate Ricciarelli 115g,£2.50,50p / ea,£2.00,bakery,bakery,2024-11-19
Plant Pioneers Birthday Celebration Chocolate Vegan Cake 565...,£8.00,£14.16 / kg,null,bakery,bakery,2024-11-19
Marvel Birthday Celebration Spiderman Cake 800g (Serves 14),£14.00,£17.50 / kg,null,bakery,bakery,2024-11-19
"Sainsbury's Genoa Cake, Taste the Difference 720g",£8.50,£1.18 / 100g,null,bakery,bakery,2024-11-19
"Sainsbury's Birthday Celebration Loaded Chocolate Cake, Tast...",£15.50,£17.13 / kg,null,bakery,bakery,2024-11-19
Sainsbury's Free From Mini Christmas Cupcakes 165g,£3.75,£2.27 / 100g,null,bakery,bakery,2024-11-19
E. Wedel Milk Chocolate with Raspberry Filling 100g,£1.35,£1.35 / 100g,null,bakery,bakery,2024-11-19
"Sainsbury's Indulgent Belgian Chocolate Cake, Taste the Diff...",£4.75,£9.69 / kg,null,bakery,bakery,2024-11-19
Sainsbury's Birthday & Celebration Puppy Cake 861g,£13.50,£15.68 / kg,null,bakery,bakery,2024-11-19
Sainsbury's Fruit & Seed Granola 50g,£1.00,£20.00 / kg,null,bakery,bakery,2024-11-19
Sainsbury's Birthday & Celebration Farmyard Cake 835g,£13.50,£16.17 / kg,null,bakery,bakery,2024-11-19
"Sainsbury's Free From Victoria Sponge, Taste the Difference ...",£4.10,£1.16 / 100g,null,bakery,bakery,2024-11-19
Sainsbury's Free From Caterpillar Cake 592g,£7.00,£1.18 / 100g,null,bakery,bakery,2024-11-19
Bluey Birthday Celebration Nut Free Cake 859g (Serves 16),£14.00,£16.30 / kg,null,bakery,bakery,2024-11-19
Sainsbury's Free From Chocolate Brownie Bar 50g,£1.20,£24.00 / kg,null,bakery,bakery,2024-11-19
Sainsbury's Birthday Celebration Strawberry & White Chocolat...,£15.50,£16.32 / kg,null,bakery,bakery,2024-11-19
Pokemon Birthday Celebration Cake 762g (Serves 16),£14.00,£18.37 / kg,null,bakery,bakery,2024-11-19
Cadbury Crunchie Celebration Cake 1091g,£12.00,£11.00 / kg,null,bakery,bakery,2024-11-19
Peppa Pig Celebration Cake 852g,£14.00,£16.43 / kg,null,bakery,bakery,2024-11-19
Maltesers Chocolate Cake 375g,£4.00,£10.31 / kg,£2.75,bakery,bakery,2024-11-19
Mary Berry Coffee Toffee Cake,£4.00,£9.41 / kg,null,bakery,bakery,2024-11-19
Regal Bakery Egg Free Cake Rusk 18 Pieces,£2.85,16p / ea,null,bakery,bakery,2024-11-19
Bolands Elite Chocolate Kimberley Teacake 132g,£2.35,£1.78 / 100g,null,bakery,bakery,2024-11-19
"Sainsbury's Chocolate & Hazelnut Cake, Taste the Difference ...",£15.50,£16.94 / kg,null,bakery,bakery,2024-11-19
"New York Bakery Co. Bagels, Plain x5",£1.90,38p / ea,null,bakery,bakery,2024-11-19
Sainsbury's Crumpets x6,45p,8p / ea,null,bakery,bakery,2024-11-19
Warburtons Crumpets x9,£1.35,15p / ea,£1.00,bakery,bakery,2024-11-19
Warburtons Crumpets x6,79p,13p / ea,null,bakery,bakery,2024-11-19
Sainsbury's Pains Au Chocolat x6 270g,£1.50,25p / ea,null,bakery,bakery,2024-11-19
Warburtons Teacakes x4,£1.35,34p / ea,null,bakery,bakery,2024-11-19
Sainsbury's Scotch Pancakes x6,49p,8p / ea,null,bakery,bakery,2024-11-19
"Sainsbury's Fruity Hot Cross Buns, Taste the Difference x4 2...",£1.80,45p / ea,null,bakery,bakery,2024-11-19
"New York Bakery Co. Bagels, Sesame x5",£1.90,38p / ea,null,bakery,bakery,2024-11-19
"Sainsbury's Butter Croissants, Taste the Difference x4",£2.30,58p / ea,null,bakery,bakery,2024-11-19
Sainsbury's Milk Chocolate Chip Brioche Roll x8,£1.60,20p / ea,£1.25,bakery,bakery,2024-11-19
Sainsbury's Brioche Burger Buns x4,£1.05,26p / ea,null,bakery,bakery,2024-11-19
Warburtons Protein Thin Bagels x4,£1.75,44p / ea,£1.25,bakery,bakery,2024-11-19
Sainsbury's Chocolate Filled Crepes x6,£1.90,99p / 100g,null,bakery,bakery,2024-11-19
Soreen Sliced Malt Loaf 290g,£1.75,63p / 100g,null,bakery,bakery,2024-11-19
"New York Bakery Co. Bagels, Cinnamon & Raisin x5",£1.90,38p / ea,null,bakery,bakery,2024-11-19
Sainsbury's Croissants x6 240g,£1.50,25p / ea,null,bakery,bakery,2024-11-19
"Sainsbury's Brioche Burger Buns, Taste the Difference x4",£1.40,35p / ea,null,bakery,bakery,2024-11-19
"Sainsbury's Sultana Scones, Taste the Difference x4",£2.00,50p / ea,null,bakery,bakery,2024-11-19
Warburtons Original Thin Bagels x6,£1.75,29p / ea,£1.25,bakery,bakery,2024-11-19
Sainsbury's Pains Au Chocolat x4,£1.80,45p / ea,null,bakery,bakery,2024-11-19
Warburtons Crumpet Thins x8,£1.35,17p / ea,null,bakery,bakery,2024-11-19
Sainsbury's White Muffins x6,£1.04,17p / ea,null,bakery,bakery,2024-11-19
Soreen Malt Loaf 260g,£1.60,62p / 100g,null,bakery,bakery,2024-11-19
Waffle Amour Belgian Style Toasting Waffles x8,£1.85,23p / ea,null,bakery,bakery,2024-11-19
Sainsbury's Fruit Loaf 388g,£1.65,43p / 100g,null,bakery,bakery,2024-11-19
Warburtons Cinnamon & Raisin Fruit Loaf 400g,£1.95,49p / 100g,null,bakery,bakery,2024-11-19
Sainsbury's Croissants x8,£2.00,25p / ea,null,bakery,bakery,2024-11-19
Soreen Malt Lunchbox Loaf Bars x5,£1.80,36p / ea,£1.25,bakery,bakery,2024-11-19
Sainsbury's Butter Brioche Roll x8,£1.60,20p / ea,£1.25,bakery,bakery,2024-11-19
Sainsbury's All Butter Croissants x4,£1.40,35p / ea,null,bakery,bakery,2024-11-19
Sainsbury's Frozen All Butter Croissants x6 300g,£3.10,£1.03 / 100g,null,bakery,bakery,2024-11-19
"Sainsbury's Bake at Home Stonebaked White Pave Rolls, Taste ...",£1.75,44p / ea,null,bakery,bakery,2024-11-19
Soreen Banana Lunchbox Loaf Bars x5,£1.80,36p / ea,£1.25,bakery,bakery,2024-11-19
St. Pierre Seeded Brioche Burger Buns Pre-Sliced x4,£2.80,70p / ea,null,bakery,bakery,2024-11-19
"Sainsbury's Luxury Sourdough Crumpets, Taste the Difference ...",£1.20,20p / ea,null,bakery,bakery,2024-11-19
"New York Bakery Co. Bagels, Wholemeal x5",£1.90,38p / ea,null,bakery,bakery,2024-11-19
Sainsbury’s Blueberry Muffins x4,£1.80,45p / ea,null,bakery,bakery,2024-11-19
Warburtons Sliced Original Bagels x5,£1.90,38p / ea,£1.35,bakery,bakery,2024-11-19
Sainsbury’s Chocolate Chunk Muffins x4,£1.80,45p / ea,null,bakery,bakery,2024-11-19
Fitzgeralds Family Bakery Deli Style Sourdough Bagels Pre-Sl...,£2.10,42p / ea,null,bakery,bakery,2024-11-19
Sainsbury's Frozen Pain Au Chocolat x6 360g,£3.10,86p / 100g,null,bakery,bakery,2024-11-19
Sainsbury's Sweet Pancakes x6 375g,£2.40,64p / 100g,null,bakery,bakery,2024-11-19
Sainsbury's Sesame Seed Brioche Burger Buns x4,£1.05,26p / ea,null,bakery,bakery,2024-11-19
St. Pierre Brioche Buns x6,£2.80,47p / ea,null,bakery,bakery,2024-11-19
New York Bakery Co. Onion & Chive Bagels x5,£1.90,38p / ea,null,bakery,bakery,2024-11-19
Sainsbury's Danish Maple & Pecan Plait x2,£1.60,80p / ea,null,bakery,bakery,2024-11-19
Sainsbury's Brioche Hot Dog Rolls x6,£1.39,23p / ea,null,bakery,bakery,2024-11-19
Sainsbury's Teacakes x6,£1.40,23p / ea,null,bakery,bakery,2024-11-19
Sainsbury’s All Butter Croissants x2,£1.60,80p / ea,null,bakery,bakery,2024-11-19
Soreen Apple Lunchbox Loaf Bars x5,£1.80,36p / ea,£1.25,bakery,bakery,2024-11-19
Jus-Rol Pain Au Chocolat Dough x6 275g,£2.60,£9.45 / kg,£1.75,bakery,bakery,2024-11-19
Sainsbury's Wholemeal Muffins x6,£1.04,17p / ea,null,bakery,bakery,2024-11-19
Brioche Pasquier Choc Chip Brioche Rolls x8,£1.85,23p / ea,null,bakery,bakery,2024-11-19
Sainsbury's Vanilla Flavoured Danish Crown x2,£1.60,80p / ea,null,bakery,bakery,2024-11-19
Warburtons Potato Cakes x6,95p,16p / ea,null,bakery,bakery,2024-11-19
Sainsbury's Sultana Scones x6,£1.65,28p / ea,null,bakery,bakery,2024-11-19
Sainsbury's Buttermilk Pancakes x6 240g,£2.40,£1.00 / 100g,null,bakery,bakery,2024-11-19
Pret Chocolate Filled Croissants x6 420g,£4.10,98p / 100g,null,bakery,bakery,2024-11-19
Brioche Pasquier Pains au Chocolat x6,£1.85,31p / ea,null,bakery,bakery,2024-11-19
Sainsbury’s Triple Chocolate Muffins x4,£1.80,45p / ea,null,bakery,bakery,2024-11-19
Warburtons Toasting Muffins x4,£1.15,29p / ea,null,bakery,bakery,2024-11-19
"Sainsbury's Almond Croissant, Taste the Difference x2",£2.40,£1.20 / ea,null,bakery,bakery,2024-11-19
Waffle Amour Chocolate & Hazelnut Flavour Waffles 8x34g,£1.95,24p / ea,null,bakery,bakery,2024-11-19
"Sainsbury's Fruity Teacake, Taste the Difference x4 360g",£1.85,46p / ea,null,bakery,bakery,2024-11-19
Waffle Amour Sugar Waffles x5,£1.85,37p / ea,null,bakery,bakery,2024-11-19
"Sainsbury's Buttermilk Pancakes, Taste the Difference x4",£1.75,44p / ea,null,bakery,bakery,2024-11-19
Sainsbury's Pain Au Chocolat x2,£1.60,80p / ea,null,bakery,bakery,2024-11-19
St. Pierre Chocolate Chip Brioche Swirls x6,£2.40,40p / ea,null,bakery,bakery,2024-11-19
Sainsbury's Chocolate & Hazelnut Croissants x2,£1.60,80p / ea,null,bakery,bakery,2024-11-19
Tan Y Castell Welsh Cakes,£1.09,18p / ea,null,bakery,bakery,2024-11-19
"Sainsbury's Blueberry Pancakes, Taste the Difference x4 240g",£1.75,44p / ea,null,bakery,bakery,2024-11-19
Sainsbury's Sliced Brioche Loaf 500g,£1.69,34p / 100g,null,bakery,bakery,2024-11-19
Sainsbury’s Mini Chocolate Chip Muffins x12,£1.65,14p / ea,null,bakery,bakery,2024-11-19
Sainsbury's Danish Pastry Cinnamon Whirls x2,£1.60,80p / ea,null,bakery,bakery,2024-11-19
Warburtons Cinnamon & Raisin Thin Bagels x6,£1.75,29p / ea,£1.25,bakery,bakery,2024-11-19
Sainsbury's Danish Pastry Raisin Whirls x2,£1.60,80p / ea,null,bakery,bakery,2024-11-19
Warburtons Pancakes x6,£1.10,18p / ea,null,bakery,bakery,2024-11-19
Sainsbury's All Butter Scones x6,£1.65,28p / ea,null,bakery,bakery,2024-11-19
Soreen Strawberry Lunchbox Loaf Bars x5,£1.80,36p / ea,£1.25,bakery,bakery,2024-11-19
Brioche Pasquier Pitch Chocolate x6,£1.75,29p / ea,£1.25,bakery,bakery,2024-11-19
"Sainsbury's Belgian Waffles, Taste the Difference x7 175g",£2.25,32p / ea,null,bakery,bakery,2024-11-19
Soreen Lift Bars Blueberry x4,£2.00,50p / ea,null,bakery,bakery,2024-11-19
Fitzgeralds Family Bakery Deli Style Poppy Seed Bagels x5 42...,£2.10,42p / ea,null,bakery,bakery,2024-11-19
Warburtons Sliced Sesame Bagels x5,£1.90,38p / ea,£1.35,bakery,bakery,2024-11-19
Sainsbury's Danish Pastry Bramley Apple Lattices x2,£1.60,80p / ea,null,bakery,bakery,2024-11-19
Warburtons Sliced Cinnamon & Raisin Bagels x5,£1.90,38p / ea,£1.35,bakery,bakery,2024-11-19
Warburtons Gluten Free Crumpets x4,£2.35,80p / 100g,null,bakery,bakery,2024-11-19
Brioche Pasquier Milk Brioche Rolls x8  ,£1.85,23p / ea,null,bakery,bakery,2024-11-19
St. Pierre Brioche Swirls x6,£2.40,40p / ea,null,bakery,bakery,2024-11-19
Genius Gluten Free Crumpets x4,£2.25,£1.02 / 100g,null,bakery,bakery,2024-11-19
"Sainsbury's Sicilian Lemon Muffins, Taste the Difference x2",£1.90,95p / ea,null,bakery,bakery,2024-11-19
St Pierre Chocolate Filled Crepes x6,£2.00,33p / ea,£1.50,bakery,bakery,2024-11-19
Sainsbury's Pikelets x6,£1.25,21p / ea,null,bakery,bakery,2024-11-19
Sainsbury's Apple Turnovers x2,£1.60,80p / ea,null,bakery,bakery,2024-11-19
St Pierre Brioche Hot Dog Rolls 4pk,£1.95,49p / ea,null,bakery,bakery,2024-11-19
"Sainsbury's Brioche Bread & Butter Pudding Dessert, Taste th...",£5.00,£1.00 / 100g,£3.30,bakery,bakery,2024-11-19
Soreen Lift Bars Raspberry & Vanilla x4,£2.00,50p / ea,null,bakery,bakery,2024-11-19
Sainsbury's Super Seed Grain Large Rolls Taste the Differenc...,£1.05,£1.05 / ea,null,bakery,bakery,2024-11-19
"Sainsbury's Brioche Loaf, Taste the Difference 400g",£2.75,69p / 100g,null,bakery,bakery,2024-11-19
Sainsbury's Super Seed Grain Rolls Taste the Difference x6,£1.05,£1.05 / ea,null,bakery,bakery,2024-11-19
North Staffordshire Oatcakes x6,£1.15,19p / ea,null,bakery,bakery,2024-11-19
Sainsbury's Pain Au Raisins,£1.10,£1.10 / ea,null,bakery,bakery,2024-11-19
Sainsbury's Chocolate Twist,£1.10,£1.10 / ea,null,bakery,bakery,2024-11-19
"Sainsbury's Chocolate & Salted Caramel Hot Cross Buns, Taste...",£1.80,45p / ea,null,bakery,bakery,2024-11-19
"Sainsbury's Almond Croissant, Taste the Difference",£1.40,£1.40 / ea,null,bakery,bakery,2024-11-19
"Sainsbury's Sicilian Lemon Pancakes, Taste the Difference x4",£1.75,44p / ea,null,bakery,bakery,2024-11-19
Genius Gluten Free Pancakes x6,£2.25,£1.14 / 100g,null,bakery,bakery,2024-11-19
Sainsbury's Free From Chocolate Chip Mini Muffins 210g,£2.50,£1.19 / 100g,null,bakery,bakery,2024-11-19
Schär Gluten Free Brioche Burger Buns 160g,£1.75,£1.09 / 100g,null,bakery,bakery,2024-11-19
"Sainsbury's Triple Chocolate Muffins, Taste the Difference x...",£1.90,95p / ea,null,bakery,bakery,2024-11-19
Warburtons Gluten Free Soft Sliced Brioche Rolls x4,£2.90,73p / ea,£2.35,bakery,bakery,2024-11-19
Daelmans Mini Caramel Stroopwafels 200g,£2.00,£10.00 / kg,null,bakery,bakery,2024-11-19
Sainsbury's All Butter Croissant,£1.00,£1.00 / ea,null,bakery,bakery,2024-11-19
Sainsbury's Maple & Pecan Danish Plait,£1.10,£1.10 / ea,null,bakery,bakery,2024-11-19
Dina Assorted Baklava Cake 350g,£5.00,£14.29 / kg,null,bakery,bakery,2024-11-19
Waffle Amour Choco-Sugar Waffles x5,£1.85,37p / ea,null,bakery,bakery,2024-11-19
"Sainsbury's Fruit & Nut Stollen, Taste the Difference 545g",£7.50,£1.38 / 100g,null,bakery,bakery,2024-11-19
"Sainsbury's Free From All Butter Croissants, Taste the Diffe...",£2.75,£1.96 / 100g,null,bakery,bakery,2024-11-19
Sainsbury's Scone Mix 320g,95p,£2.97 / kg,null,bakery,bakery,2024-11-19
Sainsbury's Banana Pancakes x6,£1.35,23p / ea,null,bakery,bakery,2024-11-19
Sainsbury's Cracked Black Pepper White Sourdough Half Bloome...,£1.80,45p / 100g,null,bakery,bakery,2024-11-19
Waffle Amour Large Belgian Style Toasting Waffles 6x41.67g,£1.95,33p / ea,null,bakery,bakery,2024-11-19
Kingsmill Golden Pancakes x6,£1.15,19p / ea,null,bakery,bakery,2024-11-19
Sainsbury's Pain Au Chocolat,£1.10,£1.10 / ea,null,bakery,bakery,2024-11-19
7 Days Croissant with Cocoa Filling Mах 80g,£1.00,£1.25 / 100g,null,bakery,bakery,2024-11-19
Sainsbury's Free From Fruity Hot Cross Buns x4,£2.00,71p / 100g,null,bakery,bakery,2024-11-19
Sainsbury's Pancake Mix 155g,75p,£4.84 / kg,null,bakery,bakery,2024-11-19
St Pierre Brioche Loaf 500g,£3.65,73p / 100g,null,bakery,bakery,2024-11-19
Whaoo! Chocolate Filled Crepes x6 192g,£1.95,£1.02 / 100g,£1.75,bakery,bakery,2024-11-19
Patisserie Valerie Mille Feuille Slice,£3.10,£3.10 / ea,null,bakery,bakery,2024-11-19
"Sainsbury's Free From All Butter Chocolate Twists, Taste the...",£2.75,£1.96 / 100g,null,bakery,bakery,2024-11-19
Brioche Pasquier Pitch Brioche with Choc Chips 6x37.5g,£1.75,75p / 100g,£1.25,bakery,bakery,2024-11-19
"Sainsbury's Maple Pancakes, Taste the Difference x4",£1.75,44p / ea,null,bakery,bakery,2024-11-19
Genius Brioche Loaf 400g,£3.10,78p / 100g,null,bakery,bakery,2024-11-19
Bolands Elite Chocolate Kimberley Teacake 132g,£2.35,£1.78 / 100g,null,bakery,bakery,2024-11-19
Mccanns Irish Rich Barmbrack 553g,£4.35,79p / 100g,null,bakery,bakery,2024-11-19
Sainsbury's Yum Yums x4,£1.50,38p / ea,null,bakery,bakery,2024-11-19
Sainsbury's White Muffins x6,£1.04,17p / ea,null,bakery,bakery,2024-11-19
TTD Chunky Belgian Chocolate Shortbread (4pk),£1.80,45p / ea,null,bakery,bakery,2024-11-19
"Sainsbury’s Triple Belgian Chocolate Cookies, Taste the Diff...",£1.80,45p / ea,null,bakery,bakery,2024-11-19
Sainsbury's Milk Chocolate Cookies x5,£1.50,30p / ea,£1.15,bakery,bakery,2024-11-19
Sainsbury’s Blueberry Muffins x4,£1.80,45p / ea,null,bakery,bakery,2024-11-19
Sainsbury’s Chocolate Chunk Muffins x4,£1.80,45p / ea,null,bakery,bakery,2024-11-19
Sainsbury's Instore Bakery Jam Doughnuts x5,£1.20,24p / ea,null,bakery,bakery,2024-11-19
Sainsbury’s Jam Doughnuts x5,£1.20,24p / ea,null,bakery,bakery,2024-11-19
Sainsbury's White Chocolate Cookies x5,£1.50,30p / ea,£1.15,bakery,bakery,2024-11-19
Maryland Cookies Chocolate Chip Twin Pack,£2.50,63p / 100g,£2.00,bakery,bakery,2024-11-19
Sainsbury's Wholemeal Muffins x6,£1.04,17p / ea,null,bakery,bakery,2024-11-19
Sainsbury’s Triple Chocolate Muffins x4,£1.80,45p / ea,null,bakery,bakery,2024-11-19
Warburtons Toasting Muffins x4,£1.15,29p / ea,null,bakery,bakery,2024-11-19
"Sainsbury’s Belgian Milk Chocolate Cookies, Taste the Differ...",£1.80,45p / ea,null,bakery,bakery,2024-11-19
"Sainsbury’s Salted Caramel & Belgian Milk Chocolate Cookies,...",£1.80,45p / ea,null,bakery,bakery,2024-11-19
Sainsbury's Double Chocolate Cookies x5,£1.50,30p / ea,£1.15,bakery,bakery,2024-11-19
Maryland Cookies Vegan Chocolate Chip 200g,£1.70,85p / 100g,null,bakery,bakery,2024-11-19
Sainsbury’s Mini Chocolate Chip Muffins x12,£1.65,14p / ea,null,bakery,bakery,2024-11-19
Sainsbury's White Iced Ring Doughnuts x4,£1.40,35p / ea,£1.00,bakery,bakery,2024-11-19
Hovis Farmhouse Cheddar Muffins x4,£1.50,38p / ea,£1.25,bakery,bakery,2024-11-19
Sainsbury’s Jam Doughnut,50p,50p / ea,null,bakery,bakery,2024-11-19
Sainsbury's Vanilla Doughnuts x5,£1.20,24p / ea,null,bakery,bakery,2024-11-19
Maryland Cookies Double Chocolate 200g,£1.70,85p / 100g,null,bakery,bakery,2024-11-19
Sainsbury's Mini Sugared Doughnuts x10,£1.00,10p / ea,null,bakery,bakery,2024-11-19
"Sainsbury's Sicilian Lemon Muffins, Taste the Difference x2",£1.90,95p / ea,null,bakery,bakery,2024-11-19
Sainsbury's Bakery Pink Iced Doughnuts x4,£1.40,35p / ea,£1.00,bakery,bakery,2024-11-19
Sainsbury’s Chocolate Iced Ring Doughnuts x4,£1.40,35p / ea,£1.00,bakery,bakery,2024-11-19
Sainsbury's Vanilla Custard Doughnuts x5,£1.20,24p / ea,null,bakery,bakery,2024-11-19
Sainsbury's Sugar Ring Doughnut,50p,50p / ea,null,bakery,bakery,2024-11-19
Sainsbury's Mini Chocolate Doughnuts x10,£1.00,10p / ea,null,bakery,bakery,2024-11-19
Sainsbury's Free From Chocolate Chip Mini Muffins 210g,£2.50,£1.19 / 100g,null,bakery,bakery,2024-11-19
"Sainsbury's Triple Chocolate Muffins, Taste the Difference x...",£1.90,95p / ea,null,bakery,bakery,2024-11-19
Sainsbury’s White Iced Ring Doughnuts x12,£3.45,29p / ea,null,bakery,bakery,2024-11-19
Sainsbury's Rolo Cookies,£1.65,41p / ea,null,bakery,bakery,2024-11-19
Sainsbury’s Sugar Ring Doughnuts x5,£1.20,24p / ea,null,bakery,bakery,2024-11-19
Gü Inspirations Salted Caramel Cookies & Cream Dessert 2x84g,£3.75,£2.21 / 100g,£2.50,bakery,bakery,2024-11-19
Sainsbury’s Chocolate Iced Ring Doughnuts x12,£3.45,29p / ea,null,bakery,bakery,2024-11-19
Cadbury Caramel Mini Cookie Cake Bites x14,£2.75,£1.51 / 100g,£2.00,bakery,bakery,2024-11-19
Sainsbury's Double Chocolate Cookies x18 198g,£2.75,£1.39 / 100g,null,bakery,bakery,2024-11-19
Warburtons Gluten Free Super Soft Sliced Square Rolls x4 240...,£2.90,£1.21 / 100g,null,bakery,bakery,2024-11-19
"Warburtons Tiger Artisan Bloomer, Gluten Free 400g",£3.50,88p / 100g,null,bakery,bakery,2024-11-19
Sainsbury's Free From Mince Pies with a Rich Spiced Mincemea...,£2.20,55p / ea,null,bakery,bakery,2024-11-19
Schar Gluten Free Wholesome Seeded Loaf 300g,£2.95,98p / 100g,£2.50,bakery,bakery,2024-11-19
Warburtons Gluten Free Multiseed Loaf 300g,£2.20,73p / 100g,null,bakery,bakery,2024-11-19
Warburtons Gluten Free White Bread Sourdough 400g,£3.50,88p / 100g,null,bakery,bakery,2024-11-19
Schar Gluten Free Crispbread 150g,£1.50,£1.00 / 100g,null,bakery,bakery,2024-11-19
"Sainsbury's Mini Mince Pies, Taste the Difference x9 275g",£3.50,39p / ea,£3.25,bakery,bakery,2024-11-19
Warburtons Gluten Free White Wraps x4,£2.90,73p / ea,null,bakery,bakery,2024-11-19
Warburtons Gluten Free Crumpets x4,£2.35,80p / 100g,null,bakery,bakery,2024-11-19
Warburtons Gluten Free White Loaf 300g,£2.20,73p / 100g,null,bakery,bakery,2024-11-19
Schar Gluten Free White Ciabatta Rolls x4,£2.40,£1.20 / 100g,null,bakery,bakery,2024-11-19
"Sainsbury's Free From Tiger Loaf, Taste the Difference 400g",£3.15,79p / 100g,null,bakery,bakery,2024-11-19
Sainsbury's Free From Cherry Bakewell Tarts x4,£2.10,53p / ea,null,bakery,bakery,2024-11-19
Promise Gluten Free Wholesome Brown Loaf 480g,£3.60,75p / 100g,null,bakery,bakery,2024-11-19
Genius Gluten Free Brioche Burger Buns x2,£1.85,93p / ea,null,bakery,bakery,2024-11-19
Sainsbury's Free From Iced Mince Pies with a Rich Spiced Min...,£2.50,63p / ea,null,bakery,bakery,2024-11-19
Sainsbury's Free From Lemon Loaf Cake 250g,£2.75,£1.10 / 100g,null,bakery,bakery,2024-11-19
"Sainsbury's Free From Tiger Rolls, Taste the Difference x4",£2.85,£1.10 / 100g,null,bakery,bakery,2024-11-19
Sainsbury's Free From Angel Cake Slices x4,£2.30,58p / ea,null,bakery,bakery,2024-11-19
Promise Gluten Free Plain Bagels 280g,£3.50,£3.50 / ea,null,bakery,bakery,2024-11-19
Promise Gluten Free Soft White Loaf 480g,£3.60,75p / 100g,null,bakery,bakery,2024-11-19
Warburtons Gluten Free Cinnamon & Raisin Sliced Fruity Buns ...,£2.90,73p / ea,null,bakery,bakery,2024-11-19
Sainsbury's Free From Gingerbread Biscuit 32g,£1.00,£31.25 / kg,null,bakery,bakery,2024-11-19
Sainsbury's Free From White Rolls x4,£1.75,44p / ea,null,bakery,bakery,2024-11-19
Sainsbury's Free From Iced Fruit Cake Slices 210g,£2.75,£1.31 / 100g,null,bakery,bakery,2024-11-19
Promise Gluten Free Handcrafted Sourdough Soft White Rolls 2...,£3.50,£1.35 / 100g,null,bakery,bakery,2024-11-19
Schär Wholesome Vitality Loaf 350g,£3.00,86p / 100g,£2.50,bakery,bakery,2024-11-19
Sainsbury's Free From Assorted Jam Tarts x6,£2.10,35p / ea,null,bakery,bakery,2024-11-19
Warburtons Gluten Free Super Soft Seeded Sliced Rolls,£2.90,73p / ea,£2.35,bakery,bakery,2024-11-19
Mrs. Crimble's Gluten Free Jam Coconut Rings x6 240g,£1.75,29p / ea,null,bakery,bakery,2024-11-19
Schär Madeleines 8x30g,£3.10,39p / ea,null,bakery,bakery,2024-11-19
"Sainsbury's Free From Seeded Sourdough Cob, Taste the Differ...",£3.15,79p / 100g,null,bakery,bakery,2024-11-19
Schär Gluten Free Brioche Burger Buns 160g,£1.75,£1.09 / 100g,null,bakery,bakery,2024-11-19
Sainsbury's Free From Seeded Rolls x4,£1.75,44p / ea,null,bakery,bakery,2024-11-19
Warburtons Gluten Free Soft Sliced Brioche Rolls x4,£2.90,73p / ea,£2.35,bakery,bakery,2024-11-19
"Sainsbury's Free From Fruit Loaf, Taste the Difference 385g",£2.75,71p / 100g,null,bakery,bakery,2024-11-19
Sainsbury's Free From Chocolate Cake Bars x4,£3.45,£2.88 / 100g,null,bakery,bakery,2024-11-19
Sainsbury's Free From Mini Yule Logs x4 176g,£2.50,£1.42 / 100g,null,bakery,bakery,2024-11-19
Lazyday Rocky Road Slices x5 150g,£2.80,56p / ea,null,bakery,bakery,2024-11-19
Arden & Amici Classic Gluten Free Panettone 100g,£3.00,£3.00 / 100g,null,bakery,bakery,2024-11-19
Lazyday Mini Vic the Vegan Caterpillar Cakes x4 200g,£3.50,£1.75 / 100g,null,bakery,bakery,2024-11-19
Mrs Crimble's Gluten Free Bakewell Slices x4 200g,£1.80,45p / ea,null,bakery,bakery,2024-11-19
Gü Plant Chocolate & Vanilla Cheesecake Dessert 2x82g,£3.95,£2.41 / 100g,£2.95,bakery,bakery,2024-11-19
Schär Panini Rolls 150g,£1.90,£1.27 / 100g,null,bakery,bakery,2024-11-19
"Sainsbury's Free From All Butter Croissants, Taste the Diffe...",£2.75,£1.96 / 100g,null,bakery,bakery,2024-11-19
Genius Gluten Free Spicy Sliced Fruit Loaf 400g,£3.10,78p / 100g,null,bakery,bakery,2024-11-19
Sainsbury's Free From Sicilian Lemon & Raspberry Almond Slic...,£2.50,63p / ea,null,bakery,bakery,2024-11-19
Sainsbury's Free From Vanilla Cupcakes x2,£1.85,£1.68 / 100g,null,bakery,bakery,2024-11-19
Sainsbury's Free From Chocolate Cake Slices x4,£2.30,58p / ea,null,bakery,bakery,2024-11-19
"Sainsbury's Free From Blueberry Muffins, Taste the Differenc...",£2.50,£1.25 / 100g,null,bakery,bakery,2024-11-19
Promise Gluten Free Handcrafted Sourdough Rustic White 400g,£4.15,£1.04 / 100g,null,bakery,bakery,2024-11-19
Promise Gluten Free Multiseed Bagels 280g,£3.50,£3.50 / ea,null,bakery,bakery,2024-11-19
BFree High Protein Wraps 4x42g,£3.80,£2.26 / 100g,null,bakery,bakery,2024-11-19
"Sainsbury's Free From Chocolate Muffins, Taste the Differenc...",£2.50,£1.25 / 100g,null,bakery,bakery,2024-11-19
Genius Multi Seeded Rolls x4,£2.10,75p / 100g,null,bakery,bakery,2024-11-19
"Sainsbury's Hazelnut & Florentine Tarts, Taste the Differenc...",£3.50,£1.84 / 100g,£3.25,bakery,bakery,2024-11-19
Genius Triple Chocolate Fudgy Brownies x4,£3.25,81p / ea,null,bakery,bakery,2024-11-19
Mrs Crimble's Gluten Free Caramel Macaroons x6,£1.50,25p / ea,null,bakery,bakery,2024-11-19
Schär Marble Cake 250g,£3.10,£12.40 / kg,null,bakery,bakery,2024-11-19
"Sainsbury's Free From Iced Fruit Buns, Taste the Difference ...",£2.50,£1.56 / 100g,null,bakery,bakery,2024-11-19
Lazy Day Foods Vegan & Free From Vanilla Cake 375g,£4.85,£1.29 / 100g,null,bakery,bakery,2024-11-19
"Sainsbury's Free From All Butter Chocolate Twists, Taste the...",£2.75,£1.96 / 100g,null,bakery,bakery,2024-11-19
Genius Soft White Rolls x4,£2.10,75p / 100g,null,bakery,bakery,2024-11-19
Lazy Day Free From Chocolate Celebration Cake 650g,£8.25,£1.27 / 100g,null,bakery,bakery,2024-11-19
"Sainsbury's Sticky Toffee Pudding Muffins, Taste the Differe...",£3.00,£1.41 / 100g,null,bakery,bakery,2024-11-19
Genius Brioche Loaf 400g,£3.10,78p / 100g,null,bakery,bakery,2024-11-19
Genius Fruity Teacakes x2,£2.50,£1.25 / ea,null,bakery,bakery,2024-11-19
"Sainsbury's Free From All Butter Fruit Scones, Taste the Dif...",£2.50,£1.79 / 100g,null,bakery,bakery,2024-11-19
Just Love Confetti Cupcakes x2,£2.50,£1.25 / ea,null,bakery,bakery,2024-11-19
Sainsbury's Short Crust Mince Pies x4,£1.50,38p / ea,£1.00,bakery,bakery,2024-11-19
Sainsbury's Crusty White Baguette 400g,£1.25,£1.25 / ea,null,bakery,bakery,2024-11-19
Sainsbury's Wholemeal Bread SO Organic 400g,£1.25,31p / 100g,null,bakery,bakery,2024-11-19
"Sainsbury's Sourdough Pave Bread, Taste the Difference 400g",£2.00,50p / 100g,null,bakery,bakery,2024-11-19
"Sainsbury's Bake at Home Stonebaked White Pave Rolls, Taste ...",£1.75,44p / ea,null,bakery,bakery,2024-11-19
Sainsbury's White Crusty Rolls x6,90p,15p / ea,null,bakery,bakery,2024-11-19
"Sainsbury's San Francisco Style Sourdough Bread, Taste the D...",£2.00,50p / 100g,null,bakery,bakery,2024-11-19
"Sainsbury's Ancient Grain Pave Bread, Taste the Difference 4...",£2.10,53p / 100g,null,bakery,bakery,2024-11-19
TTD Chunky Belgian Chocolate Shortbread (4pk),£1.80,45p / ea,null,bakery,bakery,2024-11-19
"Sainsbury’s Triple Belgian Chocolate Cookies, Taste the Diff...",£1.80,45p / ea,null,bakery,bakery,2024-11-19
Sainsbury's Milk Chocolate Cookies x5,£1.50,30p / ea,£1.15,bakery,bakery,2024-11-19
Sainsbury’s Blueberry Muffins x4,£1.80,45p / ea,null,bakery,bakery,2024-11-19
Sainbury's Puff Mince Pies,£1.50,38p / ea,£1.00,bakery,bakery,2024-11-19
Sainsbury’s Chocolate Chunk Muffins x4,£1.80,45p / ea,null,bakery,bakery,2024-11-19
Sainsbury's Kalamata Olive Bread Taste the Difference 400g,£2.00,50p / 100g,null,bakery,bakery,2024-11-19
Sainsbury's Yum Yums x4,£1.50,38p / ea,null,bakery,bakery,2024-11-19
Sainsbury's Instore Bakery Jam Doughnuts x5,£1.20,24p / ea,null,bakery,bakery,2024-11-19
Sainsbury’s Jam Doughnuts x5,£1.20,24p / ea,null,bakery,bakery,2024-11-19
St. Pierre Brioche Buns x6,£2.80,47p / ea,null,bakery,bakery,2024-11-19
Sainsbury's White Crusty Rolls x6,90p,15p / ea,null,bakery,bakery,2024-11-19
Sainsbury's White Chocolate Cookies x5,£1.50,30p / ea,£1.15,bakery,bakery,2024-11-19
Sainsbury's Crusty White Baguette,£1.25,£1.25 / ea,null,bakery,bakery,2024-11-19
Sainsbury's White Rolls x6,90p,15p / ea,null,bakery,bakery,2024-11-19
Sainsbury's Danish Maple & Pecan Plait x2,£1.60,80p / ea,null,bakery,bakery,2024-11-19
Sainsbury's Giraffe Baguette (Tiger) 400g,£1.25,£1.25 / ea,null,bakery,bakery,2024-11-19
Sainsbury's Bakery White Tiger Bread 800g,£1.50,19p / 100g,null,bakery,bakery,2024-11-19
Sainsbury's White Cheese Topped Rolls 4 Pack,£1.20,30p / ea,null,bakery,bakery,2024-11-19
Sainsbury’s All Butter Croissants x2,£1.60,80p / ea,null,bakery,bakery,2024-11-19
Sainsbury's Mini Ciabatta Roll,40p,40p / ea,null,bakery,bakery,2024-11-19
Sainsbury's Cheese Topped Rolls x4,£1.20,30p / ea,null,bakery,bakery,2024-11-19
Sainsbury's Vanilla Flavoured Danish Crown x2,£1.60,80p / ea,null,bakery,bakery,2024-11-19
"Sainsbury's Sourdough Roll, Taste the Difference",60p,60p / ea,null,bakery,bakery,2024-11-19
"Sainsbury's Multiseed Loaf Bread, Taste the Difference 800g",£1.50,19p / 100g,null,bakery,bakery,2024-11-19
Sainsbury’s Triple Chocolate Muffins x4,£1.80,45p / ea,null,bakery,bakery,2024-11-19
Sainsbury's White Baton,80p,80p / ea,null,bakery,bakery,2024-11-19
"Sainsbury's Almond Croissant, Taste the Difference x2",£2.40,£1.20 / ea,null,bakery,bakery,2024-11-19
"Sainsbury's Stonebaked Ciabatta Bread, Taste the Difference ...",£2.00,50p / 100g,null,bakery,bakery,2024-11-19
Sainsbury's Pain Aux Raisins x2,£1.60,80p / ea,null,bakery,bakery,2024-11-19
Sainsbury's Large White Baps x4,90p,23p / ea,null,bakery,bakery,2024-11-19
Sainsbury's Pain Au Chocolat x2,£1.60,80p / ea,null,bakery,bakery,2024-11-19
Sainsbury's Farmhouse Loaf White Bread 800g,£1.50,19p / 100g,null,bakery,bakery,2024-11-19
"Sainsbury’s White Sourdough Bloomer Bread, Taste the Differe...",£2.25,56p / 100g,null,bakery,bakery,2024-11-19
"Sainsbury’s Belgian Milk Chocolate Cookies, Taste the Differ...",£1.80,45p / ea,null,bakery,bakery,2024-11-19
Sainsbury's Chocolate & Hazelnut Croissants x2,£1.60,80p / ea,null,bakery,bakery,2024-11-19
Sainsbury's Wholemeal Rolls x6,90p,15p / ea,null,bakery,bakery,2024-11-19
"Sainsbury’s Salted Caramel & Belgian Milk Chocolate Cookies,...",£1.80,45p / ea,null,bakery,bakery,2024-11-19
Sainsbury's Double Chocolate Cookies x5,£1.50,30p / ea,£1.15,bakery,bakery,2024-11-19
Sainsbury’s Mini Chocolate Chip Muffins x12,£1.65,14p / ea,null,bakery,bakery,2024-11-19
Sainsbury's Morning Roll,40p,40p / ea,null,bakery,bakery,2024-11-19
Sainsbury's Sandwich Loaf White Bread 800g,£1.45,18p / 100g,null,bakery,bakery,2024-11-19
Sainsbury's Danish Pastry Cinnamon Whirls x2,£1.60,80p / ea,null,bakery,bakery,2024-11-19
Sainsbury's Danish Pastry Raisin Whirls x2,£1.60,80p / ea,null,bakery,bakery,2024-11-19
Sainsbury's Baguettine,50p,50p / ea,null,bakery,bakery,2024-11-19
Sainsbury's White Farmhouse Loaf 800g,£1.50,19p / 100g,null,bakery,bakery,2024-11-19
Sainsbury's White Iced Ring Doughnuts x4,£1.40,35p / ea,£1.00,bakery,bakery,2024-11-19
Sainsbury's White Finger Rolls x6,90p,15p / ea,null,bakery,bakery,2024-11-19
"Sainsbury's Stonebaked White Baguette, Taste the Difference",£1.50,38p / 100g,null,bakery,bakery,2024-11-19
Sainsbury's Large Soft White Rolls x6,£1.20,20p / ea,null,bakery,bakery,2024-11-19
Sainsbury's Large Sesame Rolls x4,£1.05,26p / ea,null,bakery,bakery,2024-11-19
Sainsbury's Farmhouse White Bread 400g,£1.00,25p / 100g,null,bakery,bakery,2024-11-19
Sainsbury's Bakery White Tiger Bread 400g,£1.00,25p / 100g,null,bakery,bakery,2024-11-19
Sainsbury's Danish Pastry Bramley Apple Lattices x2,£1.60,80p / ea,null,bakery,bakery,2024-11-19
Sainsbury's Giraffe Baguette,£1.25,£1.25 / ea,null,bakery,bakery,2024-11-19
Sainsbury’s Jam Doughnut,50p,50p / ea,null,bakery,bakery,2024-11-19
Sainsbury's Cheese Baton,80p,80p / ea,null,bakery,bakery,2024-11-19
Sainsbury's Vanilla Doughnuts x5,£1.20,24p / ea,null,bakery,bakery,2024-11-19
"Sainsbury's Rosemary & Sea Salt Focaccia, Taste the Differen...",£2.10,84p / 100g,null,bakery,bakery,2024-11-19
Sainsbury's Scottish White Morning Rolls x6,90p,15p / ea,null,bakery,bakery,2024-11-19
Sainsbury's Christmas Iced Ring Doughnuts,£1.40,35p / ea,£1.00,bakery,bakery,2024-11-19
Sainsbury's White Vienna Rolls x4,90p,23p / ea,null,bakery,bakery,2024-11-19
Sainsbury's Mini Sugared Doughnuts x10,£1.00,10p / ea,null,bakery,bakery,2024-11-19
"Sainsbury's Sicilian Lemon Muffins, Taste the Difference x2",£1.90,95p / ea,null,bakery,bakery,2024-11-19
Sainsbury's Wholemeal Rustic Roll,40p,40p / ea,null,bakery,bakery,2024-11-19
Sainsbury's Mini Danish Selection x5,£1.75,£1.75 / ea,null,bakery,bakery,2024-11-19
Sainsbury's White Bloomer Bread 800g,£1.50,19p / 100g,null,bakery,bakery,2024-11-19
"Sainsbury's Seeded Baguette, Taste the Difference 400g",£1.50,38p / 100g,null,bakery,bakery,2024-11-19
"Sainsbury's Halkidiki Olive Roll, Taste the Difference",60p,60p / ea,null,bakery,bakery,2024-11-19
"Sainsbury's Brown Sourdough Bread, Taste the Difference 400g",£2.10,53p / 100g,null,bakery,bakery,2024-11-19
"Sainsbury's Multiseed Loaf Bread, Taste Difference 800g",£1.50,19p / 100g,null,bakery,bakery,2024-11-19
Sainsbury's Apple Turnovers x2,£1.60,80p / ea,null,bakery,bakery,2024-11-19
Sainsbury's Crusty White Roll,40p,40p / ea,null,bakery,bakery,2024-11-19
Sainsbury's White Baton,80p,80p / ea,null,bakery,bakery,2024-11-19
Sainsbury's White Bread SO Organic 400g,£1.25,31p / 100g,null,bakery,bakery,2024-11-19
Sainsbury's White Cheese Roll,40p,40p / ea,null,bakery,bakery,2024-11-19
Sainsbury's Hand Crafted Bread 400g,£1.15,29p / 100g,null,bakery,bakery,2024-11-19
Sainsbury's Bakery Pink Iced Doughnuts x4,£1.40,35p / ea,£1.00,bakery,bakery,2024-11-19
Sainsbury's Super Seed Grain Large Rolls Taste the Differenc...,£1.05,£1.05 / ea,null,bakery,bakery,2024-11-19
Sainsbury's Caramel Shortcake Cake Slices x4,£1.30,98p / 100g,null,bakery,bakery,2024-11-19
Sainsbury's Giraffe Vienna Tiger Rolls x4,90p,23p / ea,null,bakery,bakery,2024-11-19
Sainsbury's White Loaf 400g,£1.00,25p / 100g,null,bakery,bakery,2024-11-19
"Sainsbury's Mixed Fruit Bloomer Bread, Taste the Difference ...",£2.25,£2.25 / ea,null,bakery,bakery,2024-11-19
Sainsbury's Pastel De Nata,£1.00,£1.00 / ea,null,bakery,bakery,2024-11-19
Sainsbury’s Chocolate Iced Ring Doughnuts x4,£1.40,35p / ea,£1.00,bakery,bakery,2024-11-19
"Sainsbury's Walnut Pave, Taste the Difference",£2.25,£2.25 / ea,null,bakery,bakery,2024-11-19
Sainsbury's Super Seed Grain Rolls Taste the Difference x6,£1.05,£1.05 / ea,null,bakery,bakery,2024-11-19
Sainsbury's Large Wholemeal Baps x4,90p,23p / ea,null,bakery,bakery,2024-11-19
Sainsbury's White Plait Roll,40p,40p / ea,null,bakery,bakery,2024-11-19
Sainsbury's Well Fired Loaf Bread 400g,£1.15,29p / 100g,null,bakery,bakery,2024-11-19
Sainsbury's Brownie Cake Slices x4,£1.35,75p / 100g,null,bakery,bakery,2024-11-19
"Sainsbury's Seeded Sourdough Bloomer, Taste the Difference 4...",£2.25,£2.25 / ea,null,bakery,bakery,2024-11-19
Sainsbury's Vanilla Custard Doughnuts x5,£1.20,24p / ea,null,bakery,bakery,2024-11-19
"Sainsbury's Rye Sourdough Bloomer, Taste the Difference 350g",£2.25,£2.25 / ea,null,bakery,bakery,2024-11-19
Sainsbury's Pain Au Raisins,£1.10,£1.10 / ea,null,bakery,bakery,2024-11-19
Sainsbury's Sugar Ring Doughnut,50p,50p / ea,null,bakery,bakery,2024-11-19
Sainsbury's Giraffe Baton,80p,80p / ea,null,bakery,bakery,2024-11-19
Sainsbury's Mini Chocolate Doughnuts x10,£1.00,10p / ea,null,bakery,bakery,2024-11-19
"Sainsbury's Sumptuously Seeded Roll, Taste the Difference",60p,60p / ea,null,bakery,bakery,2024-11-19
Sainsbury's Chocolate Twist,£1.10,£1.10 / ea,null,bakery,bakery,2024-11-19
Sainsbury's Pastel De Nata x4,£2.25,56p / ea,null,bakery,bakery,2024-11-19
"Sainsbury's Gingerbread & Belgian White Chocolate Cookies, L...",£1.80,£1.80 / ea,null,bakery,bakery,2024-11-19
"Sainsbury's Multiseed Loaf Bread, Taste the Difference 400g",£1.25,31p / 100g,null,bakery,bakery,2024-11-19
"Sainsbury's Almond Croissant, Taste the Difference",£1.40,£1.40 / ea,null,bakery,bakery,2024-11-19
Sainsbury's Seeded Baton,80p,80p / ea,null,bakery,bakery,2024-11-19
Sainsbury's Sub Rolls x4,£1.00,25p / ea,null,bakery,bakery,2024-11-19
"Sainsbury's Stonebaked White Baton, Taste the Difference",£1.00,£1.00 / ea,null,bakery,bakery,2024-11-19
Sainsbury's Giraffe Bloomer 400g,£1.00,25p / 100g,null,bakery,bakery,2024-11-19
"Sainsbury's Triple Chocolate Muffins, Taste the Difference x...",£1.90,95p / ea,null,bakery,bakery,2024-11-19
Sainsbury's Multiseed Bread Taste Difference 400g,£1.25,31p / 100g,null,bakery,bakery,2024-11-19
Sainsbury's Giraffe Bloomer 800g,£1.50,19p / 100g,null,bakery,bakery,2024-11-19
Sainsbury's All Butter Croissant,£1.00,£1.00 / ea,null,bakery,bakery,2024-11-19
Sainsbury's Maple & Pecan Danish Plait,£1.10,£1.10 / ea,null,bakery,bakery,2024-11-19
Sainsbury's Seeded Baguette,£1.25,£1.25 / ea,null,bakery,bakery,2024-11-19
Sainsbury's White Bloomer Bread 400g,£1.00,25p / 100g,null,bakery,bakery,2024-11-19
"Sainsbury's West Country Cheddar Stick, Taste the Difference",60p,60p / ea,null,bakery,bakery,2024-11-19
Sainsbury’s White Iced Ring Doughnuts x12,£3.45,29p / ea,null,bakery,bakery,2024-11-19
Sainsbury's Multiseed Soft Baps Taste the Difference x4,£1.00,25p / ea,null,bakery,bakery,2024-11-19
Sainsbury's Flapjack Cake Slices x4,£1.30,87p / 100g,null,bakery,bakery,2024-11-19
Patisserie Valerie Black Forest Slice,£3.10,£3.10 / ea,null,bakery,bakery,2024-11-19
Sainsbury's Pain Au Chocolat,£1.10,£1.10 / ea,null,bakery,bakery,2024-11-19
Sainsbury's Rolo Cookies,£1.65,41p / ea,null,bakery,bakery,2024-11-19
"Sainsbury's Bakery Hand Crafted White Coburg, Taste the Diff...",£1.15,29p / 100g,null,bakery,bakery,2024-11-19
Sainsbury's Bakery White Bloomer 400g,£1.00,25p / 100g,null,bakery,bakery,2024-11-19
Sainsbury's Seeded White Bloomer Bread 800g,£1.50,£1.50 / ea,null,bakery,bakery,2024-11-19
Patisserie Valerie Strawberry Compote Slice,£3.10,£3.10 / ea,null,bakery,bakery,2024-11-19
"Sainsbury's Sticky Toffee Muffins, Taste the Difference x2",£1.90,£1.90 / ea,null,bakery,bakery,2024-11-19
Patisserie Valerie Double Chocolate Slice,£3.10,£3.10 / ea,null,bakery,bakery,2024-11-19
"Sainsbury's Fig & Honey Sourdough Bloomer, Taste the Differe...",£2.30,£2.30 / ea,null,bakery,bakery,2024-11-19
"Sainsbury's Pistachio Baton, Taste the Difference x2",£2.40,£1.20 / ea,null,bakery,bakery,2024-11-19
Sainsbury's Giraffe Vienna Rolls x4,90p,23p / ea,null,bakery,bakery,2024-11-19
Sainsbury’s Sugar Ring Doughnuts x5,£1.20,24p / ea,null,bakery,bakery,2024-11-19
Patisserie Valerie Mille Feuille Slice,£3.10,£3.10 / ea,null,bakery,bakery,2024-11-19
"Sainsbury's Pistachio Baton, Taste the Difference",£1.40,£1.40 / ea,null,bakery,bakery,2024-11-19
Patisserie Valerie Cheesecake Slice,£3.10,£3.10 / ea,null,bakery,bakery,2024-11-19
Sainsbury’s Chocolate Iced Ring Doughnuts x12,£3.45,29p / ea,null,bakery,bakery,2024-11-19
Sainsbury's Multiseed Baton Taste the Difference,85p,85p / ea,null,bakery,bakery,2024-11-19
"Sainsbury's Cinnamon Baton, Taste the Difference",£1.40,£1.40 / ea,null,bakery,bakery,2024-11-19
Sainsbury's Gingerbread Person,£1.00,£1.00 / ea,null,bakery,bakery,2024-11-19
Sainsbury's White Bloomer 800g,£1.50,19p / 100g,null,bakery,bakery,2024-11-19
Sainsbury's Large Florentine 43g,£1.35,£1.35 / ea,null,bakery,bakery,2024-11-19
"Sainsbury's Cinnamon Baton, Taste the Difference x2",£2.40,£2.40 / ea,null,bakery,bakery,2024-11-19
Sainsbury's Gingerbread Christmas Tree,95p,95p / ea,null,bakery,bakery,2024-11-19
"Sainsbury's Chipotle Chilli Bloomer, Taste the Difference 40...",£2.30,£2.30 / ea,null,bakery,bakery,2024-11-19
"Sainsbury's Handcrafted Seeded Sourdough, Taste the Differen...",£4.00,67p / 100g,null,bakery,bakery,2024-11-19
"Sainsbury's Pesto Twist, Taste the Difference",£1.40,£1.40 / ea,null,bakery,bakery,2024-11-19
"Sainsbury's Handcrafted White Sourdough, Taste the Differenc...",£4.00,50p / 100g,null,bakery,bakery,2024-11-19
"Sainsbury's Handcrafted Brown Sourdough, Taste the Differenc...",£4.00,50p / 100g,null,bakery,bakery,2024-11-19
"Sainsbury's Handcrafted Sourdough Baguette, Taste the Differ...",£3.00,75p / 100g,null,bakery,bakery,2024-11-19
"Sainsbury’s Handcrafted Apricot & Rosemary Sourdough, Taste ...",£4.00,67p / 100g,null,bakery,bakery,2024-11-19
Sainsbury's Seeded White Bloomer Bread 400g,85p,85p / ea,null,bakery,bakery,2024-11-19
Sainsbury's Garlic Baguette x2 390g,£1.80,46p / 100g,£1.35,bakery,bakery,2024-11-19
Sainsbury's Garlic Baguette 195g,£1.00,51p / 100g,null,bakery,bakery,2024-11-19
Pizza Express Dough Balls with Garlic Dip x16,£3.80,£1.90 / 100g,null,bakery,bakery,2024-11-19
Deli Kitchen Greek Style Flatbread x4 320g,£1.85,46p / ea,£1.35,bakery,bakery,2024-11-19
Sainsbury's Garlic & Coriander Naan x2 260g,69p,27p / 100g,null,bakery,bakery,2024-11-19
"Sainsbury's Garlic Flatbread, Taste the Difference 195g",£2.60,£1.33 / 100g,£2.00,bakery,bakery,2024-11-19
Sainsbury's Plain Naan x 2 260g,69p,27p / 100g,null,bakery,bakery,2024-11-19
Sainsbury's Plain Folded Flatbreads x6,£1.40,23p / ea,null,bakery,bakery,2024-11-19
Sainsbury's Mini Plain Naan x4 188g,£1.00,53p / 100g,null,bakery,bakery,2024-11-19
Sainsbury's Garlic & Coriander Mini Naan x4 188g,£1.00,53p / 100g,null,bakery,bakery,2024-11-19
Sainsbury's Peshwari Naan x2 260g,69p,27p / 100g,null,bakery,bakery,2024-11-19
Sainsbury's Multiseeded Folded Flatbreads x6,£1.40,23p / ea,null,bakery,bakery,2024-11-19
Sainsbury's Flame Baked Garlic & Coriander Naans x2 260g,£1.25,48p / 100g,null,bakery,bakery,2024-11-19
Sainsbury's Flamebaked Plain Naans x2 260g,£1.25,48p / 100g,null,bakery,bakery,2024-11-19
"Sainsbury's Aromatic Garlic & Coriander Naans, Taste Differe...",£2.00,£7.14 / kg,null,bakery,bakery,2024-11-19
Deli Kitchen Sliced Focaccia x4 300g,£1.60,£2.13 / 100g,£1.00,bakery,bakery,2024-11-19
Deli Kitchen Lebanese Style Flatbreads x2,£1.50,75p / ea,£1.00,bakery,bakery,2024-11-19
"Sainsbury's Rosemary & Sea Salt Focaccia, Taste the Differen...",£2.10,84p / 100g,null,bakery,bakery,2024-11-19
Sainsbury's Mini Garlic & Coriander Naans x4,£1.15,29p / ea,null,bakery,bakery,2024-11-19
Sainsbury's Indian Plain Naan x2 260g,£1.50,£5.77 / kg,null,bakery,bakery,2024-11-19
Deli Kitchen Persian Flatbread 200g,£1.40,78p / 100ea,null,bakery,bakery,2024-11-19
Sharwood's Large Plain Naan Breads x2,£1.95,75p / 100g,£1.50,bakery,bakery,2024-11-19
Pizza Express Pre-Rolled Pizza Dough 400g,£2.40,£6.00 / kg,null,bakery,bakery,2024-11-19
Patak's Garlic & Coriander Naan Breads x2,£1.85,84p / 100g,£1.50,bakery,bakery,2024-11-19
Sainsbury's Indian Garlic & Coriander Naan 260g,£1.50,£5.77 / kg,null,bakery,bakery,2024-11-19
Sharwood's Garlic & Coriander Naan Breads x2,£1.95,75p / 100g,£1.50,bakery,bakery,2024-11-19
Jacob's Flatbread Salt & Pepper Crackers 150g,£2.00,£1.33 / 100g,£1.25,bakery,bakery,2024-11-19
"Sainsbury's Rosemary Flatbread, Taste the Difference x2 210g",£1.75,83p / 100g,£1.50,bakery,bakery,2024-11-19
Pizza Express Ready to Roll Pizza Dough 400g,£2.40,£6.00 / kg,null,bakery,bakery,2024-11-19
Patak's Plain Naan Breads x2,£1.85,84p / 100g,£1.50,bakery,bakery,2024-11-19
Riya's Original Recipe Premium Wholemeal Roti Indian Flat Br...,£1.35,45p / 100g,null,bakery,bakery,2024-11-19
Sainsbury's Roasted Garlic & Parsley Flatbreads Autumn Editi...,£1.75,88p / ea,£1.50,bakery,bakery,2024-11-19
"Sainsbury's Peshwari Naan, Taste the Difference x2 360g",£1.75,49p / 100g,£1.50,bakery,bakery,2024-11-19
BFree Naan Breads Stone Baked Original 240g,£3.25,£1.35 / 100g,null,bakery,bakery,2024-11-19
Warburtons Protein Flatbreads x4,£1.50,38p / ea,£1.35,bakery,bakery,2024-11-19
Sainsbury's Mini G&C Naan 4x50g,£1.50,£7.50 / kg,null,bakery,bakery,2024-11-19
Sainsbury's Meal Deal Cajun Onion Rings 300g,£3.25,£10.83 / kg,null,bakery,bakery,2024-11-19
"Sainsbury's Garlic & Chilli Naan, Taste the Difference x2",£1.75,88p / ea,£1.50,bakery,bakery,2024-11-19
Sainsbury's Meal Deal Mini Garlic Bread 230g,£3.25,£14.13 / kg,null,bakery,bakery,2024-11-19
Riya's Original Recipe Premium Methi Roti x4,£1.50,50p / 100g,null,bakery,bakery,2024-11-19
Pizza Express Garlic & Mozzarella Flatbread 185g,£3.00,£16.22 / kg,null,bakery,bakery,2024-11-19
Geeta's Roti Flatbreads Five Seed Mix x4,£1.85,84p / 100g,null,bakery,bakery,2024-11-19
Geeta's Roti Flatbreads Sweet Onion & Paprika x4 220g,£1.85,84p / 100g,null,bakery,bakery,2024-11-19
Warburtons Teacakes x4,£1.35,34p / ea,null,bakery,bakery,2024-11-19
"Sainsbury's Fruity Hot Cross Buns, Taste the Difference x4 2...",£1.80,45p / ea,null,bakery,bakery,2024-11-19
Soreen Sliced Malt Loaf 290g,£1.75,63p / 100g,null,bakery,bakery,2024-11-19
"Sainsbury's Sultana Scones, Taste the Difference x4",£2.00,50p / ea,null,bakery,bakery,2024-11-19
Soreen Malt Loaf 260g,£1.60,62p / 100g,null,bakery,bakery,2024-11-19
Sainsbury's Fruit Loaf 388g,£1.65,43p / 100g,null,bakery,bakery,2024-11-19
Warburtons Cinnamon & Raisin Fruit Loaf 400g,£1.95,49p / 100g,null,bakery,bakery,2024-11-19
Soreen Malt Lunchbox Loaf Bars x5,£1.80,36p / ea,£1.25,bakery,bakery,2024-11-19
Soreen Banana Lunchbox Loaf Bars x5,£1.80,36p / ea,£1.25,bakery,bakery,2024-11-19
St. Pierre Seeded Brioche Burger Buns Pre-Sliced x4,£2.80,70p / ea,null,bakery,bakery,2024-11-19
St. Pierre Brioche Buns x6,£2.80,47p / ea,null,bakery,bakery,2024-11-19
"Sainsbury's Farmhouse Cheese Scones, Taste Difference x4",£2.00,50p / ea,null,bakery,bakery,2024-11-19
Sainsbury's Teacakes x6,£1.40,23p / ea,null,bakery,bakery,2024-11-19
"Sainsbury's Cornish Clotted Cream Scones, Taste the Differen...",£2.00,50p / ea,null,bakery,bakery,2024-11-19
Sainsbury's Belgian Buns x2,£1.25,66p / 100g,null,bakery,bakery,2024-11-19
Soreen Apple Lunchbox Loaf Bars x5,£1.80,36p / ea,£1.25,bakery,bakery,2024-11-19
Sainsbury's Sultana Scones x6,£1.65,28p / ea,null,bakery,bakery,2024-11-19
"Sainsbury's Fruity Teacake, Taste the Difference x4 360g",£1.85,46p / ea,null,bakery,bakery,2024-11-19
Tan Y Castell Welsh Cakes,£1.09,18p / ea,null,bakery,bakery,2024-11-19
Sainsbury's All Butter Scones x6,£1.65,28p / ea,null,bakery,bakery,2024-11-19
Soreen Strawberry Lunchbox Loaf Bars x5,£1.80,36p / ea,£1.25,bakery,bakery,2024-11-19
Soreen Lift Bars Blueberry x4,£2.00,50p / ea,null,bakery,bakery,2024-11-19
St Pierre Burger Buns x4,£2.50,63p / ea,null,bakery,bakery,2024-11-19
Sainsbury's Iced Buns x6,£1.65,28p / ea,null,bakery,bakery,2024-11-19
Soreen Lift Bars Raspberry & Vanilla x4,£2.00,50p / ea,null,bakery,bakery,2024-11-19
Wagon Wheels Teacakes Jammie 120g,£1.00,83p / 100g,null,bakery,bakery,2024-11-19
Sainsbury's Madeleines Cakes 250g,£2.00,£8.00 / kg,null,bakery,bakery,2024-11-19
"Sainsbury's Chocolate & Salted Caramel Hot Cross Buns, Taste...",£1.80,45p / ea,null,bakery,bakery,2024-11-19
Warburtons Gluten Free Cinnamon & Raisin Sliced Fruity Buns ...,£2.90,73p / ea,null,bakery,bakery,2024-11-19
Sainsbury's Chocolate Madeleines Cakes 250g,£2.00,£8.00 / kg,null,bakery,bakery,2024-11-19
"Sainsbury's Fruit & Nut Stollen, Taste the Difference 545g",£7.50,£1.38 / 100g,null,bakery,bakery,2024-11-19
Sainsbury's Scone Mix 320g,95p,£2.97 / kg,null,bakery,bakery,2024-11-19
Sainsbury's Free From Fruity Hot Cross Buns x4,£2.00,71p / 100g,null,bakery,bakery,2024-11-19
"Sainsbury's Free From Iced Fruit Buns, Taste the Difference ...",£2.50,£1.56 / 100g,null,bakery,bakery,2024-11-19
"Sainsbury's Free From All Butter Fruit Scones, Taste the Dif...",£2.50,£1.79 / 100g,null,bakery,bakery,2024-11-19
Bolands Elite Chocolate Kimberley Teacake 132g,£2.35,£1.78 / 100g,null,bakery,bakery,2024-11-19
Mccanns Irish Rich Barmbrack 553g,£4.35,79p / 100g,null,bakery,bakery,2024-11-19
Sainsbury's Plain Tortilla Wraps x8 496g,£1.30,16p / ea,null,bakery,bakery,2024-11-19
Sainsbury's Wholemeal Pittas x6,60p,10p / ea,null,bakery,bakery,2024-11-19
Sainsbury's White Pittas x6,60p,10p / ea,null,bakery,bakery,2024-11-19
Sainsbury's Wholemeal Tortilla Wraps x8 512g,£1.30,16p / ea,null,bakery,bakery,2024-11-19
Warburtons Protein Thin Bagels x4,£1.75,44p / ea,£1.25,bakery,bakery,2024-11-19
Stamford Street Co. Plain Tortilla Wraps x8,99p,12p / ea,null,bakery,bakery,2024-11-19
Warburtons Original Thin Bagels x6,£1.75,29p / ea,£1.25,bakery,bakery,2024-11-19
Deli Kitchen Greek Style Flatbread x4 320g,£1.85,46p / ea,£1.35,bakery,bakery,2024-11-19
Sainsbury's Mini Tortilla Wraps x8,£1.30,16p / ea,null,bakery,bakery,2024-11-19
Warburtons Wholemeal Soft Pittas x4,£1.15,29p / ea,null,bakery,bakery,2024-11-19
Warburtons Brown Sandwich Thins x6,£1.40,23p / ea,null,bakery,bakery,2024-11-19
Mission Wheat & White Wraps x6 367g,£1.70,28p / ea,£1.50,bakery,bakery,2024-11-19
Crosta & Mollica Piadina Golden Durum Wheat Italian Flatbrea...,£2.00,67p / 100g,null,bakery,bakery,2024-11-19
Warburtons White Soft Pittas x4,£1.15,29p / ea,null,bakery,bakery,2024-11-19
Mission Wheat & White Mini Wraps x6 186g,£1.20,20p / ea,null,bakery,bakery,2024-11-19
Sainsbury's Plain Folded Flatbreads x6,£1.40,23p / ea,null,bakery,bakery,2024-11-19
Warburtons White Sandwich Thins x6,£1.40,23p / ea,null,bakery,bakery,2024-11-19
Mission Original Wraps x6 367g,£1.70,28p / ea,£1.50,bakery,bakery,2024-11-19
Old El Paso Mexican Regular Soft Flour Tortilla Wraps x8 326...,£1.85,57p / 100g,£1.50,bakery,bakery,2024-11-19
Crosta & Mollica Piadina Organic Wholeblend Italian Flatbrea...,£2.00,67p / 100g,null,bakery,bakery,2024-11-19
Mission Original Mini Wraps x6 186g,£1.20,20p / ea,null,bakery,bakery,2024-11-19
Sainsbury's Multiseeded Folded Flatbreads x6,£1.40,23p / ea,null,bakery,bakery,2024-11-19
Sainsbury's Greek Style Flatbreads x4,£1.80,45p / ea,null,bakery,bakery,2024-11-19
Sainsbury's Plain Flour Tortillas x8 320g,£1.40,44p / 100g,null,bakery,bakery,2024-11-19
Deli Kitchen Sliced Focaccia x4 300g,£1.60,£2.13 / 100g,£1.00,bakery,bakery,2024-11-19
Stamford Street Co. Wholemeal Tortilla Wraps x8,99p,12p / ea,null,bakery,bakery,2024-11-19
Deli Kitchen Carb Lite Wraps x6 300g,£1.85,31p / ea,£1.00,bakery,bakery,2024-11-19
Deli Kitchen Lebanese Style Flatbreads x2,£1.50,75p / ea,£1.00,bakery,bakery,2024-11-19
Old El Paso Mexican Large Soft Flour Tortilla Wraps x6 350g,£1.95,56p / 100g,£1.75,bakery,bakery,2024-11-19
Warburtons Gluten Free White Wraps x4,£2.90,73p / ea,null,bakery,bakery,2024-11-19
Deli Kitchen Persian Flatbread 200g,£1.40,78p / 100ea,null,bakery,bakery,2024-11-19
Sainsbury's On the Go Smoked Salmon & Cream Cheese on Oatmea...,£3.15,£3.15 / ea,null,bakery,bakery,2024-11-19
Sainsbury's On the Go Chicken & Bacon Caesar Wrap,£3.15,£3.15 / ea,null,bakery,bakery,2024-11-19
"Sainsbury's Beef, Horseradish Mayonnaise Sandwich",£3.15,£3.15 / ea,null,bakery,bakery,2024-11-19
Sainsbury's Drawstring Refuse Sacks x20,£4.00,20p / ea,null,bakery,bakery,2024-11-19
Old El Paso Mexican Regular Soft Whole Wheat Tortilla Wraps ...,£2.15,66p / 100g,£1.50,bakery,bakery,2024-11-19
Mission Original XL Wraps 540g,£2.00,37p / 100g,£1.00,bakery,bakery,2024-11-19
BFree Pitta Breads Stone Baked 4x55g (220g),£2.75,£1.25 / 100g,null,bakery,bakery,2024-11-19
"Sainsbury's Mozzarella, Tomato, Mayonnaise & Basil Pesto Tor...",£3.15,£3.15 / ea,null,bakery,bakery,2024-11-19
Deli Kitchen Protein Wraps x6 366g,£1.85,51p / 100g,null,bakery,bakery,2024-11-19
"Sainsbury's Rosemary Flatbread, Taste the Difference x2 210g",£1.75,83p / 100g,£1.50,bakery,bakery,2024-11-19
BFree Wholegrain Pitta Breads 4 x 55g,£2.75,£1.25 / 100g,null,bakery,bakery,2024-11-19
Warburtons Protein Soft Pittas x4,£1.65,64p / 100g,£1.35,bakery,bakery,2024-11-19
Sainsbury's Roasted Garlic & Parsley Flatbreads Autumn Editi...,£1.75,88p / ea,£1.50,bakery,bakery,2024-11-19
BFree Sweet Potato Wraps x6,£3.80,£1.51 / 100g,null,bakery,bakery,2024-11-19
Old El Paso Mexican Tortilla Wrap Pockets x8 223g,£2.70,£1.21 / 100g,null,bakery,bakery,2024-11-19
Deli Kitchen Everything Wraps x6 366g,£1.75,47p / 100g,null,bakery,bakery,2024-11-19
Sainsbury's Non Stick Baking Sheets x20,£1.85,9p / ea,null,bakery,bakery,2024-11-19
Camden Graphics Friend Birthday Card Pink with Cute Characte...,£2.00,£2.00 / ea,null,bakery,bakery,2024-11-19
Richmond Vegan & Vegetarian Meat Free Frozen Sausages x8 304...,£2.15,£7.07 / kg,null,Frozen food,frozen_vegan,2024-11-19
Birds Eye Crispy Chips 900g,£2.50,£2.78 / kg,null,Frozen food,frozen_vegan,2024-11-19
Sainsbury's Vegetable Spring Rolls x16 288g,£2.50,£8.68 / kg,null,Frozen food,frozen_vegan,2024-11-19
Mccain Naked Oven Chips Straight 1.7kg,£3.70,£2.18 / kg,null,Frozen food,frozen_vegan,2024-11-19
Mccain Naked Oven Chips Straight 900g,£2.00,£2.22 / kg,null,Frozen food,frozen_vegan,2024-11-19
Swedish Glace Vanilla Dairy Free Vegan Ice Cream Tub Dessert...,£3.00,40p / 100ml,null,Frozen food,frozen_vegan,2024-11-19
Birds Eye Steamfresh Family Favourites Steam Bags x4 540g,£2.75,£5.09 / kg,null,Frozen food,frozen_vegan,2024-11-19
Plant Pioneers Meat Free Mince 500g,£1.86,£3.72 / kg,null,Frozen food,frozen_vegan,2024-11-19
Linda McCartney Vegetarian Sausages x6 270g,£2.50,£9.26 / kg,£1.75,Frozen food,frozen_vegan,2024-11-19
Linda McCartney Quarter Pounder Burger x2 227g,£2.50,£11.01 / kg,null,Frozen food,frozen_vegan,2024-11-19
Linda McCartney Rosemary Vegetarian Sausages x6 270g,£2.50,£9.26 / kg,£1.75,Frozen food,frozen_vegan,2024-11-19
Linda Mccartney Vegetarian Mince 500g,£3.30,£6.60 / kg,null,Frozen food,frozen_vegan,2024-11-19
Birds Eye The Original Alphabites 456g,£2.60,£5.70 / kg,null,Frozen food,frozen_vegan,2024-11-19
Plant Pioneers Meat Free Meatballs 380g,£1.42,£3.74 / kg,null,Frozen food,frozen_vegan,2024-11-19
LEON Waffle Fries 550g,£2.85,£5.18 / kg,null,Frozen food,frozen_vegan,2024-11-19
The Vegetarian Butcher Happy Go Clucky Vegan Chicken Burger ...,£2.75,£15.28 / kg,null,Frozen food,frozen_vegan,2024-11-19
Aunt Bessie's Crispy & Fluffy Homestyle Chips 800g,£3.40,£4.25 / kg,null,Frozen food,frozen_vegan,2024-11-19
itsu Vegetable Fusion Gyoza Dinner Dumplings 270g,£4.25,£15.74 / kg,null,Frozen food,frozen_vegan,2024-11-19
Strong Roots Sweet Potato Hash Brown 350g,£3.30,£9.43 / kg,null,Frozen food,frozen_vegan,2024-11-19
Linda McCartney Deep Dish Country Pie x2 380g,£2.80,£7.37 / kg,null,Frozen food,frozen_vegan,2024-11-19
The Northern Dough Co. Pizza Dough Original 2x220g,£2.60,£5.91 / kg,null,Frozen food,frozen_vegan,2024-11-19
Birds Eye Potato Dipper Chips 500g,£2.80,£5.60 / kg,null,Frozen food,frozen_vegan,2024-11-19
Plant Pioneer No Pork Sausage Rolls 400g,£1.19,£2.98 / kg,null,Frozen food,frozen_vegan,2024-11-19
Linda McCartney's Vegetarian Lincolnshire Sausages x6 270g,£2.50,£9.26 / kg,null,Frozen food,frozen_vegan,2024-11-19
Birds Eye Steamfresh Super Sunshine Steam Bags x4 540g,£2.75,£5.09 / kg,£2.25,Frozen food,frozen_vegan,2024-11-19
Sainsbury's Plant Pioneers Pups in Blankets x15 360g,£4.00,£11.11 / kg,£3.75,Frozen food,frozen_vegan,2024-11-19
Sainsbury's Frozen Cranberries 400g,£2.90,£7.25 / kg,null,Frozen food,frozen_vegan,2024-11-19
Sainsbury's Plant Pioneers Festive Chestnut & Seed Roast wit...,£3.50,£10.94 / kg,£3.00,Frozen food,frozen_vegan,2024-11-19
Linda McCartney Sausage Roll x6 342g,£3.00,£8.77 / kg,null,Frozen food,frozen_vegan,2024-11-19
Cornetto Vegan & Gluten Free Ice Cream Cones 4x90ml,£3.50,97p / 100ml,£2.50,Frozen food,frozen_vegan,2024-11-19
Strong Roots Cauliflower Hash Browns 375g,£3.30,£8.80 / kg,null,Frozen food,frozen_vegan,2024-11-19
Magnum Vegan Almond Ice Cream Sticks 3x90ml,£4.00,£1.48 / 100ml,null,Frozen food,frozen_vegan,2024-11-19
Linda McCartney's 10 Vegetarian Sausages 450g,£3.00,£6.67 / kg,null,Frozen food,frozen_vegan,2024-11-19
THIS Isn't Pork Plant Based Sausages 270g,£3.00,£11.11 / kg,£1.95,Frozen food,frozen_vegan,2024-11-19
Birds Eye Green Cuisine Vegan Fishless Fingers x12 336g,£3.00,£8.93 / kg,£2.00,Frozen food,frozen_vegan,2024-11-19
Magnum Vegan Classic Chocolate Ice Cream Sticks 3x90ml,£4.00,£1.48 / 100ml,null,Frozen food,frozen_vegan,2024-11-19
Linda McCartney's Vegetarian Tomato & Basil Meatballs 292g,£2.50,£8.56 / kg,null,Frozen food,frozen_vegan,2024-11-19
Plant Pioneers Vegan Meat Free Lasagne 400g,£2.00,£5.00 / kg,null,Frozen food,frozen_vegan,2024-11-19
Sainsbury's Plant Pioneers No Chicken Kyivs x2 280g,£1.99,£7.11 / kg,null,Frozen food,frozen_vegan,2024-11-19
"Sainsbury's Love Your Veg! Quinoa, Sweet Potato & Lentil Bur...",£2.15,£6.14 / kg,null,Frozen food,frozen_vegan,2024-11-19
Little Moons Mochi Ice Cream Passionfruit & Mango 6x32g,£5.00,£2.42 / 100ml,£3.50,Frozen food,frozen_vegan,2024-11-19
McCain Baby Hasselbacks Sea Salt & Cracked Black Pepper 653g,£3.50,£5.36 / kg,£2.50,Frozen food,frozen_vegan,2024-11-19
Del Monte 100% Orange Lollies 3x75ml,£2.75,£1.22 / 100ml,£2.00,Frozen food,frozen_vegan,2024-11-19
McCain Home Chips Lighter Straight 1.6kg,£4.30,£2.69 / kg,null,Frozen food,frozen_vegan,2024-11-19
Linda McCartney's Vegetarian Chicken Roast 400g,£3.85,£9.63 / kg,null,Frozen food,frozen_vegan,2024-11-19
Beyond Meat Burger Plant-Based Patties x2 226g,£4.00,£17.70 / kg,£2.75,Frozen food,frozen_vegan,2024-11-19
Ramona's Original Falafel 500g,£3.75,£7.50 / kg,null,Frozen food,frozen_vegan,2024-11-19
Quorn Roarsomes Crunchy Dinosaurs 240g,£2.65,£11.04 / kg,£2.00,Frozen food,frozen_vegan,2024-11-19
Birds Eye Potato Waffles Fries 500g,£2.80,£5.60 / kg,null,Frozen food,frozen_vegan,2024-11-19
Sainsbury's Plant Pioneers Bubble & Squeak Vegan Smoked Ched...,£3.50,£12.50 / kg,£3.00,Frozen food,frozen_vegan,2024-11-19
Sainsbury's Plant Pioneers Southern Fried No Chicken Burgers...,£1.69,£7.44 / kg,null,Frozen food,frozen_vegan,2024-11-19
Strong Roots Stir Fry Greens 425g,£3.65,£8.59 / kg,£2.50,Frozen food,frozen_vegan,2024-11-19
This Isn't Chicken Plant-Based Pieces 250g,£3.00,£12.00 / kg,£1.95,Frozen food,frozen_vegan,2024-11-19
Linda McCartney Vegetarian Shredded Hoisin Duck 300g,£2.75,£9.17 / kg,£2.25,Frozen food,frozen_vegan,2024-11-19
Plant Pioneers No Beef Burgers x8 454g,£2.25,£4.96 / kg,null,Frozen food,frozen_vegan,2024-11-19
Birds Eye Steamfresh Golden Rice Steam Bags x2 380g,£2.75,£7.24 / kg,£2.25,Frozen food,frozen_vegan,2024-11-19
LEON Waffle Fries with Garlic & Herb 550g,£2.85,£5.18 / kg,£2.20,Frozen food,frozen_vegan,2024-11-19
Whole Creations Dairy & Gluten Free Roasted Tomato & Basil S...,£4.25,£15.45 / kg,null,Frozen food,frozen_vegan,2024-11-19
Plant Pioneers Meat Free Wellington 435g,£5.00,£11.49 / kg,£4.50,Frozen food,frozen_vegan,2024-11-19
Crave Sugared Ring Dodoughs 215g,£2.60,£12.09 / kg,null,Frozen food,frozen_vegan,2024-11-19
Aunt Bessie's Apple Crumble 500g,£2.00,40p / 100g,null,Frozen food,frozen_vegan,2024-11-19
Quorn Vegan Pieces 280g,£2.50,£8.93 / kg,£2.00,Frozen food,frozen_vegan,2024-11-19
"Goodlife Falafel with Chickpea, Cumin & Coriander x14 280g",£2.75,£9.82 / kg,£2.10,Frozen food,frozen_vegan,2024-11-19
THIS Isn't Chicken Plant Based Tenders Southern Fried 240g,£3.00,£12.50 / kg,£1.95,Frozen food,frozen_vegan,2024-11-19
Quorn Mini Sausage Rolls x25 500g,£2.95,£5.90 / kg,null,Frozen food,frozen_vegan,2024-11-19
Sainsbury's Plant Pioneers Katsu Style No Chicken Fillets x2...,£1.79,£7.46 / kg,null,Frozen food,frozen_vegan,2024-11-19
Quorn Takeaway Spicy Vegan Buffalo Fillets 200g,£3.00,£15.79 / kg,null,Frozen food,frozen_vegan,2024-11-19
Fry's Plant Based Original Hot Dogs x8 360g,£3.00,£8.33 / kg,null,Frozen food,frozen_vegan,2024-11-19
Birds Eye Steamfresh Garden Mix Steam Bags x4 540g,£2.75,£5.09 / kg,null,Frozen food,frozen_vegan,2024-11-19
Magnum Vegan Raspberry Swirl Ice Cream Sticks 3x90ml,£4.00,£1.48 / 100ml,null,Frozen food,frozen_vegan,2024-11-19
Kirsty's Luxury Apple Pie 322g,£3.30,£10.25 / kg,null,Frozen food,frozen_vegan,2024-11-19
Richmond Vegan & Vegetarian Frozen Chargrilled No Chicken Pi...,£3.00,£13.64 / kg,£2.50,Frozen food,frozen_vegan,2024-11-19
Quorn Takeaway Crunchy Fillet Burgers 190g,£3.00,£15.79 / kg,null,Frozen food,frozen_vegan,2024-11-19
Pret Sweet Greens Smoothie Mix 400g,£3.50,£8.75 / kg,null,Frozen food,frozen_vegan,2024-11-19
Sainsbury's Plant Pioneers No Chicken Breasts x2 180g,£1.53,£8.50 / kg,null,Frozen food,frozen_vegan,2024-11-19
Jus-Rol Ready Rolled Puff Pastry Sheets 2x320g,£2.75,43p / 100g,null,Frozen food,frozen_vegan,2024-11-19
Dr. Oetker Ristorante Pizza Margherita Pomodori 340g,£3.50,£10.29 / kg,null,Frozen food,frozen_vegan,2024-11-19
The Vegetarian Butcher What The Cluck Frozen Vegan Chicken C...,£3.50,£11.67 / kg,null,Frozen food,frozen_vegan,2024-11-19
Plant Pioneers No Steak Pies x4 600g,£2.80,£4.67 / kg,null,Frozen food,frozen_vegan,2024-11-19
Aunt Bessie's Rustically Made Roast Potato Chips 750g,£3.75,£5.00 / kg,£3.00,Frozen food,frozen_vegan,2024-11-19
Strong Roots Crispy Crinkle Fries 750g,£3.75,£5.00 / kg,null,Frozen food,frozen_vegan,2024-11-19
Pret Berries & Cherries Smoothie Mix 400g,£3.50,£8.75 / kg,null,Frozen food,frozen_vegan,2024-11-19
Chicago Town Takeaway Vegan Medium Stuffed Sticky BBQ Jackfr...,£4.50,£9.18 / kg,null,Frozen food,frozen_vegan,2024-11-19
Linda McCartney's Vegetarian Quick Cook Chicken Steaks x2 22...,£2.50,£12.50 / kg,null,Frozen food,frozen_vegan,2024-11-19
itsu Vegetable Bao Buns x6 270g,£4.25,£15.74 / kg,null,Frozen food,frozen_vegan,2024-11-19
Plant Pioneers Battered Fishless Fillets x2 180g,£1.59,£8.83 / kg,null,Frozen food,frozen_vegan,2024-11-19
itsu garlic & chilli edamame 300g,£3.25,£10.83 / kg,null,Frozen food,frozen_vegan,2024-11-19
Linda McCartney's Vegetarian Quick Cook Lamb Steaks x2 220g,£2.50,£12.50 / kg,null,Frozen food,frozen_vegan,2024-11-19
Linda McCartney's Vegetarian Chicken Pieces 300g,£2.50,£8.33 / kg,null,Frozen food,frozen_vegan,2024-11-19
Sainsbury's Vegetable Tikka Curry with Rice Ready Meal For 1...,£2.00,£5.00 / kg,null,Frozen food,frozen_vegan,2024-11-19
Linda McCartney's Vegetarian Meatballs 399g,£3.00,£7.52 / kg,£2.50,Frozen food,frozen_vegan,2024-11-19
Little Moons Very Berry Mochi Sorbet Refreshos 6x32g,£5.00,£2.60 / 100ml,null,Frozen food,frozen_vegan,2024-11-19
Birds Eye Green Cuisine Vegan Chicken Free Southern Fried Gr...,£2.65,£14.72 / kg,null,Frozen food,frozen_vegan,2024-11-19
Beyond Burger Jalapeno Flavour Plant Based Patties 2x100g,£4.00,£40.00 / kg,null,Frozen food,frozen_vegan,2024-11-19
Richmond Frozen Vegan Caramelised Onion Sausages x8 304g,£2.15,£7.07 / kg,null,Frozen food,frozen_vegan,2024-11-19
Richmond Frozen Meat Free Vegan Sausages x12 456g,£2.75,£6.03 / kg,null,Frozen food,frozen_vegan,2024-11-19
Rowntree's Fruit Push Up Strawberry & Tropical 4x90ml,£2.50,69p / 100ml,£2.00,Frozen food,frozen_vegan,2024-11-19
Sainsbury's Vegetable Bao Buns 200g,£2.50,£12.50 / kg,null,Frozen food,frozen_vegan,2024-11-19
Rowntree's Fruit Push Up Blackcurrant & Orange 4x90ml,£2.50,69p / 100ml,£2.00,Frozen food,frozen_vegan,2024-11-19
Magnum Mini Vegan Classic & Almond Ice Cream Sticks x6 55 ml,£4.50,£1.36 / 100ml,£3.50,Frozen food,frozen_vegan,2024-11-19
Jude's Mint Chocolate Ice Cream 460ml,£5.00,£1.09 / 100ml,null,Frozen food,frozen_vegan,2024-11-19
Linda Mccartney's Linda's Best Burgers x2 227g,£3.00,£13.22 / kg,£2.50,Frozen food,frozen_vegan,2024-11-19
Birds Eye Green Cuisine Vegan Meatballs 280g,£3.00,£10.71 / kg,£2.50,Frozen food,frozen_vegan,2024-11-19
"Crosta & Mollica Vegana Sourdough Pizza Broccoli Red Onion, ...",£5.25,£10.46 / kg,null,Frozen food,frozen_vegan,2024-11-19
This Isn't Beef Plant Based Mince 280g,£3.00,£10.71 / kg,£1.95,Frozen food,frozen_vegan,2024-11-19
Jude's Low Calorie Plant Based Chocolate Brownie 460ml,£5.00,£1.09 / 100ml,£3.00,Frozen food,frozen_vegan,2024-11-19
Sainsbury's Thin & Crispy Cheese & Tomato Pizza 306g,95p,£3.10 / kg,null,Frozen food,frozen_vegetarian,2024-11-19
Sainsbury's Whole Green Beans 900g,£1.07,£1.19 / kg,null,Frozen food,frozen_vegetarian,2024-11-19
Sainsbury's Thin & Crispy Four Cheese Pizza 354g,£1.75,£4.94 / kg,null,Frozen food,frozen_vegetarian,2024-11-19
Richmond Vegan & Vegetarian Meat Free Frozen Sausages x8 304...,£2.15,£7.07 / kg,null,Frozen food,frozen_vegetarian,2024-11-19
Goodfella's Stonebaked Thin Margherita Pizza 345g,£3.00,£8.70 / kg,null,Frozen food,frozen_vegetarian,2024-11-19
Sainsbury's Vegetable Pizza 390g,£1.75,£4.49 / kg,null,Frozen food,frozen_vegetarian,2024-11-19
Quorn Vegetarian Mince 300g,£2.50,£8.33 / kg,null,Frozen food,frozen_vegetarian,2024-11-19
Sainsbury's Vegetable Spring Rolls x16 288g,£2.50,£8.68 / kg,null,Frozen food,frozen_vegetarian,2024-11-19
Quorn Vegetarian Swedish Style Balls 300g,£2.50,£8.33 / kg,null,Frozen food,frozen_vegetarian,2024-11-19
Sainsbury's Mozzarella Sticks x12 180g,£2.50,£13.89 / kg,null,Frozen food,frozen_vegetarian,2024-11-19
Quorn Vegetarian Chicken Style Pieces 300g,£2.50,£8.33 / kg,null,Frozen food,frozen_vegetarian,2024-11-19
Strong Roots Oven Baked Sweet Potato 500g,£3.65,£7.30 / kg,null,Frozen food,frozen_vegetarian,2024-11-19
Quorn Vegetarian Chicken Style Nuggets 475g,£2.95,£6.20 / kg,null,Frozen food,frozen_vegetarian,2024-11-19
Quorn Vegetarian Mince Family Pack 500g,£2.95,£5.90 / kg,null,Frozen food,frozen_vegetarian,2024-11-19
Linda McCartney Mozzarella Burger x2 227g,£2.50,£11.01 / kg,null,Frozen food,frozen_vegetarian,2024-11-19
Sainsbury's Breaded Halloumi Fries x10 170g,£2.50,£14.71 / kg,null,Frozen food,frozen_vegetarian,2024-11-19
Chicago Town Sub Cheese & Tomato Pizzas x2 (250g),£2.00,£8.00 / kg,null,Frozen food,frozen_vegetarian,2024-11-19
Sainsbury's Spicy Bean Burgers x4 454g,£1.69,£3.72 / kg,null,Frozen food,frozen_vegetarian,2024-11-19
Quorn Vegetarian Chicken Style Pieces 500g,£2.95,£5.90 / kg,null,Frozen food,frozen_vegetarian,2024-11-19
Plant Pioneers Meat Free Mince 500g,£1.86,£3.72 / kg,null,Frozen food,frozen_vegetarian,2024-11-19
Chicago Town Deep Dish Four Cheese Pizzas x2 (310g),£2.25,£7.60 / kg,£1.25,Frozen food,frozen_vegetarian,2024-11-19
Quorn Vegetarian Sausages 504g,£2.95,£5.85 / kg,null,Frozen food,frozen_vegetarian,2024-11-19
Sainsbury's Takeaway Stuffed Crust Four Cheese Pizza 445g,£2.75,£6.18 / kg,null,Frozen food,frozen_vegetarian,2024-11-19
Pret Chocolate Filled Croissants x6 420g,£4.10,98p / 100g,null,Frozen food,frozen_vegetarian,2024-11-19
Aunt Bessie's Bake at Home Yorkshire Puddings x12 370g,£2.50,£6.76 / kg,£2.25,Frozen food,frozen_vegetarian,2024-11-19
Dr. Oetker Ristorante Mozzarella Pizza 335g,£3.25,£9.70 / kg,£1.75,Frozen food,frozen_vegetarian,2024-11-19
Quorn Vegetarian Family Roast 454g,£3.75,£8.26 / kg,£3.00,Frozen food,frozen_vegetarian,2024-11-19
"Sainsbury's Cauliflower Cheese, Taste the Difference 500g",£2.75,£5.50 / kg,£2.25,Frozen food,frozen_vegetarian,2024-11-19
Goodfella's Takeaway The Big Cheese Pizza 555g,£4.50,£8.11 / kg,null,Frozen food,frozen_vegetarian,2024-11-19
"Sainsbury's Chunky Chips, Taste the Difference 1.2kg",£3.50,£2.92 / kg,£3.00,Frozen food,frozen_vegetarian,2024-11-19
Quorn Vegetarian Cheese & Broccoli Escalope x2 240g,£2.65,£11.04 / kg,null,Frozen food,frozen_vegetarian,2024-11-19
Linda McCartney Vegetarian Sausages x6 270g,£2.50,£9.26 / kg,£1.75,Frozen food,frozen_vegetarian,2024-11-19
Sainsbury's Indian Inspired Mini Selection x18 354g,£3.00,£8.47 / kg,null,Frozen food,frozen_vegetarian,2024-11-19
Quorn Vegetarian Chicken Style Nuggets 300g,£2.50,£8.33 / kg,null,Frozen food,frozen_vegetarian,2024-11-19
Linda McCartney Quarter Pounder Burger x2 227g,£2.50,£11.01 / kg,null,Frozen food,frozen_vegetarian,2024-11-19
Linda McCartney Rosemary Vegetarian Sausages x6 270g,£2.50,£9.26 / kg,£1.75,Frozen food,frozen_vegetarian,2024-11-19
Linda Mccartney Vegetarian Mince 500g,£3.30,£6.60 / kg,null,Frozen food,frozen_vegetarian,2024-11-19
Plant Pioneers Meat Free Meatballs 380g,£1.42,£3.74 / kg,null,Frozen food,frozen_vegetarian,2024-11-19
The Vegetarian Butcher Happy Go Clucky Vegan Chicken Burger ...,£2.75,£15.28 / kg,null,Frozen food,frozen_vegetarian,2024-11-19
Taj Crushed Garlic 400g,£1.25,£3.13 / kg,null,Frozen food,frozen_vegetarian,2024-11-19
itsu Vegetable Fusion Gyoza Dinner Dumplings 270g,£4.25,£15.74 / kg,null,Frozen food,frozen_vegetarian,2024-11-19
Strong Roots Sweet Potato Hash Brown 350g,£3.30,£9.43 / kg,null,Frozen food,frozen_vegetarian,2024-11-19
Linda McCartney Deep Dish Country Pie x2 380g,£2.80,£7.37 / kg,null,Frozen food,frozen_vegetarian,2024-11-19
The Northern Dough Co. Pizza Dough Original 2x220g,£2.60,£5.91 / kg,null,Frozen food,frozen_vegetarian,2024-11-19
Quorn Vegetarian Southern Style Burger 252g,£2.65,£10.52 / kg,null,Frozen food,frozen_vegetarian,2024-11-19
Quorn Vegetarian Southern Style Bites 300g,£2.50,£8.33 / kg,null,Frozen food,frozen_vegetarian,2024-11-19
Plant Pioneer No Pork Sausage Rolls 400g,£1.19,£2.98 / kg,null,Frozen food,frozen_vegetarian,2024-11-19
Linda McCartney's Vegetarian Lincolnshire Sausages x6 270g,£2.50,£9.26 / kg,null,Frozen food,frozen_vegetarian,2024-11-19
Stamford Street Co. Cheese & Tomato Pasta 400g,85p,£2.13 / kg,null,Frozen food,frozen_vegetarian,2024-11-19
Chicago Town Takeaway Cheesy Stuffed Cheese Pizza 630g,£5.00,£7.94 / kg,null,Frozen food,frozen_vegetarian,2024-11-19
Sainsbury's Plant Pioneers Pups in Blankets x15 360g,£4.00,£11.11 / kg,£3.75,Frozen food,frozen_vegetarian,2024-11-19
Birds Eye Green Cuisine Vegan Veggie Fingers x10 284g,£2.00,£7.04 / kg,null,Frozen food,frozen_vegetarian,2024-11-19
Sainsbury's Plant Pioneers Festive Chestnut & Seed Roast wit...,£3.50,£10.94 / kg,£3.00,Frozen food,frozen_vegetarian,2024-11-19
Quorn Vegetarian Chicken Style Fillets 312g,£2.50,£8.01 / kg,£2.00,Frozen food,frozen_vegetarian,2024-11-19
Linda McCartney Sausage Roll x6 342g,£3.00,£8.77 / kg,null,Frozen food,frozen_vegetarian,2024-11-19
Sainsbury's Cauliflower Cheese Grills x4 397g,£2.15,£5.42 / kg,null,Frozen food,frozen_vegetarian,2024-11-19
Sainsbury's Plant Pioneers Vegetable Fingers x16 452g,£1.69,£3.74 / kg,null,Frozen food,frozen_vegetarian,2024-11-19
Sainsbury's Vegetable Quarter Pounders 454g,£1.69,£3.72 / kg,null,Frozen food,frozen_vegetarian,2024-11-19
Strong Roots Cauliflower Hash Browns 375g,£3.30,£8.80 / kg,null,Frozen food,frozen_vegetarian,2024-11-19
Sainsbury's New York Cheesecake 450g,£1.85,41p / 100g,null,Frozen food,frozen_vegetarian,2024-11-19
Strong Roots the Pumpkin & Spinach Burger x4 300g,£3.30,£11.00 / kg,null,Frozen food,frozen_vegetarian,2024-11-19
Quorn Vegetarian Chicken Style Crispy Fillets 200g,£2.65,£13.25 / kg,null,Frozen food,frozen_vegetarian,2024-11-19
Dr. Oetker Ristorante Funghi Pizza 365g,£3.25,£8.90 / kg,£1.75,Frozen food,frozen_vegetarian,2024-11-19
VFC Original Recipe Crispy Chicken Tenders 200g,£3.00,£15.00 / kg,null,Frozen food,frozen_vegetarian,2024-11-19
Linda McCartney's 10 Vegetarian Sausages 450g,£3.00,£6.67 / kg,null,Frozen food,frozen_vegetarian,2024-11-19
Quorn Vegetarian Steak Style Pies 400g,£2.65,£6.63 / kg,£2.00,Frozen food,frozen_vegetarian,2024-11-19
Plant Pioneers Ultimate Plant Burgers x2 210g,£2.12,£10.10 / kg,null,Frozen food,frozen_vegetarian,2024-11-19
Aunt Bessie's Gigantic Yorkshire Pudding 125g,£1.80,£14.40 / kg,null,Frozen food,frozen_vegetarian,2024-11-19
Plant Pioneers Meat Free Chicken-Style Pieces 300g,£2.13,£7.10 / kg,null,Frozen food,frozen_vegetarian,2024-11-19
THIS Isn't Pork Plant Based Sausages 270g,£3.00,£11.11 / kg,£1.95,Frozen food,frozen_vegetarian,2024-11-19
Birds Eye Green Cuisine Vegan Fishless Fingers x12 336g,£3.00,£8.93 / kg,£2.00,Frozen food,frozen_vegetarian,2024-11-19
Aunt Bessie's Spectacular Yorkshire Puddings x4 220g,£1.95,£8.86 / kg,null,Frozen food,frozen_vegetarian,2024-11-19
Sainsbury's Spotty Dotties 4x60ml,£1.60,67p / 100ml,null,Frozen food,frozen_vegetarian,2024-11-19
"Sainsbury's Berry Roulade, Taste the Difference 445g",£5.10,£1.15 / 100g,£4.50,Frozen food,frozen_vegetarian,2024-11-19
Chicago Town Takeaway Large Stuffed Cheese Pizza 630g,£5.00,£7.94 / kg,£3.00,Frozen food,frozen_vegetarian,2024-11-19
"Sainsbury's Spinach Ricotta Cannelloni, Taste the Difference...",£3.25,£8.13 / kg,null,Frozen food,frozen_vegetarian,2024-11-19
Linda McCartney's Vegetarian Tomato & Basil Meatballs 292g,£2.50,£8.56 / kg,null,Frozen food,frozen_vegetarian,2024-11-19
Quorn Vegetarian Smoky Bacon Rashers 150g,£2.65,£17.67 / kg,null,Frozen food,frozen_vegetarian,2024-11-19
Sainsbury's Assorted Milk Lollies 8x35ml,£1.40,50p / 100ml,null,Frozen food,frozen_vegetarian,2024-11-19
Plant Pioneers Vegan Meat Free Lasagne 400g,£2.00,£5.00 / kg,null,Frozen food,frozen_vegetarian,2024-11-19
Sainsbury's Plant Pioneers No Chicken Kyivs x2 280g,£1.99,£7.11 / kg,null,Frozen food,frozen_vegetarian,2024-11-19
Quorn Vegetarian Sausages 336g,£2.50,£7.44 / kg,null,Frozen food,frozen_vegetarian,2024-11-19
Sainsbury's Profiteroles & Chocolate Sauce 260g,£2.20,85p / 100g,£1.75,Frozen food,frozen_vegetarian,2024-11-19
"Sainsbury's Love Your Veg! Quinoa, Sweet Potato & Lentil Bur...",£2.15,£6.14 / kg,null,Frozen food,frozen_vegetarian,2024-11-19
Quorn Vegetarian Garlic & Mushroom Escalope x2 240g,£2.65,£11.04 / kg,null,Frozen food,frozen_vegetarian,2024-11-19
Sainsbury's Vegetable Gyoza x10 210g,£2.50,£11.90 / kg,null,Frozen food,frozen_vegetarian,2024-11-19
Sainsbury's Deep Pan Cheese & Tomato Pizza 387g,£1.20,£3.10 / kg,null,Frozen food,frozen_vegetarian,2024-11-19
Aunt Bessie's Meat Free Toad in the Hole 190g,£2.25,£11.84 / kg,null,Frozen food,frozen_vegetarian,2024-11-19
Birds Eye Green Cuisine Vegan Chicken Free Dippers 220g,£3.00,£13.64 / kg,null,Frozen food,frozen_vegetarian,2024-11-19
VFC Original Recipe Crispy Chicken Fillets x2 190g,£3.00,£15.79 / kg,null,Frozen food,frozen_vegetarian,2024-11-19
Goodlife Mushroom & Spinach Kiev with a Creamy Garlic & Chee...,£3.20,£12.80 / kg,£2.70,Frozen food,frozen_vegetarian,2024-11-19
Sainsbury's Mushroom & Spinach Crispbakes x2 240g,£1.75,£7.29 / kg,null,Frozen food,frozen_vegetarian,2024-11-19
Linda McCartney's Vegetarian Chicken Roast 400g,£3.85,£9.63 / kg,null,Frozen food,frozen_vegetarian,2024-11-19
Beyond Meat Burger Plant-Based Patties x2 226g,£4.00,£17.70 / kg,£2.75,Frozen food,frozen_vegetarian,2024-11-19
Ramona's Original Falafel 500g,£3.75,£7.50 / kg,null,Frozen food,frozen_vegetarian,2024-11-19
Quorn Cheesy Nacho Nuggs 240g,£2.50,£10.42 / kg,£2.00,Frozen food,frozen_vegetarian,2024-11-19
"Sainsbury's Lemon Meringue Roulade, Taste the Difference 420...",£5.10,£1.21 / 100g,£4.50,Frozen food,frozen_vegetarian,2024-11-19
Quorn Roarsomes Crunchy Dinosaurs 240g,£2.65,£11.04 / kg,£2.00,Frozen food,frozen_vegetarian,2024-11-19
Sainsbury's Plant Pioneers Bubble & Squeak Vegan Smoked Ched...,£3.50,£12.50 / kg,£3.00,Frozen food,frozen_vegetarian,2024-11-19
Pret Almond Croissants x4 280g,£3.75,£1.34 / 100g,null,Frozen food,frozen_vegetarian,2024-11-19
Sainsbury's Plant Pioneers Southern Fried No Chicken Burgers...,£1.69,£7.44 / kg,null,Frozen food,frozen_vegetarian,2024-11-19
This Isn't Chicken Plant-Based Pieces 250g,£3.00,£12.00 / kg,£1.95,Frozen food,frozen_vegetarian,2024-11-19
Little Moons Honey Roasted Pistachio Soft Mochi & Gelato Ice...,£5.00,£2.60 / 100ml,£3.50,Frozen food,frozen_vegetarian,2024-11-19
Sainsbury's Nacho Cheese Triangles x12 240g,£2.50,£10.42 / kg,null,Frozen food,frozen_vegetarian,2024-11-19
Brie & Cranberry Bites 200g,£2.50,£12.50 / kg,null,Frozen food,frozen_vegetarian,2024-11-19
Linda McCartney Vegetarian Shredded Hoisin Duck 300g,£2.75,£9.17 / kg,£2.25,Frozen food,frozen_vegetarian,2024-11-19
Quorn Ham Roast 400g,£3.75,£9.38 / kg,£3.00,Frozen food,frozen_vegetarian,2024-11-19
THIS™ Isn’t Bacon Plant Based Lardons 120g,£3.50,£29.17 / kg,null,Frozen food,frozen_vegetarian,2024-11-19
"Sainsbury's No Turkey Crown with Sage & Onion Melts, Taste t...",£6.00,£12.24 / kg,£5.50,Frozen food,frozen_vegetarian,2024-11-19
Plant Pioneers No Beef Burgers x8 454g,£2.25,£4.96 / kg,null,Frozen food,frozen_vegetarian,2024-11-19
Quorn Vegetarian Chicken & Bacon Lattices 2 Pack 300g,£2.65,£8.83 / kg,null,Frozen food,frozen_vegetarian,2024-11-19
Little Moons Mochi Ice Cream Cinnamon Bun 192g,£5.00,£2.60 / 100ml,£3.50,Frozen food,frozen_vegetarian,2024-11-19
Squeaky Bean Chargrilled Cajun Mini Fillets 120g,£3.40,£28.33 / kg,£2.72,Frozen food,frozen_vegetarian,2024-11-19
Plant Pioneers Meat Free Wellington 435g,£5.00,£11.49 / kg,£4.50,Frozen food,frozen_vegetarian,2024-11-19
Linda McCartney's Vegetarian Cheese & Leek Plaits x2 340g,£3.00,£8.82 / kg,£2.40,Frozen food,frozen_vegetarian,2024-11-19
VFC Original Recipe Crispy Popcorn Chicken 220g,£3.00,£13.64 / kg,null,Frozen food,frozen_vegetarian,2024-11-19
White Rabbit Margherita Gluten Free Pizzetta 175g,£2.50,£14.29 / kg,null,Frozen food,frozen_vegetarian,2024-11-19
Sainsbury's Banoffee Pie 500g,£2.50,50p / 100g,null,Frozen food,frozen_vegetarian,2024-11-19
Little Moons Strawberry & Mascarpone Cheesecakes 4x30g,£3.75,£3.13 / 100g,null,Frozen food,frozen_vegetarian,2024-11-19
Plant Pioneers Meat Free Mini Sausage Rolls 494g,£2.25,£4.55 / kg,null,Frozen food,frozen_vegetarian,2024-11-19
Aunt Bessie's Apple Crumble 500g,£2.00,40p / 100g,null,Frozen food,frozen_vegetarian,2024-11-19
Quorn Vegan Pieces 280g,£2.50,£8.93 / kg,£2.00,Frozen food,frozen_vegetarian,2024-11-19
Quorn Tomato & Mozzarella Escalope 240g,£2.65,£11.04 / kg,null,Frozen food,frozen_vegetarian,2024-11-19
"Sainsbury's Mini Salted Caramel Meringue Roulades, Taste the...",£3.25,£1.81 / 100g,null,Frozen food,frozen_vegetarian,2024-11-19
"Goodlife Falafel with Chickpea, Cumin & Coriander x14 280g",£2.75,£9.82 / kg,£2.10,Frozen food,frozen_vegetarian,2024-11-19
THIS Isn't Chicken Plant Based Tenders Southern Fried 240g,£3.00,£12.50 / kg,£1.95,Frozen food,frozen_vegetarian,2024-11-19
Little Moons Caramelised Biscuit & White Chocolate Cheesecak...,£3.75,£3.13 / 100g,null,Frozen food,frozen_vegetarian,2024-11-19
Quorn Mini Sausage Rolls x25 500g,£2.95,£5.90 / kg,null,Frozen food,frozen_vegetarian,2024-11-19
Goodfella's Deep Pan Cheese Pizza 421g,£2.50,£6.00 / kg,£2.00,Frozen food,frozen_vegetarian,2024-11-19
Plant Pioneers Sweet Potato & Avocado Burgers 227g,£1.69,£7.44 / kg,null,Frozen food,frozen_vegetarian,2024-11-19
Sainsbury's Plant Pioneers Katsu Style No Chicken Fillets x2...,£1.79,£7.46 / kg,null,Frozen food,frozen_vegetarian,2024-11-19
Quorn Takeaway Spicy Vegan Buffalo Fillets 200g,£3.00,£15.79 / kg,null,Frozen food,frozen_vegetarian,2024-11-19
Fry's Plant Based Original Hot Dogs x8 360g,£3.00,£8.33 / kg,null,Frozen food,frozen_vegetarian,2024-11-19
Birds Eye Green Cuisine Vegetarian Veggie Quarter Pounder Bu...,£3.00,£6.61 / kg,null,Frozen food,frozen_vegetarian,2024-11-19
Sainsbury's Fruit Lollies 8x73ml,£1.60,27p / 100ml,null,Frozen food,frozen_vegetarian,2024-11-19
Linda McCartney's Mozzarella Burgers x4 454g,£3.50,£7.71 / kg,null,Frozen food,frozen_vegetarian,2024-11-19
Magnum Vegan Raspberry Swirl Ice Cream Sticks 3x90ml,£4.00,£1.48 / 100ml,null,Frozen food,frozen_vegetarian,2024-11-19
"Sainsbury's Tarte Au Citron, Taste the Difference 435g",£4.25,98p / 100g,null,Frozen food,frozen_vegetarian,2024-11-19
Kirsty's Luxury Apple Pie 322g,£3.30,£10.25 / kg,null,Frozen food,frozen_vegetarian,2024-11-19
Richmond Vegan & Vegetarian Frozen Chargrilled No Chicken Pi...,£3.00,£13.64 / kg,£2.50,Frozen food,frozen_vegetarian,2024-11-19
Quorn Takeaway Crunchy Fillet Burgers 190g,£3.00,£15.79 / kg,null,Frozen food,frozen_vegetarian,2024-11-19
Kulfi Ice Original Malai Flavoured Kulfi Milk Ice Lollies wi...,£2.95,84p / 100ml,null,Frozen food,frozen_vegetarian,2024-11-19
Sainsbury's Mature Cheddar & Onion Crispbakes x2 240g,£1.75,£7.29 / kg,null,Frozen food,frozen_vegetarian,2024-11-19
Sainsbury's Plant Pioneers No Chicken Breasts x2 180g,£1.53,£8.50 / kg,null,Frozen food,frozen_vegetarian,2024-11-19
Jus-Rol Ready Rolled Puff Pastry Sheets 2x320g,£2.75,43p / 100g,null,Frozen food,frozen_vegetarian,2024-11-19
Dr. Oetker Ristorante Pizza Margherita Pomodori 340g,£3.50,£10.29 / kg,null,Frozen food,frozen_vegetarian,2024-11-19
"Sainsbury's Mini Clementine & Brown Sugar Meringue Roulades,...",£3.25,£1.81 / 100g,null,Frozen food,frozen_vegetarian,2024-11-19
Sainsbury's Berry Pavlova 310g,£3.50,£1.13 / 100g,null,Frozen food,frozen_vegetarian,2024-11-19
The Vegetarian Butcher What The Cluck Frozen Vegan Chicken C...,£3.50,£11.67 / kg,null,Frozen food,frozen_vegetarian,2024-11-19
Plant Pioneers No Steak Pies x4 600g,£2.80,£4.67 / kg,null,Frozen food,frozen_vegetarian,2024-11-19
Aunt Bessie's Jam Roly Poly 300g,£2.00,67p / 100g,null,Frozen food,frozen_vegetarian,2024-11-19
"Sainsbury's Winterberry & Chantilly Cream Meringue Garland, ...",£7.00,£1.48 / 100g,£6.00,Frozen food,frozen_vegetarian,2024-11-19
Quorn Vegetarian Chicken & Leek Family Pie 680g,£4.00,£5.88 / kg,null,Frozen food,frozen_vegetarian,2024-11-19
Linda McCartney's Vegetarian Quick Cook Chicken Steaks x2 22...,£2.50,£12.50 / kg,null,Frozen food,frozen_vegetarian,2024-11-19
Birds Eye Steamfresh Green Medley Steam Bags x2 300g,£2.75,£9.17 / kg,£2.25,Frozen food,frozen_vegetarian,2024-11-19
itsu Vegetable Bao Buns x6 270g,£4.25,£15.74 / kg,null,Frozen food,frozen_vegetarian,2024-11-19
"Sainsbury's Irish Cream Liqueur Ice Cream, Taste the Differe...",£3.25,68p / 100ml,null,Frozen food,frozen_vegetarian,2024-11-19
Plant Pioneers Battered Fishless Fillets x2 180g,£1.59,£8.83 / kg,null,Frozen food,frozen_vegetarian,2024-11-19
Ben & Jerry's Sundae Dulce De Lish Caramel Ice Cream Tub 427...,£5.50,£1.29 / 100ml,£3.00,Frozen food,frozen_vegetarian,2024-11-19
Linda McCartney's Vegetarian Quick Cook Lamb Steaks x2 220g,£2.50,£12.50 / kg,null,Frozen food,frozen_vegetarian,2024-11-19
Linda McCartney's Vegetarian Chicken Pieces 300g,£2.50,£8.33 / kg,null,Frozen food,frozen_vegetarian,2024-11-19
"Sainsbury's Normandy Apple Tarts, Taste the Difference 2x73g",£3.00,£2.05 / 100g,£2.60,Frozen food,frozen_vegetarian,2024-11-19
Quorn Quarter Pounders x2 227g,£2.95,£13.00 / kg,£2.00,Frozen food,frozen_vegetarian,2024-11-19
Linda McCartney's Vegetarian Meatballs 399g,£3.00,£7.52 / kg,£2.50,Frozen food,frozen_vegetarian,2024-11-19
Birds Eye Green Cuisine Vegan Chicken Free Southern Fried Gr...,£2.65,£14.72 / kg,null,Frozen food,frozen_vegetarian,2024-11-19
Beyond Burger Jalapeno Flavour Plant Based Patties 2x100g,£4.00,£40.00 / kg,null,Frozen food,frozen_vegetarian,2024-11-19
Baileys Chocolate Melt in the Middle Puddings 2x90g,£3.50,£1.94 / 100g,null,Frozen food,frozen_vegetarian,2024-11-19
Richmond Frozen Vegan Caramelised Onion Sausages x8 304g,£2.15,£7.07 / kg,null,Frozen food,frozen_vegetarian,2024-11-19
Kulfi Ice Original Malai Flavour Kulfi Ice Cream with Real A...,£2.95,30p / 100ml,null,Frozen food,frozen_vegetarian,2024-11-19
Morelli Honeycomb Ice Cream 950ml,£4.40,46p / 100ml,null,Frozen food,frozen_vegetarian,2024-11-19
Kulfi Ice Pistachio Flavoured Kulfi Milk Ice Lollies with Re...,£2.95,84p / 100ml,null,Frozen food,frozen_vegetarian,2024-11-19
"Sainsbury's Strawberries & Clotted Cream Ice Cream, Taste th...",£3.25,68p / 100ml,null,Frozen food,frozen_vegetarian,2024-11-19
Richmond Frozen Meat Free Vegan Sausages x12 456g,£2.75,£6.03 / kg,null,Frozen food,frozen_vegetarian,2024-11-19
Morelli Double Cream Vanilla Ice Cream 950ml,£4.40,46p / 100ml,null,Frozen food,frozen_vegetarian,2024-11-19
Quorn Garlic & Herb Fillets x2 200g,£2.65,£13.25 / kg,£2.00,Frozen food,frozen_vegetarian,2024-11-19
Quorn Swedish Style Balls x30 501g,£3.30,£6.59 / kg,null,Frozen food,frozen_vegetarian,2024-11-19
Rowntree's Yogees 6x55ml,£2.50,76p / 100ml,£2.00,Frozen food,frozen_vegetarian,2024-11-19
Del Monte Raspberry & Vanilla Swirl 3x90ml,£2.75,£1.02 / 100ml,£2.00,Frozen food,frozen_vegetarian,2024-11-19
Del Monte Mango & Coconut Swir 3x90ml,£2.75,£1.02 / 100ml,£2.00,Frozen food,frozen_vegetarian,2024-11-19
"Sainsbury's Chocolate & Praline Choux Tower, Taste the Diffe...",£9.00,£2.14 / 100g,£7.50,Frozen food,frozen_vegetarian,2024-11-19
Häagen-Dazs Macadamia Nut Brittle Ice Cream 460ml,£5.40,£1.17 / 100ml,null,Frozen food,frozen_vegetarian,2024-11-19
English Cheesecake Company Vanilla with Lotus Biscoff Cheese...,£3.25,£1.55 / 100g,null,Frozen food,frozen_vegetarian,2024-11-19
Häagen-Dazs Caramel Biscuit & Cream 400g,£5.40,£1.17 / 100ml,null,Frozen food,frozen_vegetarian,2024-11-19
Sainsbury's Mozzarella & Marinated Cherry Tomato Wood Fired ...,£3.50,£8.75 / kg,£3.00,Frozen food,frozen_vegetarian,2024-11-19
Haagen-Dazs Red Velvet Cheesecake Ice Cream 420ml,£5.40,£1.29 / 100ml,null,Frozen food,frozen_vegetarian,2024-11-19
Haagen-Dazs Mint Chocolate Ice Cream 420ml,£5.40,£1.29 / 100ml,null,Frozen food,frozen_vegetarian,2024-11-19
Jude's Honeycomb & Chocolate Ice Cream 460ml,£5.00,£1.09 / 100ml,null,Frozen food,frozen_vegetarian,2024-11-19
Cadbury Creme Egg Ice Cream Cones 4x100ml,£3.25,81p / 100ml,null,Frozen food,frozen_vegetarian,2024-11-19
Linda Mccartney's Linda's Best Burgers x2 227g,£3.00,£13.22 / kg,£2.50,Frozen food,frozen_vegetarian,2024-11-19
Birds Eye Green Cuisine Vegan Meatballs 280g,£3.00,£10.71 / kg,£2.50,Frozen food,frozen_vegetarian,2024-11-19
"Sainsbury's Blonde Chocolate Ice Cream, Taste the Difference...",£3.25,68p / 100ml,null,Frozen food,frozen_vegetarian,2024-11-19
English Cheesecake Company Lemon & Mascarpone Cheesecake Bit...,£3.25,£1.55 / 100g,null,Frozen food,frozen_vegetarian,2024-11-19
This Isn't Beef Plant Based Mince 280g,£3.00,£10.71 / kg,£1.95,Frozen food,frozen_vegetarian,2024-11-19
Royal Vegetable Punjabi Samosa Street Food 350g,£3.50,£10.00 / kg,null,Frozen food,frozen_vegetarian,2024-11-19
Cadbury Dairy Milk Ice Cream 480ml,£4.00,83p / 100ml,£3.25,Frozen food,frozen_vegetarian,2024-11-19
Ben & Jerry's Sundae Choco Lotta Cheesecake Chocolate Ice Cr...,£5.50,£1.29 / 100ml,£3.00,Frozen food,frozen_vegetarian,2024-11-19
Haagen-Dazs Dulce De Leche Ice Cream 460ml,£5.40,£1.17 / 100ml,£3.75,Frozen food,frozen_vegetarian,2024-11-19
Cadbury Creme Egg Ice Creams 4x90ml,£4.00,£1.11 / 100ml,null,Frozen food,frozen_vegetarian,2024-11-19
Goodfella's Grande Stonebaked Margherita 650g,£5.00,£7.69 / kg,£3.25,Frozen food,frozen_vegetarian,2024-11-19
Cadbury Creme Egg Ice Cream Tub 480ml,£4.00,83p / 100ml,null,Frozen food,frozen_vegetarian,2024-11-19
Sainsbury's Broccoli Florets 900g,£1.07,£1.19 / kg,null,Frozen food,frozen_vegtables,2024-11-19
Sainsbury's Chopped Spinach 900g,£1.85,£2.06 / kg,£1.50,Frozen food,frozen_vegtables,2024-11-19
Sainsbury's Button Sprouts 1kg,£1.30,£1.30 / kg,null,Frozen food,frozen_vegtables,2024-11-19
Sainsbury's Cauliflower Florets 900g,£1.50,£1.67 / kg,null,Frozen food,frozen_vegtables,2024-11-19
Sainsbury's Broccoli & Cauliflower Florets 900g,£1.50,£1.67 / kg,null,Frozen food,frozen_vegtables,2024-11-19
Sainsbury's Baby Carrots 900g,£1.50,£1.67 / kg,null,Frozen food,frozen_vegtables,2024-11-19
"Sainsbury's Cauliflower Cheese, Taste the Difference 500g",£2.75,£5.50 / kg,£2.25,Frozen food,frozen_vegtables,2024-11-19
Sainsbury's Baby Whole Leaf Spinach 900g,£1.90,£2.11 / kg,null,Frozen food,frozen_vegtables,2024-11-19
Sainsbury's Sliced Carrots 900g,£1.00,£1.11 / kg,null,Frozen food,frozen_vegtables,2024-11-19
"Sainsbury's Honey & Orange Glazed Chantenay Carrots, Taste t...",£2.25,£5.63 / kg,£2.00,Frozen food,frozen_vegtables,2024-11-19
Aunt Bessie's Maple & Thyme Glazed Carrots 500g,£3.25,£6.50 / kg,null,Frozen food,frozen_vegtables,2024-11-19
SO Organic Broccoli 500g,£2.00,£4.00 / kg,£1.50,Frozen food,frozen_vegtables,2024-11-19
PACK'D Organic Cauliflower Rice 450g,£2.85,£6.33 / kg,null,Frozen food,frozen_vegtables,2024-11-19
Sainsbury's Mixed Vegetables 1kg,£1.65,£1.65 / kg,null,Frozen food,frozen_vegtables,2024-11-19
Sainsbury's Chopped Spinach 900g,£1.85,£2.06 / kg,£1.50,Frozen food,frozen_vegtables,2024-11-19
Sainsbury's Sliced Mixed Peppers 500g,99p,£1.98 / kg,null,Frozen food,frozen_vegtables,2024-11-19
Sainsbury's Cauliflower Cheese 680g,£2.40,£3.53 / kg,null,Frozen food,frozen_vegtables,2024-11-19
"Sainsbury's Chargrilled Mediterranean Vegetables (Aubergine,...",£2.75,£5.50 / kg,null,Frozen food,frozen_vegtables,2024-11-19
Sainsbury's Vegetable Medley 1kg,£1.65,£1.65 / kg,null,Frozen food,frozen_vegtables,2024-11-19
Sainsbury's Stir Fry Vegetables 500g,£2.50,£5.00 / kg,£2.00,Frozen food,frozen_vegtables,2024-11-19
Stamford Street Mixed Vegetables 1kg,99p,99p / kg,null,Frozen food,frozen_vegtables,2024-11-19
Sainsbury's Broccoli & Cauliflower Florets 900g,£1.50,£1.67 / kg,null,Frozen food,frozen_vegtables,2024-11-19
Sainsbury's Inspired to Cook Chopped Garlic 75g,£1.75,£23.33 / kg,null,Frozen food,frozen_vegtables,2024-11-19
Birds Eye Steamfresh Family Favourites Steam Bags x4 540g,£2.75,£5.09 / kg,null,Frozen food,frozen_vegtables,2024-11-19
Classic Vegetable Mix 1kg,£1.75,£1.75 / kg,null,Frozen food,frozen_vegtables,2024-11-19
"Sainsbury's Spiced Red Cabbage, Taste the Difference 400g",£2.25,£5.63 / kg,£2.00,Frozen food,frozen_vegtables,2024-11-19
Sainsbury's Butternut Squash Chunks 500g,99p,£1.98 / kg,null,Frozen food,frozen_vegtables,2024-11-19
Sainsbury's Sliced Carrots 900g,£1.00,£1.11 / kg,null,Frozen food,frozen_vegtables,2024-11-19
Birds Eye Country Mixed Vegetables 640g,£3.00,£4.69 / kg,£2.60,Frozen food,frozen_vegtables,2024-11-19
Birds Eye Steamfresh Super Sunshine Steam Bags x4 540g,£2.75,£5.09 / kg,£2.25,Frozen food,frozen_vegtables,2024-11-19
Sainsbury's Vegetable Stewpack 1kg,£1.50,£1.50 / kg,null,Frozen food,frozen_vegtables,2024-11-19
Sainsbury's Sliced Red Onions 500g,£1.50,£3.00 / kg,null,Frozen food,frozen_vegtables,2024-11-19
Sainsbury's Classic Vegetable Base Mix 1kg,£2.00,£2.00 / kg,£1.75,Frozen food,frozen_vegtables,2024-11-19
Birds Eye Supersweet Sweetcorn 640g,£3.00,£4.69 / kg,null,Frozen food,frozen_vegtables,2024-11-19
Sainsbury's Brussels Sprouts with Bacon Lardons & Thyme Butt...,£2.25,£4.50 / kg,£1.75,Frozen food,frozen_vegtables,2024-11-19
Sainsbury's Sliced Savoy Cabbage 500g,£2.00,£4.00 / kg,null,Frozen food,frozen_vegtables,2024-11-19
Birds Eye Steamfresh Creamy Cheese Vegetable Penne Pasta Mea...,£3.50,£8.75 / kg,null,Frozen food,frozen_vegtables,2024-11-19
Birds Eye Select Mixed Vegetables 640g,£3.00,£4.69 / kg,null,Frozen food,frozen_vegtables,2024-11-19
Birds Eye Garden Peas & Sweetcorn 640g,£3.00,£4.69 / kg,£2.60,Frozen food,frozen_vegtables,2024-11-19
Cofresh Bhindi Chopped Okra 300g,£1.00,£3.33 / kg,null,Frozen food,frozen_vegtables,2024-11-19
Merchant Gourmet Aromatic Korean Style Vegetables & Mixed Gr...,£3.00,£7.50 / kg,null,Frozen food,frozen_vegtables,2024-11-19
Merchant Gourmet Herby Mediterranean Style Vegetables & Gian...,£3.00,£7.50 / kg,null,Frozen food,frozen_vegtables,2024-11-19
"Sainsbury's Rice, Broccoli, Sweetcorn & Peas Microwaveable S...",£2.50,£4.63 / kg,£2.00,Frozen food,frozen_vegtables,2024-11-19
"Sainsbury's Carrots, Broccoli & Sweetcorn Microwaveable Stea...",£2.50,£4.63 / kg,£2.00,Frozen food,frozen_vegtables,2024-11-19
Strong Roots Stir Fry Greens 425g,£3.65,£8.59 / kg,£2.50,Frozen food,frozen_vegtables,2024-11-19
Birds Eye Steamfresh Golden Rice Steam Bags x2 380g,£2.75,£7.24 / kg,£2.25,Frozen food,frozen_vegtables,2024-11-19
Birds Eye Steamfresh Mushroom Tagliatelle with a Creamy Sauc...,£3.50,£8.75 / kg,£2.25,Frozen food,frozen_vegtables,2024-11-19
Birds Eye Steamfresh Mediterranean Vegetable and Tomato Past...,£3.50,£8.75 / kg,null,Frozen food,frozen_vegtables,2024-11-19
"Sainsbury's Mixed Vegetables, SO Organic 500g",£2.00,£4.00 / kg,£1.50,Frozen food,frozen_vegtables,2024-11-19
Birds Eye Steamfresh Garden Mix Steam Bags x4 540g,£2.75,£5.09 / kg,null,Frozen food,frozen_vegtables,2024-11-19
Birds Eye Steamfresh Tortelloni with Vegetables & Pesto Meal...,£3.50,£10.00 / kg,£2.25,Frozen food,frozen_vegtables,2024-11-19
Birds Eye Steamfresh Green Medley Steam Bags x2 300g,£2.75,£9.17 / kg,£2.25,Frozen food,frozen_vegtables,2024-11-19
Aunt Bessie's Carrot & Swede Mash 500g,£3.15,£6.30 / kg,null,Frozen food,frozen_vegtables,2024-11-19
Sainsbury's Chopped Onions 500g,99p,£1.98 / kg,null,Frozen food,frozen_vegtables,2024-11-19
Sainsbury's Sliced Mixed Peppers 500g,99p,£1.98 / kg,null,Frozen food,frozen_vegtables,2024-11-19
Sainsbury's Sliced Red Onions 500g,£1.50,£3.00 / kg,null,Frozen food,frozen_vegtables,2024-11-19
Sainsbury's Chopped Ginger 75g,£1.75,£23.33 / kg,null,Frozen food,frozen_vegtables,2024-11-19
Sainsbury's Chopped Parsley 50g,£1.75,£35.00 / kg,null,Frozen food,frozen_vegtables,2024-11-19
Sainsbury's Chopped Coriander 50g,£1.75,£35.00 / kg,null,Frozen food,frozen_vegtables,2024-11-19
Sainsbury's Chopped Red Chilli 75g,£1.75,£23.33 / kg,null,Frozen food,frozen_vegtables,2024-11-19
Sainsbury's Chopped Basil 50g,£1.75,£35.00 / kg,null,Frozen food,frozen_vegtables,2024-11-19
"Sainsbury's Chopped Thyme Freshly Frozen, Inspired to Cook 5...",£1.75,£35.00 / kg,null,Frozen food,frozen_vegtables,2024-11-19
"Sainsbury's Chopped Rosemary Freshly Frozen, Inspired to Coo...",£1.75,£35.00 / kg,null,Frozen food,frozen_vegtables,2024-11-19
Sainsbury's Garden Peas 910g,£1.45,£1.59 / kg,null,Frozen food,frozen_vegtables,2024-11-19
Sainsbury's Petits Pois 910g,£1.60,£1.76 / kg,null,Frozen food,frozen_vegtables,2024-11-19
"Sainsbury's Sweetcorn, Super Sweet 1kg",£1.80,£1.80 / kg,null,Frozen food,frozen_vegtables,2024-11-19
Sainsbury's Whole Green Beans 900g,£1.07,£1.19 / kg,null,Frozen food,frozen_vegtables,2024-11-19
Stamford Street Co. Peas 850g,93p,£1.09 / kg,null,Frozen food,frozen_vegtables,2024-11-19
Birds Eye Garden Peas 800g,£2.95,£3.69 / kg,null,Frozen food,frozen_vegtables,2024-11-19
Birds Eye Garden Peas 375g,£1.75,£4.67 / kg,null,Frozen food,frozen_vegtables,2024-11-19
Birds Eye Petits Pois 960g,£3.85,£4.01 / kg,null,Frozen food,frozen_vegtables,2024-11-19
Sainsbury's Edamame Beans 500g,£2.80,£5.60 / kg,null,Frozen food,frozen_vegtables,2024-11-19
Birds Eye Garden Peas 1.2kg,£4.00,£3.33 / kg,£3.25,Frozen food,frozen_vegtables,2024-11-19
Sainsbury's Garden Peas 1.8kg,£2.30,£1.27 / kg,null,Frozen food,frozen_vegtables,2024-11-19
Sainsbury's Supersweet Mini Corn Cobs 875g,£1.75,£2.00 / kg,null,Frozen food,frozen_vegtables,2024-11-19
Green Giant Original Sweetcorn 198g,£1.00,£6.06 / kg,null,Frozen food,frozen_vegtables,2024-11-19
Birds Eye Petits Pois 545g,£2.85,£5.23 / kg,£2.20,Frozen food,frozen_vegtables,2024-11-19
Stamford Street Co. Sweetcorn 950g,£1.38,£1.45 / kg,null,Frozen food,frozen_vegtables,2024-11-19
"Sainsbury's Petit Pois, Taste the Difference 750g",£2.50,£3.33 / kg,£2.00,Frozen food,frozen_vegtables,2024-11-19
Sainsbury's Sliced Green Beans 900g,£1.50,£1.67 / kg,£1.25,Frozen food,frozen_vegtables,2024-11-19
Sainsbury's So Organic Garden Peas 500g,£2.00,£4.00 / kg,£1.50,Frozen food,frozen_vegtables,2024-11-19
Sainsbury's Petits Pois 1.8kg,£2.90,£1.60 / kg,null,Frozen food,frozen_vegtables,2024-11-19
Birds Eye Supersweet Sweetcorn 640g,£3.00,£4.69 / kg,null,Frozen food,frozen_vegtables,2024-11-19
Birds Eye Garden Peas & Sweetcorn 640g,£3.00,£4.69 / kg,£2.60,Frozen food,frozen_vegtables,2024-11-19
SO Organic Sweetcorn 500g,£2.00,£4.00 / kg,£1.50,Frozen food,frozen_vegtables,2024-11-19
Sainsbury's Mushy Peas Twinpack 300g,£1.50,£5.00 / kg,null,Frozen food,frozen_vegtables,2024-11-19
Sainsbury's Honey Glazed Roast Parsnips 600g,£2.30,£3.83 / kg,£1.85,Frozen food,frozen_vegtables,2024-11-19
Aunt Bessie's Honey Glazed Parsnips 500g,£3.35,£6.70 / kg,null,Frozen food,frozen_vegtables,2024-11-19
Aunt Bessie's Duck Fat Roast Potatoes 700g,£4.50,£6.43 / kg,null,Frozen food,frozen_vegtables,2024-11-19
Aunt Bessie's Roast Potatoes 1.3kg,£4.40,£3.38 / kg,£3.50,Frozen food,frozen_vegtables,2024-11-19
Sainsbury's Sweet Potato Chunks 600g,£1.80,£3.00 / kg,£1.30,Frozen food,frozen_vegtables,2024-11-19
Sainsbury's Super Crispy Skin On Chips 900g,£2.55,£2.83 / kg,£2.25,Frozen food,chips_related,2024-11-19
McCain Crispy French Fries 900g,£3.20,£3.56 / kg,£2.50,Frozen food,chips_related,2024-11-19
McCain Home Chips Straight 1.6kg,£4.30,£2.69 / kg,null,Frozen food,chips_related,2024-11-19
McCain Home Chips Crinkle 1kg,£3.20,£3.20 / kg,null,Frozen food,chips_related,2024-11-19
Mccain Home Chips Chips Crinkle 1.6kg,£4.30,£2.69 / kg,£3.50,Frozen food,chips_related,2024-11-19
Aunt Bessie's Roast Potatoes 720g,£2.50,£3.47 / kg,null,Frozen food,chips_related,2024-11-19
Sainsbury's Crinkle Cut Chips 1.5kg,£1.99,£1.33 / kg,null,Frozen food,chips_related,2024-11-19
Sainsbury's Mashed Potato 900g,£2.00,£2.22 / kg,null,Frozen food,chips_related,2024-11-19
McCain Crispy French Fries 1.4kg,£4.30,£3.07 / kg,null,Frozen food,chips_related,2024-11-19
Sainsbury's French Fries 900g,£1.22,£1.36 / kg,null,Frozen food,chips_related,2024-11-19
Birds Eye Crispy Chips 900g,£2.50,£2.78 / kg,null,Frozen food,chips_related,2024-11-19
Sainsbury's Lightly Spiced Wedges 900g,£2.00,£2.22 / kg,null,Frozen food,chips_related,2024-11-19
Sainsbury's Sweet Potato Fries 500g,£2.90,£5.80 / kg,£2.50,Frozen food,chips_related,2024-11-19
Sainsbury's Seasoned Curly Fries 700g,£2.20,£3.14 / kg,null,Frozen food,chips_related,2024-11-19
McCain Home Chips Straight 1kg,£3.20,£3.20 / kg,£2.50,Frozen food,chips_related,2024-11-19
"Sainsbury's Triple Cooked Chips, Taste the Difference 750g",£3.00,£4.00 / kg,£2.75,Frozen food,chips_related,2024-11-19
Mccain Naked Oven Chips Straight 1.7kg,£3.70,£2.18 / kg,null,Frozen food,chips_related,2024-11-19
McCain Triple Cooked Gastro Chips 700g,£3.70,£5.29 / kg,null,Frozen food,chips_related,2024-11-19
Sainsbury's Steak Cut Chips 1.5kg,£1.99,£1.33 / kg,null,Frozen food,chips_related,2024-11-19
Strong Roots Oven Baked Sweet Potato 500g,£3.65,£7.30 / kg,null,Frozen food,chips_related,2024-11-19
Mccain Naked Oven Chips Straight 900g,£2.00,£2.22 / kg,null,Frozen food,chips_related,2024-11-19
Sainsbury's Breaded Halloumi Fries x10 170g,£2.50,£14.71 / kg,null,Frozen food,chips_related,2024-11-19
Albert Bartlett Rooster Homestyle Chips 1.2kg,£3.75,£3.13 / kg,null,Frozen food,chips_related,2024-11-19
Sainsbury's French Fries 1.5kg,£2.03,£1.35 / kg,null,Frozen food,chips_related,2024-11-19
Aunt Bessie's Crispy & Fluffy Homestyle Chips 1.3kg,£3.80,£2.92 / kg,null,Frozen food,chips_related,2024-11-19
Sainsbury's Hash Brown Bites 700g,£2.10,£3.00 / kg,null,Frozen food,chips_related,2024-11-19
Sainsbury's Extra Crispy French Fries 900g,£2.55,£2.83 / kg,£2.25,Frozen food,chips_related,2024-11-19
"Sainsbury's Chunky Roast Potatoes with Beef Dripping, Taste ...",£2.95,£2.95 / kg,£2.50,Frozen food,chips_related,2024-11-19
Aunt Bessie's Duck Fat Roast Potatoes 700g,£4.50,£6.43 / kg,null,Frozen food,chips_related,2024-11-19
McCain Crispy Skin On Fries 800g,£3.70,£4.63 / kg,null,Frozen food,chips_related,2024-11-19
Fries to Go 3x90g,£2.70,£10.00 / kg,£2.50,Frozen food,chips_related,2024-11-19
Sainsbury's Hash Browns 1.2kg,£3.00,£2.50 / kg,null,Frozen food,chips_related,2024-11-19
McCain Home Chips Straight 2.1kg,£4.60,£2.19 / kg,null,Frozen food,chips_related,2024-11-19
"Sainsbury's Chunky Chips, Taste the Difference 1.2kg",£3.50,£2.92 / kg,£3.00,Frozen food,chips_related,2024-11-19
Strong Roots Crispy Skinny Fries 750g,£3.75,£5.00 / kg,null,Frozen food,chips_related,2024-11-19
Sainsbury's Extra Crispy Crinkle Cut Chips 900g,£2.55,£2.83 / kg,£2.25,Frozen food,chips_related,2024-11-19
Birds Eye The Original Alphabites 456g,£2.60,£5.70 / kg,null,Frozen food,chips_related,2024-11-19
McCain Air Fryer Quick & Crispy French Fries 750g,£3.20,£4.27 / kg,£2.00,Frozen food,chips_related,2024-11-19
LEON Waffle Fries 550g,£2.85,£5.18 / kg,null,Frozen food,chips_related,2024-11-19
Stamford Street Co. Chips 1.5kg,£1.65,£1.10 / kg,null,Frozen food,chips_related,2024-11-19
Aunt Bessie's Crispy & Fluffy Homestyle Chips 800g,£3.40,£4.25 / kg,null,Frozen food,chips_related,2024-11-19
McCain Lightly Spiced Wedges 650g,£2.75,£4.23 / kg,null,Frozen food,chips_related,2024-11-19
Birds Eye Potato Dipper Chips 500g,£2.80,£5.60 / kg,null,Frozen food,chips_related,2024-11-19
McCain Gastro Triple Cooked Chips 1.2kg,£4.70,£3.92 / kg,null,Frozen food,chips_related,2024-11-19
McCain Quick Chips Straight 4x100g,£3.00,£7.50 / kg,null,Frozen food,chips_related,2024-11-19
Sainsbury's Salt & Pepper Chips 750g,£2.55,£3.40 / kg,£2.25,Frozen food,chips_related,2024-11-19
McCain Sweet Potato Fries 500g,£3.60,£7.20 / kg,null,Frozen food,chips_related,2024-11-19
Sainsbury's Sweet Potato Wedges 500g,£3.00,£6.00 / kg,£2.50,Frozen food,chips_related,2024-11-19
Mccain Lighter Home Chips Straight 1kg,£3.20,£3.20 / kg,null,Frozen food,chips_related,2024-11-19
Sainsbury's Teddy Bear Shapes 500g,£2.00,£4.00 / kg,null,Frozen food,chips_related,2024-11-19
McCain Baby Hasselbacks Sea Salt & Cracked Black Pepper 653g,£3.50,£5.36 / kg,£2.50,Frozen food,chips_related,2024-11-19
McCain Home Chips Lighter Straight 1.6kg,£4.30,£2.69 / kg,null,Frozen food,chips_related,2024-11-19
Birds Eye Potato Waffles Fries 500g,£2.80,£5.60 / kg,null,Frozen food,chips_related,2024-11-19
McCain Air Fryer Deep Ridge Crinkle 750g,£3.20,£4.27 / kg,null,Frozen food,chips_related,2024-11-19
LEON Waffle Fries with Garlic & Herb 550g,£2.85,£5.18 / kg,£2.20,Frozen food,chips_related,2024-11-19
"Sainsbury's Straight Cut Oven Chips, Be Good To Yourself 900...",£2.20,£2.44 / kg,null,Frozen food,chips_related,2024-11-19
Aunt Bessie's Rustically Made Roast Potato Chips 750g,£3.75,£5.00 / kg,£3.00,Frozen food,chips_related,2024-11-19
Strong Roots Crispy Crinkle Fries 750g,£3.75,£5.00 / kg,null,Frozen food,chips_related,2024-11-19
Sainsbury's Salt & Vinegar Chips 750g,£2.55,£3.40 / kg,£2.25,Frozen food,chips_related,2024-11-19
Sainsbury's Battered Onion Rings 800g,£2.75,£3.44 / kg,null,Frozen food,chips_related,2024-11-19
"Sainsbury's Beer Battered Onion Rings, Taste the Difference ...",£3.00,£8.00 / kg,£2.50,Frozen food,chips_related,2024-11-19
Aunt Bessie's Roast Potatoes 720g,£2.50,£3.47 / kg,null,Frozen food,chips_related,2024-11-19
Sainsbury's Mini Crispy Potatoes 700g,£2.30,£3.29 / kg,£1.70,Frozen food,chips_related,2024-11-19
Sainsbury's Roast Potatoes 900g,£1.50,£1.67 / kg,null,Frozen food,chips_related,2024-11-19
"Sainsbury's Chunky Roast Potatoes with Beef Dripping, Taste ...",£2.95,£2.95 / kg,£2.50,Frozen food,chips_related,2024-11-19
Aunt Bessie's Duck Fat Roast Potatoes 700g,£4.50,£6.43 / kg,null,Frozen food,chips_related,2024-11-19
Aunt Bessie's Roast Potatoes 1.3kg,£4.40,£3.38 / kg,£3.50,Frozen food,chips_related,2024-11-19
Aunt Bessie's Mini Roast Potatoes 700g,£3.50,£5.00 / kg,null,Frozen food,chips_related,2024-11-19
Sainsbury's Teddy Bear Shapes 500g,£2.00,£4.00 / kg,null,Frozen food,chips_related,2024-11-19
Sainsbury's Sweet Potato Fries 500g,£2.90,£5.80 / kg,£2.50,Frozen food,chips_related,2024-11-19
Strong Roots Oven Baked Sweet Potato 500g,£3.65,£7.30 / kg,null,Frozen food,chips_related,2024-11-19
Strong Roots Sweet Potato Hash Brown 350g,£3.30,£9.43 / kg,null,Frozen food,chips_related,2024-11-19
McCain Sweet Potato Fries 500g,£3.60,£7.20 / kg,null,Frozen food,chips_related,2024-11-19
Sainsbury's Sweet Potato Wedges 500g,£3.00,£6.00 / kg,£2.50,Frozen food,chips_related,2024-11-19
Sainsbury's Hash Browns 700g,£2.10,£3.00 / kg,null,Frozen food,chips_related,2024-11-19
Birds Eye Potato Waffles x10 567g,£2.35,£4.14 / kg,null,Frozen food,chips_related,2024-11-19
Sainsbury's Potato Waffles x12 680g,£2.00,£2.94 / kg,null,Frozen food,chips_related,2024-11-19
Sainsbury's Mini Crispy Potatoes 700g,£2.30,£3.29 / kg,£1.70,Frozen food,chips_related,2024-11-19
McCain Hash Browns 625g,£2.70,£4.32 / kg,null,Frozen food,chips_related,2024-11-19
Sainsbury's Hash Browns 1.2kg,£3.00,£2.50 / kg,null,Frozen food,chips_related,2024-11-19
Strong Roots Sweet Potato Hash Brown 350g,£3.30,£9.43 / kg,null,Frozen food,chips_related,2024-11-19
Sainsbury's Potato Croquettes 700g,£2.00,£2.86 / kg,null,Frozen food,chips_related,2024-11-19
Strong Roots Cauliflower Hash Browns 375g,£3.30,£8.80 / kg,null,Frozen food,chips_related,2024-11-19
Aunt Bessie's Mashed Potato 650g,£2.70,£4.15 / kg,null,Frozen food,chips_related,2024-11-19
LEON Waffle Fries with Garlic & Herb 550g,£2.85,£5.18 / kg,£2.20,Frozen food,chips_related,2024-11-19
Sainsbury's British Fresh Pork Crackling Leg Joint 1kg-1.8kg,£7.75,£6.25 / kg,null,Frozen food,frozen_meat_poultry,2024-11-19
Sainsbury's British Pork Shoulder Joint (Approx. 1.45Kg),£4.95,£3.99 / kg,null,Frozen food,frozen_meat_poultry,2024-11-19
Sainsbury's 5% Fat Beef Mince 500g,£5.35,£10.70 / kg,null,Frozen food,frozen_meat_poultry,2024-11-19
Sainsbury's New Zealand Lamb Mince 500g,£4.80,£9.60 / kg,null,Frozen food,frozen_meat_poultry,2024-11-19
Mr Brain's Pork Faggots x6 656g,£1.60,£2.44 / kg,null,Frozen food,frozen_meat_poultry,2024-11-19
Sainsbury's British Pork Boneless Crackling Loin Joint (Appr...,£9.30,£7.50 / kg,null,Frozen food,frozen_meat_poultry,2024-11-19
Sainsbury's British Large Pork Crackling Loin Joint,£13.05,£7.25 / kg,null,Frozen food,frozen_meat_poultry,2024-11-19
Sainsbury's British Pork Boneless Belly Joint (Approx. 700g),£5.07,£7.25 / kg,£4.37,Frozen food,frozen_meat_poultry,2024-11-19
"Sainsbury's British Fresh Outdoor Bred Pork Shoulder Joint, ...",£9.80,£7.00 / kg,null,Frozen food,frozen_meat_poultry,2024-11-19
Sainsbury's Beef Meatballs 500g,£3.00,£6.00 / kg,null,Frozen food,frozen_meat_poultry,2024-11-19
Sainsbury's 12% Fat Beef Mince 800g,£7.25,£9.06 / kg,null,Frozen food,frozen_meat_poultry,2024-11-19
Sainsbury's British Fresh Large Pork Shoulder Joint,£8.51,£3.70 / kg,£5.68,Frozen food,frozen_meat_poultry,2024-11-19
J.James & Family New Zealand Lamb Chops 700g,£8.00,£11.43 / kg,null,Frozen food,frozen_meat_poultry,2024-11-19
Sainsbury's Frozen British Basted Turkey Breast Joint 800g,£12.00,£15.00 / kg,null,Frozen food,frozen_meat_poultry,2024-11-19
Sainsburys British Pork Meatballs x12 360g,£3.25,£9.03 / kg,null,Frozen food,frozen_meat_poultry,2024-11-19
Sainsbury's New Zealand Whole Leg of Lamb 1.8 – 2.5kg,£20.00,£9.52 / kg,null,Frozen food,frozen_meat_poultry,2024-11-19
Sainsbury's Gammon Joint 600g,£4.60,£7.67 / kg,null,Frozen food,frozen_meat_poultry,2024-11-19
Sainsbury's Beef & Onion Minced 650g,£3.25,£5.00 / kg,null,Frozen food,frozen_meat_poultry,2024-11-19
"Sainsbury's Outdoor Bred British Pork Loin Joint, Taste the ...",£9.25,£9.25 / kg,null,Frozen food,frozen_meat_poultry,2024-11-19
Sainsbury's British Pork Small Boneless Crackling Leg Joint ...,£5.25,£7.00 / kg,null,Frozen food,frozen_meat_poultry,2024-11-19
Smörgåsbord the Original Swedish Meatballs 1kg,£6.00,£6.00 / kg,null,Frozen food,frozen_meat_poultry,2024-11-19
"Sainsbury's Frozen British Turkey Breast Joint with Pork, Sa...",£16.00,£12.31 / kg,null,Frozen food,frozen_meat_poultry,2024-11-19
Birds Eye Beef Grill Steaks x4 340g,£4.10,£12.06 / kg,null,Frozen food,frozen_meat_poultry,2024-11-19
Oliver James Slow Cooked Lamb Shanks 750g,£7.25,£9.67 / kg,null,Frozen food,frozen_meat_poultry,2024-11-19
Oliver James Slow Cooked Lamb Shanks with a Mint Gravy 750g,£7.00,£9.33 / kg,null,Frozen food,frozen_meat_poultry,2024-11-19
Oliver James Slow Cooked Pork Ribs in a Smoky BBQ Sauce 450g,£4.50,£10.00 / kg,null,Frozen food,frozen_meat_poultry,2024-11-19
Sainsbury's Frozen Roast in the Bag British Turkey Crown 1.9...,£23.00,£11.86 / kg,null,Frozen food,frozen_meat_poultry,2024-11-19
Aunt Bessie's Garlic & Herb Beef Joint 550g,£8.00,£14.55 / kg,null,Frozen food,frozen_meat_poultry,2024-11-19
Oliver James Slow Cooked Mini Pork Ribs 340g,£3.00,£8.82 / kg,null,Frozen food,frozen_meat_poultry,2024-11-19
Royal Lamb Sheekh Kebab 300g,£4.00,£13.33 / kg,null,Frozen food,frozen_meat_poultry,2024-11-19
Royal Lamb Kheema 350g,£3.50,£10.00 / kg,null,Frozen food,frozen_meat_poultry,2024-11-19
Birds Eye Chicken Quarter Pounders x2 227g,£2.75,£12.11 / kg,null,Frozen food,frozen_meat_poultry,2024-11-19
Linda McCartney Mozzarella Burger x2 227g,£2.50,£11.01 / kg,null,Frozen food,frozen_meat_poultry,2024-11-19
Sainsbury's Spicy Bean Burgers x4 454g,£1.69,£3.72 / kg,null,Frozen food,frozen_meat_poultry,2024-11-19
Birds Eye Chicken Burgers with Golden Wholegrain x4 200g,£2.90,£14.50 / kg,£2.00,Frozen food,frozen_meat_poultry,2024-11-19
Linda McCartney Quarter Pounder Burger x2 227g,£2.50,£11.01 / kg,null,Frozen food,frozen_meat_poultry,2024-11-19
Sainsbury's Beef Burgers With Onion x8 454g,£2.64,£5.81 / kg,null,Frozen food,frozen_meat_poultry,2024-11-19
The Vegetarian Butcher Happy Go Clucky Vegan Chicken Burger ...,£2.75,£15.28 / kg,null,Frozen food,frozen_meat_poultry,2024-11-19
Sainsbury's Beef Quarter Pounders x4 454g,£3.75,£8.26 / kg,null,Frozen food,frozen_meat_poultry,2024-11-19
Quorn Vegetarian Southern Style Burger 252g,£2.65,£10.52 / kg,null,Frozen food,frozen_meat_poultry,2024-11-19
Sainsbury's Vegetable Quarter Pounders 454g,£1.69,£3.72 / kg,null,Frozen food,frozen_meat_poultry,2024-11-19
Stamford Street Co. Beef Burgers x8 397g,£2.10,£5.29 / kg,null,Frozen food,frozen_meat_poultry,2024-11-19
"Sainsbury's Aberdeen Angus Quarter Pounders, Taste the Diffe...",£4.00,£8.81 / kg,null,Frozen food,frozen_meat_poultry,2024-11-19
"Sainsbury's Love Your Veg! Quinoa, Sweet Potato & Lentil Bur...",£2.15,£6.14 / kg,null,Frozen food,frozen_meat_poultry,2024-11-19
Birds Eye Classic Beef Burgers with Onion 227g,£2.75,£12.11 / kg,null,Frozen food,frozen_meat_poultry,2024-11-19
Sainsbury's Sausage Patties 342g,£2.90,£8.48 / kg,null,Frozen food,frozen_meat_poultry,2024-11-19
"Sainsbury's Lamb & Mint Quarter Pounders, Taste the Differen...",£4.00,£8.81 / kg,null,Frozen food,frozen_meat_poultry,2024-11-19
Birds Eye Classic Beef Quarter Pounders with Onion x4 454g,£4.25,£9.36 / kg,null,Frozen food,frozen_meat_poultry,2024-11-19
Birds Eye Original Beef Burgers with Onion x10 567g,£6.00,£10.58 / kg,null,Frozen food,frozen_meat_poultry,2024-11-19
Birds Eye 5oz Steak Burgers x2 284g,£4.00,£14.08 / kg,null,Frozen food,frozen_meat_poultry,2024-11-19
Birds Eye Beef Grill Steaks x4 340g,£4.10,£12.06 / kg,null,Frozen food,frozen_meat_poultry,2024-11-19
Tahira Chicken Grills Peri Peri 4x65,£1.45,£5.58 / kg,null,Frozen food,frozen_meat_poultry,2024-11-19
Birds Eye Chicken Shop American Style Gravy Loaded Burgers x...,£4.00,£16.00 / kg,£2.50,Frozen food,frozen_meat_poultry,2024-11-19
Birds Eye Chicken Dippers x38 697g,£5.25,£7.53 / kg,null,Frozen food,frozen_meat_poultry,2024-11-19
Sainsbury's Taste the Difference 8 Chunky Haddock Fillet Fis...,£4.50,£9.38 / kg,null,Frozen food,frozen_meat_poultry,2024-11-19
Birds Eye Chicken Quarter Pounders x2 227g,£2.75,£12.11 / kg,null,Frozen food,frozen_meat_poultry,2024-11-19
Sainsbury's Chicken Breast Nuggets 450g,£1.49,£3.31 / kg,null,Frozen food,frozen_meat_poultry,2024-11-19
Sainsbury's Battered Chicken Dippers x44 1kg,£3.31,£3.31 / kg,null,Frozen food,frozen_meat_poultry,2024-11-19
Birds Eye Crispy Chicken Grills in Tempura Batter x2 170g,£2.50,£14.71 / kg,null,Frozen food,frozen_meat_poultry,2024-11-19
Sainsbury's Chicken Bites 190g,98p,£5.16 / kg,null,Frozen food,frozen_meat_poultry,2024-11-19
Sainsbury's British Skinless Chicken Fillets 1kg,£4.25,£4.25 / kg,null,Frozen food,frozen_meat_poultry,2024-11-19
Birds Eye Chicken Burgers with Golden Wholegrain x4 200g,£2.90,£14.50 / kg,£2.00,Frozen food,frozen_meat_poultry,2024-11-19
Sainsbury's Chicken Garlic Kyiv x4 490g,£2.69,£5.49 / kg,null,Frozen food,frozen_meat_poultry,2024-11-19
Sainsbury's Southern Fried Chicken Steak 380g,£1.69,£4.45 / kg,null,Frozen food,frozen_meat_poultry,2024-11-19
Birds Eye Southern Fried Chicken Grills x2 180g,£2.50,£13.89 / kg,null,Frozen food,frozen_meat_poultry,2024-11-19
Birds Eye Chicken Dippers x22 403g,£4.30,£10.67 / kg,£2.50,Frozen food,frozen_meat_poultry,2024-11-19
Sainsbury's Chicken Dippers x20 450g,£1.49,£3.31 / kg,null,Frozen food,frozen_meat_poultry,2024-11-19
Sainsbury's Breaded Chicken Goujons x16 475g,£2.36,£4.97 / kg,null,Frozen food,frozen_meat_poultry,2024-11-19
Sainsbury's British Fresh Chicken Livers 400g,£1.50,£3.75 / kg,null,Frozen food,frozen_meat_poultry,2024-11-19
Stamford Street Co. Frozen Breaded British Chicken Nuggets 3...,£1.10,£3.44 / kg,null,Frozen food,frozen_meat_poultry,2024-11-19
Taste Inc. Cooked Chicken Breast Strips 350g,£2.50,£7.14 / kg,null,Frozen food,frozen_meat_poultry,2024-11-19
Birds Eye Hot & Spicy Chicken Grills x2 180g,£2.50,£13.89 / kg,null,Frozen food,frozen_meat_poultry,2024-11-19
Birds Eye Southern Fried Chicken Grills x4 360g,£4.75,£13.19 / kg,£3.50,Frozen food,frozen_meat_poultry,2024-11-19
Sainsbury's Chicken Breast Nuggets 1kg,£3.31,£3.31 / kg,null,Frozen food,frozen_meat_poultry,2024-11-19
Sainsbury's Southern Fried Breaded Chicken Breast Pops 190g,98p,£5.16 / kg,null,Frozen food,frozen_meat_poultry,2024-11-19
Sainsbury's Southern Fried Chicken Mini Fillets 300g,£3.20,£10.67 / kg,null,Frozen food,frozen_meat_poultry,2024-11-19
Sainsbury's Chicken Liver Pots 250g,85p,£3.40 / kg,null,Frozen food,frozen_meat_poultry,2024-11-19
Birds Eye Original Chicken Chargrills x2 170g,£2.50,£14.71 / kg,null,Frozen food,frozen_meat_poultry,2024-11-19
Sainsbury's Free From Chicken Kyivs x2 260g,£3.25,£12.50 / kg,null,Frozen food,frozen_meat_poultry,2024-11-19
Bernard Matthews Turkey Dinosaurs x7 350g,£2.30,£6.57 / kg,null,Frozen food,frozen_meat_poultry,2024-11-19
Taste Inc. Skinless Chicken Fillets 1kg,£4.25,£4.25 / kg,null,Frozen food,frozen_meat_poultry,2024-11-19
Stamford Street Co. British Frozen Chicken Portions 2kg,£4.00,£2.00 / kg,null,Frozen food,frozen_meat_poultry,2024-11-19
Birds Eye Chicken Shop Ultimate Chicken Fillet Burgers x2 22...,£4.10,£18.06 / kg,null,Frozen food,frozen_meat_poultry,2024-11-19
Birds Eye Chicken Nuggets with Golden Wholegrain x44 695g,£5.50,£7.91 / kg,£4.50,Frozen food,frozen_meat_poultry,2024-11-19
Birds Eye Garlic & Herb Chicken Kievs x2 204g,£2.75,£13.48 / kg,£2.00,Frozen food,frozen_meat_poultry,2024-11-19
Birds Eye Chicken Nuggets with Golden Wholegrain x24 379g,£4.50,£11.87 / kg,null,Frozen food,frozen_meat_poultry,2024-11-19
Sainsbury's Southern Fried Chicken Thighs 700g,£3.25,£4.64 / kg,null,Frozen food,frozen_meat_poultry,2024-11-19
Taste Inc. Skinless Chicken Fillets 750g,£3.50,£4.67 / kg,£3.00,Frozen food,frozen_meat_poultry,2024-11-19
VFC Original Recipe Crispy Chicken Tenders 200g,£3.00,£15.00 / kg,null,Frozen food,frozen_meat_poultry,2024-11-19
Azeem Halal Chicken Breast Fillets 1kg,£5.90,£5.90 / kg,null,Frozen food,frozen_meat_poultry,2024-11-19
Bernard Matthews Turkey Mini Kievs x13 295g,£2.25,£7.63 / kg,null,Frozen food,frozen_meat_poultry,2024-11-19
Birds Eye Cheese & Ham Chicken Kievs x2 204g,£2.75,£13.48 / kg,null,Frozen food,frozen_meat_poultry,2024-11-19
Stamford Street Co. Frozen Breaded British Chicken Burgers 4...,£1.75,£3.84 / kg,null,Frozen food,frozen_meat_poultry,2024-11-19
Sainsbury's British Chicken Breast Mini Fillets 500g,£3.60,£7.20 / kg,null,Frozen food,frozen_meat_poultry,2024-11-19
Birds Eye Chicken Fingers with Golden Wholegrain x10 250g,£2.75,£11.00 / kg,null,Frozen food,frozen_meat_poultry,2024-11-19
Birds Eye Chicken Dippers x12 220g,£2.50,£11.36 / kg,null,Frozen food,frozen_meat_poultry,2024-11-19
Birds Eye Crispy Chicken Grills in Tempura Batter x4 340g,£4.75,£13.97 / kg,£3.50,Frozen food,frozen_meat_poultry,2024-11-19
Sainsbury's Large Frozen British Turkey Crown 2.4-2.8kg,£25.00,£9.62 / kg,null,Frozen food,frozen_meat_poultry,2024-11-19
Birds Eye Chicken Shop Sizzler Chicken Fillet Burgers x2 227...,£4.10,£18.06 / kg,null,Frozen food,frozen_meat_poultry,2024-11-19
Birds Eye Sweet & Sticky BBQ Chicken Chargrills x2 174g,£2.50,£14.37 / kg,null,Frozen food,frozen_meat_poultry,2024-11-19
Birds Eye Peri Peri Chicken Chargrills x2 174g,£2.50,£14.37 / kg,null,Frozen food,frozen_meat_poultry,2024-11-19
SFC Chicken Mini Fillets 250g,£2.50,£10.00 / kg,null,Frozen food,frozen_meat_poultry,2024-11-19
Sainsbury's Free From Chicken Nuggets 400g,£3.75,£9.38 / kg,null,Frozen food,frozen_meat_poultry,2024-11-19
Sainsbury's Extra Large Frozen British Turkey Crown 2.9-3.1k...,£26.00,£8.97 / kg,null,Frozen food,frozen_meat_poultry,2024-11-19
Sainsbury's Southern Fried Breaded Chicken Pops 500g,£2.40,£4.80 / kg,null,Frozen food,frozen_meat_poultry,2024-11-19
Sainsbury's Medium Frozen British Turkey Crown 2-2.3kg,£23.00,£10.00 / kg,null,Frozen food,frozen_meat_poultry,2024-11-19
Sainsbury's Plant Pioneers Southern Fried No Chicken Burgers...,£1.69,£7.44 / kg,null,Frozen food,frozen_meat_poultry,2024-11-19
Birds Eye Original Chicken Chargrills x4 340g,£4.75,£13.97 / kg,£3.50,Frozen food,frozen_meat_poultry,2024-11-19
Birds Eye Gluten Free Southern Fried Chicken Grills x2 180g,£2.75,£15.28 / kg,null,Frozen food,frozen_meat_poultry,2024-11-19
Jahan Premium Peri Peri Chicken Fillet Strips 500g,£3.80,£7.60 / kg,null,Frozen food,frozen_meat_poultry,2024-11-19
Sainsbury's Small Frozen British Turkey Crown 1.5-1.9kg,£20.00,£11.76 / kg,null,Frozen food,frozen_meat_poultry,2024-11-19
"Sainsbury's Free Range corn fed British Whole Chicken, Norfo...",£12.64,£8.60 / kg,null,Frozen food,frozen_meat_poultry,2024-11-19
Sainsbury's Gammon Joint 600g,£4.60,£7.67 / kg,null,Frozen food,frozen_meat_poultry,2024-11-19
Sainsbury's Extra Extra Large Frozen British Whole Basted Tu...,£34.00,£3.49 / kg,£29.00,Frozen food,frozen_meat_poultry,2024-11-19
SFC The Original Chicken Poppets 170g,£1.00,£5.88 / kg,75p,Frozen food,frozen_meat_poultry,2024-11-19
Sainsbury's Small Frozen British Whole Basted Turkey 2.6-3.8...,£18.00,£5.63 / kg,£15.00,Frozen food,frozen_meat_poultry,2024-11-19
Birds Eye Chicken Shop Buttermilk Tenders 300g,£3.75,£12.50 / kg,null,Frozen food,frozen_meat_poultry,2024-11-19
Sainsbury's Medium Frozen British Whole Basted Turkey 3.9-5....,£22.00,£4.84 / kg,£18.50,Frozen food,frozen_meat_poultry,2024-11-19
Birds Eye Sweet & Sticky BBQ Chicken Chargrills x4 348g,£4.75,£13.65 / kg,£3.50,Frozen food,frozen_meat_poultry,2024-11-19
itsu Korean Style Crispy Chicken 340g,£4.75,£13.97 / kg,null,Frozen food,frozen_meat_poultry,2024-11-19
Sainsbury's Large Frozen British Whole Basted Turkey 5.3-6.9...,£26.00,£4.26 / kg,null,Frozen food,frozen_meat_poultry,2024-11-19
Stamford Street Co. Frozen Breaded British Chicken Kyiv x4 5...,£2.30,£4.60 / kg,null,Frozen food,frozen_meat_poultry,2024-11-19
Sainsbury's Extra Large Frozen British Whole Basted Turkey 7...,£30.00,£3.80 / kg,null,Frozen food,frozen_meat_poultry,2024-11-19
Azeem Halal Hot & Spicy Chicken Wings 500g,£2.75,£5.50 / kg,null,Frozen food,frozen_meat_poultry,2024-11-19
Tariq Halal Fresh Grade A Whole Chicken Without Giblets 1kg,£4.00,£4.00 / kg,null,Frozen food,frozen_meat_poultry,2024-11-19
Jahan Breaded Chicken Nuggets 500g,£2.50,£5.00 / kg,null,Frozen food,frozen_meat_poultry,2024-11-19
LEON GFC Chicken Nuggets 300g,£4.00,£13.33 / kg,null,Frozen food,frozen_meat_poultry,2024-11-19
Sainsbury's Southern Fried Chicken Drums 700g,£3.50,£5.00 / kg,null,Frozen food,frozen_meat_poultry,2024-11-19
"Sainsbury's Medium Frozen Free Range British Bronze Turkey, ...",£32.00,£7.44 / kg,£25.00,Frozen food,frozen_meat_poultry,2024-11-19
Tahira Chicken Grills Peri Peri 4x65,£1.45,£5.58 / kg,null,Frozen food,frozen_meat_poultry,2024-11-19
Tahira Chicken Frankfurters Smoke Flavour x10 340g,£1.65,£4.85 / kg,null,Frozen food,frozen_meat_poultry,2024-11-19
Sainsbury's Hot & Spicy Boneless Thigh Fillets x2 300g,£3.00,£10.00 / kg,null,Frozen food,frozen_meat_poultry,2024-11-19
Sainsbury's British Plain Chicken Drumsticks 1.5kg,£3.75,£2.50 / kg,null,Frozen food,frozen_meat_poultry,2024-11-19
Sainsbury's British Plain Chicken Thighs 1.5kg,£5.25,£3.50 / kg,null,Frozen food,frozen_meat_poultry,2024-11-19
Birds Eye Chicken Shop Salt & Pepper Chicken Goujons 325g,£4.10,£12.62 / kg,£3.00,Frozen food,frozen_meat_poultry,2024-11-19
Aunt Bessie's Bacon Topped Boneless Chicken Joint 700g,£8.00,£11.43 / kg,null,Frozen food,frozen_meat_poultry,2024-11-19
SFC Southern Fried Chicken Portions 700g,£3.25,£4.64 / kg,null,Frozen food,frozen_meat_poultry,2024-11-19
Birds Eye BBQ Chicken Griddlers x8 204g,£2.75,£13.48 / kg,null,Frozen food,frozen_meat_poultry,2024-11-19
Tahira Spicy Chicken Franks x10 340g,£1.65,£4.85 / kg,null,Frozen food,frozen_meat_poultry,2024-11-19
"Sainsbury's Hot & Spicy Breaded Chicken Drums, Thighs & Wing...",£5.00,£6.02 / kg,null,Frozen food,frozen_meat_poultry,2024-11-19
Sainsbury's Small Frozen Free Range British Bronze Turkey Cr...,£30.00,£15.00 / kg,null,Frozen food,frozen_meat_poultry,2024-11-19
Sainsbury's Pigs in Blankets x20 400g,£4.50,£11.25 / kg,null,Frozen food,frozen_meat_poultry,2024-11-19
Stamford Street Co. Thick Pork Sausages x20 1kg,£1.65,£1.65 / kg,null,Frozen food,frozen_meat_poultry,2024-11-19
Richmond Thick Frozen Pork Sausages x20 860g,£3.75,£4.36 / kg,null,Frozen food,frozen_meat_poultry,2024-11-19
Sainsbury's Pork Cocktail Sausages x56 672g,£3.40,£5.06 / kg,null,Frozen food,frozen_meat_poultry,2024-11-19
Sainsbury's Thick Pork Sausages x20 900g,£2.57,£2.86 / kg,null,Frozen food,frozen_meat_poultry,2024-11-19
Sainsbury's Pigs In Blankets x12 240g,£3.00,£12.50 / kg,£2.50,Frozen food,frozen_meat_poultry,2024-11-19
Richmond Skinless Frozen Pork Sausages x16 426g,£2.50,£5.87 / kg,null,Frozen food,frozen_meat_poultry,2024-11-19
Richmond Thick Frozen Pork Sausages x12 516g,£2.50,£4.84 / kg,£2.00,Frozen food,frozen_meat_poultry,2024-11-19
"Sainsbury's 16 Pork, Sage & Onion Stuffing Balls 400g",£1.75,£4.38 / kg,£1.50,Frozen food,frozen_meat_poultry,2024-11-19
Sainsbury's Irish Style Pork Sausages 900g,£3.00,£3.33 / kg,null,Frozen food,frozen_meat_poultry,2024-11-19
Sainsbury's Pork Cocktail Sausages x36 510g,£3.75,£7.35 / kg,null,Frozen food,frozen_meat_poultry,2024-11-19
Sainsbury's Pork Sausagemeat 400g,£2.60,£6.50 / kg,null,Frozen food,frozen_meat_poultry,2024-11-19
"Sainsbury's Pork Chipolatas Wrapped in Bacon,Taste the Diffe...",£3.50,£1.35 / 100g,null,Frozen food,frozen_meat_poultry,2024-11-19
Richmond Thin Frozen Pork Sausages x16 444g,£2.25,£5.07 / kg,null,Frozen food,frozen_meat_poultry,2024-11-19
"Sainsbury's Pork Sausages, Taste the Difference x12 804g",£4.50,£5.60 / kg,null,Frozen food,frozen_meat_poultry,2024-11-19
Birds Eye Chicken Dippers x38 697g,£5.25,£7.53 / kg,null,Frozen food,frozen_seafood,2024-11-19
Birds Eye Omega 3 Fish Fingers x10 280g,£3.00,£10.71 / kg,null,Frozen food,frozen_seafood,2024-11-19
Sainsbury's Frozen Large Raw Peeled King Prawns ASC 180g,£2.49,£13.83 / kg,null,Frozen food,frozen_seafood,2024-11-19
Young's Gastro Signature Breaded Lemon & Pepper Fish Fillets...,£4.75,£17.59 / kg,null,Frozen food,frozen_seafood,2024-11-19
Sainsbury's Frozen Large Cooked & Peeled King Prawns ASC 180...,£2.49,£13.83 / kg,null,Frozen food,frozen_seafood,2024-11-19
Sainsbury's Taste the Difference 8 Chunky Haddock Fillet Fis...,£4.50,£9.38 / kg,null,Frozen food,frozen_seafood,2024-11-19
Birds Eye Battered Cod Fish Fillets x4 440g,£6.50,£14.77 / kg,null,Frozen food,frozen_seafood,2024-11-19
Young's Scampi 220g,£4.00,£18.18 / kg,null,Frozen food,frozen_seafood,2024-11-19
Sainsbury's Skinless & Boneless Cod Fillets 360g,£3.14,£8.72 / kg,null,Frozen food,frozen_seafood,2024-11-19
Sainsbury's Salmon Fillets 360g,£3.29,£9.14 / kg,null,Frozen food,frozen_seafood,2024-11-19
Sainsbury's Tempura Prawns x12 156g,£2.50,£16.03 / kg,null,Frozen food,frozen_seafood,2024-11-19
Sainsbury's Breaded Cod Fillet Fish Fingers x10 300g,£1.65,£5.50 / kg,null,Frozen food,frozen_seafood,2024-11-19
"Sainsbury's Chunky Cod Fish Fingers, Taste the Difference x8...",£4.45,£9.27 / kg,£3.75,Frozen food,frozen_seafood,2024-11-19
Stamford Street Co. Breaded Cod Fish Fingers x10 250g,80p,£3.20 / kg,null,Frozen food,frozen_seafood,2024-11-19
Sainsbury's Frozen Cooked & Peeled Cold Water Prawns MSC 250...,£2.75,£11.00 / kg,null,Frozen food,frozen_seafood,2024-11-19
Birds Eye Cod Fish Fingers x18 504g,£6.00,£11.90 / kg,null,Frozen food,frozen_seafood,2024-11-19
Stamford Street Co. White Fish Fillets 520g,£2.49,£4.79 / kg,null,Frozen food,frozen_seafood,2024-11-19
Birds Eye Cod Fish Fingers x10 280g,£4.00,£14.29 / kg,£3.00,Frozen food,frozen_seafood,2024-11-19
Stamford Street Co. Prawns 250g,£2.54,£10.16 / kg,null,Frozen food,frozen_seafood,2024-11-19
"Sainsbury's Frozen Raw Peeled Jumbo King Prawns ASC, Taste t...",£5.20,£23.11 / kg,£4.50,Frozen food,frozen_seafood,2024-11-19
Young's Admirals Pie 300g,£2.15,£7.17 / kg,null,Frozen food,frozen_seafood,2024-11-19
"Sainsbury's Frozen Cooked & Peeled Jumbo King Prawns ASC, Ta...",£5.00,£22.22 / kg,null,Frozen food,frozen_seafood,2024-11-19
"Sainsbury's Breaded Chunky Cod Loins, Taste the Difference x...",£4.50,£15.00 / kg,null,Frozen food,frozen_seafood,2024-11-19
Sainsbury's Skin On & Boneless Smoked Haddock Fillets 360g,£3.14,£8.72 / kg,null,Frozen food,frozen_seafood,2024-11-19
Sainsbury's Fish Pie Mix 350g,£4.30,£12.29 / kg,null,Frozen food,frozen_seafood,2024-11-19
Birds Eye Breaded Omega 3 Fish Fingers x32 896g,£5.00,£5.58 / kg,null,Frozen food,frozen_seafood,2024-11-19
Birds Eye Battered Fish Fillets x4 400g,£4.00,£10.00 / kg,null,Frozen food,frozen_seafood,2024-11-19
Birds Eye Cod Fish Cakes x4 198g,£1.70,£8.59 / kg,null,Frozen food,frozen_seafood,2024-11-19
Birds Eye Gluten Free Breaded Fish Fingers x12 360g,£3.35,£9.31 / kg,null,Frozen food,frozen_seafood,2024-11-19
Sainsbury's Haddock Fillet Portion 360g,£3.14,£8.72 / kg,null,Frozen food,frozen_seafood,2024-11-19
Sainsbury's Scottish Wholetail Breaded Scampi 300g,£4.00,£13.33 / kg,null,Frozen food,frozen_seafood,2024-11-19
Young's Gastro Tempura Battered Light & Crispy Fish Fillets ...,£4.75,£17.59 / kg,£2.00,Frozen food,frozen_seafood,2024-11-19
Birds Eye Breaded Cod Fish Fillets x4 440g,£6.50,£14.77 / kg,null,Frozen food,frozen_seafood,2024-11-19
Young's Scampi 400g,£5.00,£12.50 / kg,null,Frozen food,frozen_seafood,2024-11-19
Young's Gastro Basa Fillets Dusted With Sea Salt & Black Pep...,£4.75,£15.32 / kg,null,Frozen food,frozen_seafood,2024-11-19
Birds Eye 6 Chunky Crispy Battered Fish Fingers 360g,£3.60,£10.00 / kg,null,Frozen food,frozen_seafood,2024-11-19
Birds Eye Breaded Cod Fish Fingers x32 896g,£8.00,£8.93 / kg,£7.00,Frozen food,frozen_seafood,2024-11-19
Birds Eye Haddock Fish Fingers x10 280g,£4.25,£15.18 / kg,null,Frozen food,frozen_seafood,2024-11-19
Birds Eye Battered Haddock Fish Fillets x4 440g,£6.50,£14.77 / kg,null,Frozen food,frozen_seafood,2024-11-19
Young's Chip Shop Extra Large Beer Batter Fish Fillet x2 300...,£2.25,£7.50 / kg,null,Frozen food,frozen_seafood,2024-11-19
Sainsbury's Frozen Basa Fillets ASC 500g,£3.14,£6.28 / kg,null,Frozen food,frozen_seafood,2024-11-19
Birds Eye Battered Cod Chips & Peas 395g,£3.50,£8.86 / kg,null,Frozen food,frozen_seafood,2024-11-19
Sainsbury's Breaded Cod x4 500g,£3.39,£6.78 / kg,null,Frozen food,frozen_seafood,2024-11-19
Sainsbury's Omega 3 Fish Fingers x30 900g,£3.38,£3.76 / kg,null,Frozen food,frozen_seafood,2024-11-19
Sainsbury's Breaded Plaice Fillets x2 260g,£3.00,£11.54 / kg,null,Frozen food,frozen_seafood,2024-11-19
"Young's Gastro Basa Fillets, Lemon & Herb Battered 310g",£4.75,£15.32 / kg,£3.00,Frozen food,frozen_seafood,2024-11-19
Young's Gastro Frozen Wholetail Scampi 230g,£5.50,£23.91 / kg,£3.50,Frozen food,frozen_seafood,2024-11-19
Sainsbury's Battered Cod x4 500g,£3.39,£6.78 / kg,null,Frozen food,frozen_seafood,2024-11-19
"Young's Gastro Chilli, Lime & Ginger Breaded Fish Fillets, L...",£4.75,£17.59 / kg,null,Frozen food,frozen_seafood,2024-11-19
Sainsbury's Taste the Difference 4 Melting Middle Smoked Had...,£5.00,£8.62 / kg,null,Frozen food,frozen_seafood,2024-11-19
Whitby Gluten Free Wholetail Scampi 200g,£4.05,£20.25 / kg,null,Frozen food,frozen_seafood,2024-11-19
Sainsbury's Chunky Breaded Haddock x4 500g,£4.19,£8.38 / kg,null,Frozen food,frozen_seafood,2024-11-19
Young's Chip Shop Large Cod Fillets 440g,£5.50,£12.50 / kg,null,Frozen food,frozen_seafood,2024-11-19
"Sainsbury's Beer Battered Cod, Taste the Difference 300g",£4.00,£13.33 / kg,null,Frozen food,frozen_seafood,2024-11-19
Birds Eye Omega 3 Fish Fingers x18 504g,£4.20,£8.33 / kg,£3.00,Frozen food,frozen_seafood,2024-11-19
Sainsbury's Atlantic Salmon Fishcakes x2 170g,£1.60,£9.41 / kg,null,Frozen food,frozen_seafood,2024-11-19
Sainsbury's Lemon & Herb Dusted Sole 265g,£3.70,£13.96 / kg,null,Frozen food,frozen_seafood,2024-11-19
"Young's Gastro Ginger, Garlic & Red Chilli Tempura Battered ...",£4.50,£15.00 / kg,null,Frozen food,frozen_seafood,2024-11-19
Young's Chip Shop Omega 3 Fish Fillets x4 400g,£4.00,£10.00 / kg,£2.50,Frozen food,frozen_seafood,2024-11-19
Young's Fisherman's Pie 300g,£2.15,£7.17 / kg,£1.50,Frozen food,frozen_seafood,2024-11-19
"Sainsbury's Breaded Chunky Haddock, Taste the Difference x2 ...",£4.50,£15.00 / kg,null,Frozen food,frozen_seafood,2024-11-19
"Young's Gastro Cod, Spinach & Cheese Gratin 360g",£3.00,£8.33 / kg,null,Frozen food,frozen_seafood,2024-11-19
Birds Eye Lightly Dusted Lemon & Pepper Fish Fillets x2 280g,£4.50,£16.07 / kg,£3.00,Frozen food,frozen_seafood,2024-11-19
Sainsbury's Cod Fish Fingers x30 900g,£4.95,£5.50 / kg,null,Frozen food,frozen_seafood,2024-11-19
Birds Eye Crispy Hash Brown Fish Burgers x2 227g,£3.50,£15.42 / kg,null,Frozen food,frozen_seafood,2024-11-19
Sainsbury's SO Organic Large Raw King Prawns 180g,£4.00,£22.22 / kg,null,Frozen food,frozen_seafood,2024-11-19
Birds Eye 6 Chunky Fish Fingers 360g,£3.60,£10.00 / kg,null,Frozen food,frozen_seafood,2024-11-19
Sainsbury's 10 Breaded Omega 3 Pollock Fillet Fish Fingers 3...,£1.12,£3.73 / kg,null,Frozen food,frozen_seafood,2024-11-19
"Sainsbury's Large Canadian Scallops, Taste the Difference MS...",£7.50,£37.50 / kg,£6.75,Frozen food,frozen_seafood,2024-11-19
Young's Cod Fish Fingers x10 300g,£3.80,£12.67 / kg,null,Frozen food,frozen_seafood,2024-11-19
Young's Chip Shop Large Haddock Fillets 440g,£5.60,£12.73 / kg,null,Frozen food,frozen_seafood,2024-11-19
Sainsbury's Free From Melt in the Middle Smoked Haddock Fish...,£3.25,£11.61 / kg,null,Frozen food,frozen_seafood,2024-11-19
Birds Eye Breaded Haddock Fish Fillets x4 440g,£6.50,£14.77 / kg,null,Frozen food,frozen_seafood,2024-11-19
"Sainsbury's Canadian Cold Water Prawns, Taste the Difference...",£4.50,£18.00 / kg,£3.75,Frozen food,frozen_seafood,2024-11-19
Young's Gastro Lightly Dusted Sicilian Lemon & Black Pepper ...,£5.00,£17.86 / kg,null,Frozen food,frozen_seafood,2024-11-19
Young's Fish In Butter Sauce 560g,£5.00,£8.93 / kg,null,Frozen food,frozen_seafood,2024-11-19
Birds Eye 2 Omega 3 Breaded Fish Burgers 227g,£3.50,£15.42 / kg,null,Frozen food,frozen_seafood,2024-11-19
Young's Extra Crispy Batter Fish Fingers x8 240g,£2.50,£10.42 / kg,null,Frozen food,frozen_seafood,2024-11-19
Young's Gastro Lightly Dusted Sicilian Lemon & Parsley Cod F...,£5.00,£18.52 / kg,null,Frozen food,frozen_seafood,2024-11-19
Sainsbury's Chunky Battered Cod x4 500g,£4.19,£8.38 / kg,null,Frozen food,frozen_seafood,2024-11-19
Sainsbury's Frozen Cooked & Peeled Large King Prawns ASC 400...,£7.50,£18.75 / kg,null,Frozen food,frozen_seafood,2024-11-19
Young's Omega 3 Fish Fingers x10 300g,£2.80,£9.33 / kg,null,Frozen food,frozen_seafood,2024-11-19
Sainsbury's Cod Fishcakes x2 170g,£1.60,£9.41 / kg,null,Frozen food,frozen_seafood,2024-11-19
Sainsbury's Chunky Battered Haddock x4 500g,£4.19,£8.38 / kg,null,Frozen food,frozen_seafood,2024-11-19
"Young's Gastro Lime & Soy Tempura Battered Fish Fillets, Lim...",£4.75,£17.59 / kg,£2.50,Frozen food,frozen_seafood,2024-11-19
Sainsbury's Chunky Breaded Cod x4 500g,£4.19,£8.38 / kg,null,Frozen food,frozen_seafood,2024-11-19
Birds Eye Battered Fish Fingers x8 224g,£2.10,£9.38 / kg,null,Frozen food,frozen_seafood,2024-11-19
Young's Fish Steaks in a Creamy Parsley Sauce x4 560g,£5.00,£8.93 / kg,null,Frozen food,frozen_seafood,2024-11-19
Young's Gastro Tempura Battered Chunky Cod Fish Fingers x8 3...,£4.80,£15.00 / kg,null,Frozen food,frozen_seafood,2024-11-19
Young's Battered Calamari 250g,£4.10,£16.40 / kg,null,Frozen food,frozen_seafood,2024-11-19
Sainsbury's Raw Patagonian Scallops MSC 200g,£6.00,£30.00 / kg,£5.00,Frozen food,frozen_seafood,2024-11-19
Young's Breaded Cod Fillets x4 440g,£5.60,£12.73 / kg,null,Frozen food,frozen_seafood,2024-11-19
Sainsbury's Taste the Difference 4 Cod & Parsley Melting Mid...,£5.00,£8.62 / kg,null,Frozen food,frozen_seafood,2024-11-19
Young's Gastro Wholetail Scampi 220g,£6.50,£29.55 / kg,null,Frozen food,frozen_seafood,2024-11-19
"Sainsbury's Frozen Raw Black Tiger Prawns, Taste the Differe...",£6.35,£29.53 / kg,£5.25,Frozen food,frozen_seafood,2024-11-19
Young's Gastro Tempura Beer Battered Cod Fillets x2 270g,£5.00,£18.52 / kg,null,Frozen food,frozen_seafood,2024-11-19
Sainsbury's Frozen Cooked Mussel Meat ASC 300g,£2.50,£8.33 / kg,null,Frozen food,frozen_seafood,2024-11-19
"Sainsbury's Salmon Wellington, Taste the Difference 380g",£5.00,£13.16 / kg,£4.50,Frozen food,frozen_seafood,2024-11-19
J. James Pollock Steaks 520g,£3.30,£6.35 / kg,null,Frozen food,frozen_seafood,2024-11-19
Young's Omega 3 Fish Cakes x12 600g,£2.50,£4.17 / kg,null,Frozen food,frozen_seafood,2024-11-19
Sainsbury's Cod Steaks 520g,£5.30,£10.19 / kg,null,Frozen food,frozen_seafood,2024-11-19
Young's Popcorn Scampi Bites 190g,£1.75,£9.21 / kg,null,Frozen food,frozen_seafood,2024-11-19
Sainsbury's MSC Ready to Cook Cod Fillets in Parsley Sauce x...,£4.50,£11.84 / kg,£4.00,Frozen food,frozen_seafood,2024-11-19
Sainsbury's Frozen Raw Seafood Selection 300g,£5.10,£17.00 / kg,null,Frozen food,frozen_seafood,2024-11-19
Young's Gastro Taste of Asia Thai Inspired Breaded Fish Cake...,£4.50,£11.25 / kg,null,Frozen food,frozen_seafood,2024-11-19
Sainsbury's Frozen Cooked Seafood Selection 300g,£5.30,£17.67 / kg,null,Frozen food,frozen_seafood,2024-11-19
Birds Eye Battered Fish Fingers x26 728g,£5.00,£6.87 / kg,null,Frozen food,frozen_seafood,2024-11-19
Young's Chip Shop Jumbo Cod Special 480g,£6.50,£13.54 / kg,null,Frozen food,frozen_seafood,2024-11-19
Birds Eye Fish Nuggets x20 490g,£4.25,£8.67 / kg,null,Frozen food,frozen_seafood,2024-11-19
Young's Simply Breaded 4 Large Haddock Fillets 440g,£5.60,£12.73 / kg,null,Frozen food,frozen_seafood,2024-11-19
Birds Eye Jumbo Battered Fish Fillets x2 400g,£4.00,£10.00 / kg,null,Frozen food,frozen_seafood,2024-11-19
Young's Cod Fish Cakes x4 200g,£1.00,£5.00 / kg,null,Frozen food,frozen_seafood,2024-11-19
Young's Chipshop 2 Large Cod Fillets 220g,£3.50,£15.91 / kg,null,Frozen food,frozen_seafood,2024-11-19
Sainsbury's Chilli Lime & Coriander Dusted Basa,£3.50,£13.21 / kg,null,Frozen food,frozen_seafood,2024-11-19
"Sainsbury's Chunky Battered Cod Fish Fingers, Taste the Diff...",£4.25,£8.85 / kg,null,Frozen food,frozen_seafood,2024-11-19
"Young's Gastro Garam Masala, Chilli & Coriander Breaded Fish...",£4.50,£16.67 / kg,£2.50,Frozen food,frozen_seafood,2024-11-19
Young's Chip Shop Extra Large Fish Cakes x2 210g,£2.00,£9.52 / kg,null,Frozen food,frozen_seafood,2024-11-19
Sainsbury's Southern Fried Basa Goujons 250g,£2.50,£10.00 / kg,null,Frozen food,frozen_seafood,2024-11-19
Young's Skinless & Boneless Atlantic Cod Fillets x4 350g,£5.00,£14.29 / kg,£3.50,Frozen food,frozen_seafood,2024-11-19
Sainsbury's Salt & Vinegar Battered Goujons 250g,£2.50,£10.00 / kg,null,Frozen food,frozen_seafood,2024-11-19
Birds Eye Breaded Mini Fish Fingers x20 320g,£3.50,£10.94 / kg,null,Frozen food,frozen_seafood,2024-11-19
Stamford Street Co. MSC Responsibly Sourced Cod Pieces (Appr...,£4.50,£15.00 / kg,null,Frozen food,frozen_seafood,2024-11-19
Sainsbury's Frozen Scottish MSC Mussels Cooked in White Wine...,£2.60,£5.20 / kg,null,Frozen food,frozen_seafood,2024-11-19
"Sainsbury's Frozen Raw Shell on Jumbo King Prawns ASC, Taste...",£8.50,£14.17 / kg,£6.00,Frozen food,frozen_seafood,2024-11-19
"Sainsbury's Frozen Scottish Langoustines, Taste the Differen...",£8.50,£17.00 / kg,null,Frozen food,frozen_seafood,2024-11-19
Young's Pacific Salmon Fillets x4 360g,£5.75,£15.97 / kg,null,Frozen food,frozen_seafood,2024-11-19
"Sainsbury's Scallop Gratin, Taste the Difference x2 200g",£4.50,£22.50 / kg,null,Frozen food,frozen_seafood,2024-11-19
Sainsbury's Thin & Crispy Cheese & Tomato Pizza 306g,95p,£3.10 / kg,null,Frozen food,frozen_pizza,2024-11-19
Sainsbury's Thin & Crispy Pepperoni Pizza 305g,94p,£3.08 / kg,null,Frozen food,frozen_pizza,2024-11-19
Sainsbury's Garlic Slices x10 260g,£1.19,£4.58 / kg,null,Frozen food,frozen_pizza,2024-11-19
Sainsbury's Double Pepperoni Thin Pizza 339g,£1.75,£5.16 / kg,null,Frozen food,frozen_pizza,2024-11-19
Sainsbury's Thin & Crispy Four Cheese Pizza 354g,£1.75,£4.94 / kg,null,Frozen food,frozen_pizza,2024-11-19
Goodfella's Stonebaked Thin Pepperoni Pizza 332g,£3.00,£9.04 / kg,null,Frozen food,frozen_pizza,2024-11-19
Goodfella's Stonebaked Thin Margherita Pizza 345g,£3.00,£8.70 / kg,null,Frozen food,frozen_pizza,2024-11-19
Sainsbury's Vegetable Pizza 390g,£1.75,£4.49 / kg,null,Frozen food,frozen_pizza,2024-11-19
Sainsbury's Garlic Baguette x2 338g,85p,£2.51 / kg,null,Frozen food,frozen_pizza,2024-11-19
Sainsbury's Thin & Crispy Hawaiian Pizza 385g,£1.75,£4.55 / kg,null,Frozen food,frozen_pizza,2024-11-19
Sainsbury's Takeaway Fully Loaded Meat Feast Pizza 567g,£2.80,£4.94 / kg,null,Frozen food,frozen_pizza,2024-11-19
Chicago Town Sub Cheese & Tomato Pizzas x2 (250g),£2.00,£8.00 / kg,null,Frozen food,frozen_pizza,2024-11-19
Chicago Town Deep Dish Pepperoni Pizzas x2 (320g),£2.25,£7.26 / kg,£1.25,Frozen food,frozen_pizza,2024-11-19
Sainsbury's Deep Pan BBQ Chicken Pizza 416g,£1.75,£4.21 / kg,null,Frozen food,frozen_pizza,2024-11-19
Sainsbury's Deep Pan Meat Feast Pizza 379g,£1.75,£4.62 / kg,null,Frozen food,frozen_pizza,2024-11-19
Sainsbury's Cheese & Garlic Pizza Bread 281g,£1.75,£6.23 / kg,null,Frozen food,frozen_pizza,2024-11-19
Chicago Town Deep Dish Four Cheese Pizzas x2 (310g),£2.25,£7.60 / kg,£1.25,Frozen food,frozen_pizza,2024-11-19
Goodfella's Takeaway Pepperoni Pizza 524g,£4.50,£8.59 / kg,null,Frozen food,frozen_pizza,2024-11-19
Sainsbury's Takeaway Stuffed Crust Four Cheese Pizza 445g,£2.75,£6.18 / kg,null,Frozen food,frozen_pizza,2024-11-19
"Crosta & Mollica Margherita Sourdough Pizza Tomato, Mozzarel...",£5.25,£12.04 / kg,null,Frozen food,frozen_pizza,2024-11-19
Sainsbury's Thin & Crispy Chicken and Pesto Pizza 353g,£1.75,£4.96 / kg,null,Frozen food,frozen_pizza,2024-11-19
Dr. Oetker Ristorante Mozzarella Pizza 335g,£3.25,£9.70 / kg,£1.75,Frozen food,frozen_pizza,2024-11-19
Goodfella's Takeaway The Big Cheese Pizza 555g,£4.50,£8.11 / kg,null,Frozen food,frozen_pizza,2024-11-19
Ristorante Gluten Free / Lactose Free Mozzarella Pizza 370g,£3.60,£9.73 / kg,null,Frozen food,frozen_pizza,2024-11-19
Goodfella's Stonebaked Thin Chicken Pizza 365g,£3.00,£8.22 / kg,null,Frozen food,frozen_pizza,2024-11-19
Goodfella's Gluten Free Pepperoni Pizza 317g,£3.75,£11.83 / kg,null,Frozen food,frozen_pizza,2024-11-19
Dr. Oetker Ristorante Pepperoni-Salame Pizza 320g,£3.25,£10.16 / kg,£1.75,Frozen food,frozen_pizza,2024-11-19
Chicago Town Takeaway Large Cheesy Stuffed Pepperoni Pizza 6...,£5.00,£7.81 / kg,null,Frozen food,frozen_pizza,2024-11-19
Sainsbury's Takeaway Stuffed Crust Pepperoni Pizza 424g,£2.75,£6.49 / kg,null,Frozen food,frozen_pizza,2024-11-19
The Northern Dough Co. Pizza Dough Original 2x220g,£2.60,£5.91 / kg,null,Frozen food,frozen_pizza,2024-11-19
Wholecreations Dairy & Gluten Free Garlic Bread Baguette 190...,£2.00,£10.53 / kg,null,Frozen food,frozen_pizza,2024-11-19
Chicago Town Tiger Crust Double Pepperoni 320g,£4.00,£12.50 / kg,null,Frozen food,frozen_pizza,2024-11-19
Chicago Town Tiger Crust Cheese Medley 305g,£4.00,£13.11 / kg,null,Frozen food,frozen_pizza,2024-11-19
Chicago Town Takeaway Cheesy Stuffed Cheese Pizza 630g,£5.00,£7.94 / kg,null,Frozen food,frozen_pizza,2024-11-19
Goodfella's Stonebaked Thin BBQ Chicken Pizza 385g,£3.00,£7.79 / kg,null,Frozen food,frozen_pizza,2024-11-19
Sainsbury's Deep Pan Pepperoni Pizza 374g,£1.18,£3.16 / kg,null,Frozen food,frozen_pizza,2024-11-19
Chicago Town Takeaway Large Stuffed Pepperoni Pizza 645g,£5.00,£7.75 / kg,£3.00,Frozen food,frozen_pizza,2024-11-19
Sainsbury's Takeaway Fully Loaded BBQ Chicken Pizza 563g,£2.80,£4.96 / kg,null,Frozen food,frozen_pizza,2024-11-19
Chicago Town Sub Meat Supreme Pizzas x2 (250g),£2.00,£8.00 / kg,null,Frozen food,frozen_pizza,2024-11-19
Goodfella's Deep Pan Baked Pepperoni Pizza 411g,£2.50,£6.08 / kg,£2.00,Frozen food,frozen_pizza,2024-11-19
Dr. Oetker Ristorante Funghi Pizza 365g,£3.25,£8.90 / kg,£1.75,Frozen food,frozen_pizza,2024-11-19
Goodfella's Mozzarella Cheese Bites 200g,£2.50,£12.50 / kg,null,Frozen food,frozen_pizza,2024-11-19
Crosta & Mollica Stromboli Sourdough Pizza Spicy Salami & Pe...,£5.25,£12.10 / kg,null,Frozen food,frozen_pizza,2024-11-19
Chicago Town Deep Dish Mega Meaty Pizza x2 (320g),£2.25,£7.17 / kg,£1.25,Frozen food,frozen_pizza,2024-11-19
Chicago Town Takeaway Large Stuffed Cheese Pizza 630g,£5.00,£7.94 / kg,£3.00,Frozen food,frozen_pizza,2024-11-19
Goodfella's Gluten Free Margherita Pizza 328g,£3.75,£11.43 / kg,null,Frozen food,frozen_pizza,2024-11-19
Dr. Oetker Ristorante Hawaii Pizza 355g,£3.25,£9.15 / kg,£1.75,Frozen food,frozen_pizza,2024-11-19
Sainsbury's Cheese & Garlic Slices x6 200g,£1.40,£7.00 / kg,null,Frozen food,frozen_pizza,2024-11-19
Sainsbury's Spicy Chicken Pizza 388g,£1.75,£4.51 / kg,null,Frozen food,frozen_pizza,2024-11-19
Goodfella's Stonebaked Thin Sloppy Joe Pizza 372g,£3.00,£8.06 / kg,null,Frozen food,frozen_pizza,2024-11-19
Sainsbury's Takeaway Fully Loaded BBQ Pulled Pork Pizza 550g,£2.80,£5.09 / kg,null,Frozen food,frozen_pizza,2024-11-19
Goodfella's Triple Cheese Pizza Pockets x2 250g,£2.50,£10.00 / kg,null,Frozen food,frozen_pizza,2024-11-19
Sainsbury's Deep Pan Cheese & Tomato Pizza 387g,£1.20,£3.10 / kg,null,Frozen food,frozen_pizza,2024-11-19
Sainsbury's Thin & Crispy Mushroom & Garlic 370g,£1.75,£4.73 / kg,null,Frozen food,frozen_pizza,2024-11-19
White Rabbit Gluten Free Garlicky Focaccine Pack 2x125g,£3.50,£12.96 / kg,£2.50,Frozen food,frozen_pizza,2024-11-19
"Goodfella's Stonebaked Thin Mushroom, Spinach & Garlic Pizza...",£3.00,£7.94 / kg,null,Frozen food,frozen_pizza,2024-11-19
Goodfella's Takeaway Flamin Fajita Chicken Pizza 607g,£4.50,£7.41 / kg,null,Frozen food,frozen_pizza,2024-11-19
Goodfella's Pepperoni Pizza Pockets x2 250g,£2.50,£10.00 / kg,null,Frozen food,frozen_pizza,2024-11-19
Whole Creations Dairy & Gluten Free Roasted Tomato & Basil S...,£4.25,£15.45 / kg,null,Frozen food,frozen_pizza,2024-11-19
White Rabbit Margherita Gluten Free Pizzetta 175g,£2.50,£14.29 / kg,null,Frozen food,frozen_pizza,2024-11-19
Goodfella's Deep Pan Cheese Pizza 421g,£2.50,£6.00 / kg,£2.00,Frozen food,frozen_pizza,2024-11-19
Dr. Oetker Ristorante Pizza Margherita Pomodori 340g,£3.50,£10.29 / kg,null,Frozen food,frozen_pizza,2024-11-19
Schär Gluten Free Pizza Margherita with Sourdough 300g,£3.25,£9.85 / kg,null,Frozen food,frozen_pizza,2024-11-19
Goodfella's Cheesy Pizza Bites 200g,£2.50,£12.50 / kg,null,Frozen food,frozen_pizza,2024-11-19
White Rabbit Sourdough Pepperoni Pizzetta 175g,£2.50,£14.29 / kg,null,Frozen food,frozen_pizza,2024-11-19
Goodfella's Deep Pan Baked Spicy Chicken Sizzler Pizza 438g,£2.50,£5.71 / kg,£2.00,Frozen food,frozen_pizza,2024-11-19
Chicago Town Takeaway Vegan Medium Stuffed Sticky BBQ Jackfr...,£4.50,£9.18 / kg,null,Frozen food,frozen_pizza,2024-11-19
Chicago Town Takeaway Stuffed Crust Magnificent Meat Feast L...,£5.00,£7.81 / kg,null,Frozen food,frozen_pizza,2024-11-19
Goodfella's Stonebaked Thin Italian Hot Pizza 353g,£3.00,£8.50 / kg,null,Frozen food,frozen_pizza,2024-11-19
Goodfella's Tomato & Mozzarella Arancini 320g,£2.50,£13.89 / kg,null,Frozen food,frozen_pizza,2024-11-19
"Sainsbury's Ham Mushroom & Mascarpone Wood Fired Pizza, Tast...",£3.50,£8.54 / kg,£3.00,Frozen food,frozen_pizza,2024-11-19
"Sainsbury's Spicy Salami Nduja & Hot Honey Wood Fired Pizza,...",£3.50,£8.86 / kg,£3.00,Frozen food,frozen_pizza,2024-11-19
Goodfella's Cheese & Ham Croquettes 320g,£2.50,£13.89 / kg,null,Frozen food,frozen_pizza,2024-11-19
Dr. Oetker Ristorante Pepperoni Mozzarella Pesto 360g,£3.25,£9.03 / kg,£1.75,Frozen food,frozen_pizza,2024-11-19
Sainsbury's Mozzarella & Marinated Cherry Tomato Wood Fired ...,£3.50,£8.75 / kg,£3.00,Frozen food,frozen_pizza,2024-11-19
"Crosta & Mollica Vegana Sourdough Pizza Broccoli Red Onion, ...",£5.25,£10.46 / kg,null,Frozen food,frozen_pizza,2024-11-19
Goodfella's Grande Stonebaked Margherita 650g,£5.00,£7.69 / kg,£3.25,Frozen food,frozen_pizza,2024-11-19
Goodfella's Grand Stonebaked Double Pepperoni 635g,£5.00,£7.87 / kg,£3.25,Frozen food,frozen_pizza,2024-11-19
Chicago Town Takeaway Stuffed Crust Magnificent Meat Feast P...,£4.00,£10.53 / kg,null,Frozen food,frozen_pizza,2024-11-19
Sainsbury's Blackforest Gateau 375g,£1.75,47p / 100g,null,Frozen food,frozen_desserts,2024-11-19
Sainsbury's Triple Chocolate Gateau Dessert 600g,£3.00,50p / 100g,null,Frozen food,frozen_desserts,2024-11-19
Sainsbury's New York Cheesecake 450g,£1.85,41p / 100g,null,Frozen food,frozen_desserts,2024-11-19
Sainsbury's Mandarin Cheesecake 500g,£2.50,50p / 100g,null,Frozen food,frozen_desserts,2024-11-19
Gü Inspirations Chocolate & Honeycomb Dessert 2x86.5g,£3.75,£2.17 / 100g,null,Frozen food,frozen_desserts,2024-11-19
Sainsbury's Strawberry Cheesecake 550g,£2.50,50p / 100g,null,Frozen food,frozen_desserts,2024-11-19
Sainsbury's Profiteroles & Chocolate Sauce 260g,£2.20,85p / 100g,£1.75,Frozen food,frozen_desserts,2024-11-19
Gü Inspirations Red Velvet Dessert 2x82g,£2.75,£1.68 / 100g,null,Frozen food,frozen_desserts,2024-11-19
Sainsbury's Banoffee Pie 500g,£2.50,50p / 100g,null,Frozen food,frozen_desserts,2024-11-19
Little Moons Strawberry & Mascarpone Cheesecakes 4x30g,£3.75,£3.13 / 100g,null,Frozen food,frozen_desserts,2024-11-19
Little Moons Caramelised Biscuit & White Chocolate Cheesecak...,£3.75,£3.13 / 100g,null,Frozen food,frozen_desserts,2024-11-19
"Sainsbury's Milk Chocolate Cookie Iced Cream Sandwich, Taste...",£7.00,£1.14 / 100g,£6.25,Frozen food,frozen_desserts,2024-11-19
Aunt Bessie's Jam Roly Poly 300g,£2.00,67p / 100g,null,Frozen food,frozen_desserts,2024-11-19
"Sainsbury's Caramelised Biscuit Cheesecake, Taste the Differ...",£4.50,87p / 100g,£4.00,Frozen food,frozen_desserts,2024-11-19
English Cheesecake Company Vanilla with Lotus Biscoff Cheese...,£3.25,£1.55 / 100g,null,Frozen food,frozen_desserts,2024-11-19
English Cheesecake Company Lemon & Mascarpone Cheesecake Bit...,£3.25,£1.55 / 100g,null,Frozen food,frozen_desserts,2024-11-19
"Sainsbury's Toffee & Pecan Roulade Dessert, Taste the Differ...",£5.10,£1.21 / 100g,£4.50,Frozen food,frozen_desserts,2024-11-19
"Sainsbury's Berry Roulade, Taste the Difference 445g",£5.10,£1.15 / 100g,£4.50,Frozen food,frozen_desserts,2024-11-19
"Sainsbury's Lemon Meringue Roulade, Taste the Difference 420...",£5.10,£1.21 / 100g,£4.50,Frozen food,frozen_desserts,2024-11-19
"Sainsbury's Mini Salted Caramel Meringue Roulades, Taste the...",£3.25,£1.81 / 100g,null,Frozen food,frozen_desserts,2024-11-19
"Sainsbury's Mini Clementine & Brown Sugar Meringue Roulades,...",£3.25,£1.81 / 100g,null,Frozen food,frozen_desserts,2024-11-19
Sainsbury's Berry Pavlova 310g,£3.50,£1.13 / 100g,null,Frozen food,frozen_desserts,2024-11-19
Aunt Bessie's Jam Roly Poly 300g,£2.00,67p / 100g,null,Frozen food,frozen_desserts,2024-11-19
"Sainsbury's Winterberry & Chantilly Cream Meringue Garland, ...",£7.00,£1.48 / 100g,£6.00,Frozen food,frozen_desserts,2024-11-19
Sainsbury's Apple Strudel x2 600g (Serves 6),£1.55,26p / 100g,null,Frozen food,frozen_desserts,2024-11-19
Sainsbury's Woodland Fruit Strudel x2 600g (Serves 6),£1.55,26p / 100g,null,Frozen food,frozen_desserts,2024-11-19
Aunt Bessie's Apple Crumble 500g,£2.00,40p / 100g,null,Frozen food,frozen_desserts,2024-11-19
Almondy Almond Tarta With Daim 400g Dessert (Serves 6),£4.00,£1.00 / 100g,null,Frozen food,frozen_desserts,2024-11-19
Hartley's 10 Cal Cherry Bakewell Tart Flavour Jelly 175g,85p,49p / 100g,60p,Frozen food,frozen_desserts,2024-11-19
"Sainsbury's Tarte Au Citron, Taste the Difference 435g",£4.25,98p / 100g,null,Frozen food,frozen_desserts,2024-11-19
Aunt Bessie's Jam Roly Poly 300g,£2.00,67p / 100g,null,Frozen food,frozen_desserts,2024-11-19
"Sainsbury's Normandy Apple Tarts, Taste the Difference 2x73g",£3.00,£2.05 / 100g,£2.60,Frozen food,frozen_desserts,2024-11-19
Baileys Chocolate Melt in the Middle Puddings 2x90g,£3.50,£1.94 / 100g,null,Frozen food,frozen_desserts,2024-11-19
Gü Frozen Clotted Cream & Chocolate Crunch Sundae x4,£5.50,£1.87 / 100g,null,Frozen food,frozen_desserts,2024-11-19
Gü Frozen Double Salted Caramel & Mascarpone Sundae x4,£5.50,£1.62 / 100g,null,Frozen food,frozen_desserts,2024-11-19
Gü Caramel Chocolate & Hazelnut Sundae 4x79g,£5.50,£1.74 / 100g,null,Frozen food,frozen_desserts,2024-11-19
Sainsbury's Frozen Blueberries 400g,£2.65,£6.63 / kg,null,Frozen food,frozen_fruit_pastries,2024-11-19
Sainsbury's Frozen Raspberries 350g,£2.65,£7.57 / kg,null,Frozen food,frozen_fruit_pastries,2024-11-19
Sainsbury's Frozen Strawberries & Blueberries 400g,£2.65,£6.63 / kg,null,Frozen food,frozen_fruit_pastries,2024-11-19
Sainsbury's Frozen Dark Sweet Cherries 450g,£2.65,£5.89 / kg,null,Frozen food,frozen_fruit_pastries,2024-11-19
Sainsbury's Frozen Summer Fruits 500g,£2.65,£5.30 / kg,null,Frozen food,frozen_fruit_pastries,2024-11-19
Sainsbury's Frozen Mango Chunks 500g,£2.65,£5.30 / kg,null,Frozen food,frozen_fruit_pastries,2024-11-19
Sainsbury's Frozen Whole Strawberries 350g,£2.65,£7.57 / kg,null,Frozen food,frozen_fruit_pastries,2024-11-19
Stamford Street Co. Berry Mix 1kg,£2.99,£2.99 / kg,null,Frozen food,frozen_fruit_pastries,2024-11-19
Sainsbury's Frozen Black Forest Fruits 500g,£2.65,£5.30 / kg,null,Frozen food,frozen_fruit_pastries,2024-11-19
Sainsbury's Four Berry Medley Frozen Fruit 1kg,£4.10,£4.10 / kg,null,Frozen food,frozen_fruit_pastries,2024-11-19
Sainsbury's Frozen Peach & Nectarine Slices 450g,£2.65,£5.89 / kg,null,Frozen food,frozen_fruit_pastries,2024-11-19
Sainsbury's Frozen Berry Banana Smoothie Mix Strawberry & Ba...,£2.65,£5.89 / kg,null,Frozen food,frozen_fruit_pastries,2024-11-19
Sainsbury's Frozen Pineapple Chunks 450g,£2.65,£5.89 / kg,null,Frozen food,frozen_fruit_pastries,2024-11-19
Sainsbury's Frozen Cranberries 400g,£2.90,£7.25 / kg,null,Frozen food,frozen_fruit_pastries,2024-11-19
"Sainsbury's Mango, Papaya & Pineapple Smoothie Mix 450g",£2.65,£5.89 / kg,null,Frozen food,frozen_fruit_pastries,2024-11-19
Stamford Street Co. Berry Mix 400g,£1.90,£4.75 / kg,null,Frozen food,frozen_fruit_pastries,2024-11-19
PACK'D Ripe & Chopped Avocado 300g (Serves 6),£3.50,£11.67 / kg,null,Frozen food,frozen_fruit_pastries,2024-11-19
Sainsbury's Frozen Very Berry Smoothie Mix 450g,£2.65,£5.89 / kg,null,Frozen food,frozen_fruit_pastries,2024-11-19
Pret Sweet Greens Smoothie Mix 400g,£3.50,£8.75 / kg,null,Frozen food,frozen_fruit_pastries,2024-11-19
Pret Berries & Cherries Smoothie Mix 400g,£3.50,£8.75 / kg,null,Frozen food,frozen_fruit_pastries,2024-11-19
Sainsbury's Frozen All Butter Croissants x6 300g,£3.10,£1.03 / 100g,null,Frozen food,frozen_fruit_pastries,2024-11-19
Sainsbury's Frozen Pain Au Chocolat x6 360g,£3.10,86p / 100g,null,Frozen food,frozen_fruit_pastries,2024-11-19
Pret Chocolate Filled Croissants x6 420g,£4.10,98p / 100g,null,Frozen food,frozen_fruit_pastries,2024-11-19
Sainsbury's Apple Strudel x2 600g (Serves 6),£1.55,26p / 100g,null,Frozen food,frozen_fruit_pastries,2024-11-19
Birds Eye Shortcrust Chicken Pies x4 620g,£4.35,70p / 100g,null,Frozen food,frozen_fruit_pastries,2024-11-19
UpperCrust Bakehouse Chicken & Asparagus Pie 680g,£3.95,58p / 100g,null,Frozen food,frozen_fruit_pastries,2024-11-19
Sainsbury's Pub Specials Steak & Ale Pies x2 400g,£3.40,85p / 100g,null,Frozen food,frozen_fruit_pastries,2024-11-19
Sainsbury's Woodland Fruit Strudel x2 600g (Serves 6),£1.55,26p / 100g,null,Frozen food,frozen_fruit_pastries,2024-11-19
Sainsbury's Steak Pies x4 568g,£2.13,38p / 100g,null,Frozen food,frozen_fruit_pastries,2024-11-19
Sainsbury's Cinnamon Swirls with Cinnamon Filling 4x92g,£3.10,84p / 100g,null,Frozen food,frozen_fruit_pastries,2024-11-19
"Sainsbury's Chicken, Gravy & Vegetable Pie x4 568g",£2.13,38p / 100g,null,Frozen food,frozen_fruit_pastries,2024-11-19
Sainsbury's Vegetable Pies x4 568g,£2.13,38p / 100g,null,Frozen food,frozen_fruit_pastries,2024-11-19
Sainsbury's Steak Family Pie 700g,£3.35,48p / 100g,null,Frozen food,frozen_fruit_pastries,2024-11-19
Sainsbury's Roast Chicken & Gravy Family Pie 700g,£3.35,48p / 100g,null,Frozen food,frozen_fruit_pastries,2024-11-19
Pret All Butter Croissants x6 330g,£3.60,£1.09 / 100g,null,Frozen food,frozen_fruit_pastries,2024-11-19
Pukka Steak Microwaveable Shortcrust Pies x2,£3.25,84p / 100g,null,Frozen food,frozen_fruit_pastries,2024-11-19
Pret Almond Croissants x4 280g,£3.75,£1.34 / 100g,null,Frozen food,frozen_fruit_pastries,2024-11-19
Pukka Steak Bakes x2 278g,£2.20,77p / 100g,£1.50,Frozen food,frozen_fruit_pastries,2024-11-19
"Sainsbury's Chicken, Ham Hock & Leek Pies x2 400g",£3.40,85p / 100g,£2.50,Frozen food,frozen_fruit_pastries,2024-11-19
Sainsbury's Maple & Pecan Plaits 4x98g,£3.10,79p / 100g,null,Frozen food,frozen_fruit_pastries,2024-11-19
Sainsbury's Banoffee Pie 500g,£2.50,50p / 100g,null,Frozen food,frozen_fruit_pastries,2024-11-19
"Sainsbury's Mini Salted Caramel Meringue Roulades, Taste the...",£3.25,£1.81 / 100g,null,Frozen food,frozen_fruit_pastries,2024-11-19
Pukka Chicken Bakes x2 306g,£2.20,72p / 100g,£1.50,Frozen food,frozen_fruit_pastries,2024-11-19
Kirsty's Luxury Apple Pie 322g,£3.30,£10.25 / kg,null,Frozen food,frozen_fruit_pastries,2024-11-19
Jus-Rol Ready Rolled Puff Pastry Sheets 2x320g,£2.75,43p / 100g,null,Frozen food,frozen_fruit_pastries,2024-11-19
Stamford Street Co. Minced Beef & Onion Pies 4x120g,£1.75,36p / 100g,null,Frozen food,frozen_fruit_pastries,2024-11-19
Aunt Bessie's Jam Roly Poly 300g,£2.00,67p / 100g,null,Frozen food,frozen_fruit_pastries,2024-11-19
Stamford Street Co. Cheese & Bean Bakes 4x100g,£1.50,38p / 100g,null,Frozen food,frozen_fruit_pastries,2024-11-19
Baileys Salted Caramel Profiteroles 216g,£3.00,£1.39 / 100g,null,Frozen food,frozen_fruit_pastries,2024-11-19
"Sainsbury's Chocolate & Praline Choux Tower, Taste the Diffe...",£9.00,£2.14 / 100g,£7.50,Frozen food,frozen_fruit_pastries,2024-11-19
The Ice Co. Party Ice Cubes 2kg,£1.25,63p / kg,null,Frozen food,icecreams,2024-11-19
Sainsbury's Milk Chocolate Ice Creams 4x75g,£1.64,37p / 100ml,null,Frozen food,icecreams,2024-11-19
Sainsbury's Milk Chocolate & Almonds Ice Creams 4x75g,£1.64,37p / 100ml,null,Frozen food,icecreams,2024-11-19
Carte D'or Madagascan Vanilla Ice Cream Dessert Tub 900ml,£3.90,43p / 100ml,null,Frozen food,icecreams,2024-11-19
Magnum Classic Chocolate Ice Cream Sticks 3x100ml,£3.25,£1.08 / 100ml,null,Frozen food,icecreams,2024-11-19
Snickers Ice Cream 4x53ml,£2.75,£1.43 / 100ml,null,Frozen food,icecreams,2024-11-19
Mackie's of Scotland Luxury Traditional Real Dairy Ice Cream...,£3.30,33p / 100ml,null,Frozen food,icecreams,2024-11-19
Cornetto Classico Chocolate Vanilla Ice Cream Cones 6x90ml,£3.75,69p / 100ml,null,Frozen food,icecreams,2024-11-19
Sainsbury's Dark Chocolate & Mint Ice Creams 4x75g,£1.49,34p / 100ml,null,Frozen food,icecreams,2024-11-19
Ben & Jerry's Cookie Dough Vanilla Ice Cream Tub 465ml,£5.20,£1.12 / 100ml,null,Frozen food,icecreams,2024-11-19
Sainsbury's Strawberry & Vanilla Cones 4x110ml,£1.25,28p / 100ml,null,Frozen food,icecreams,2024-11-19
Magnum Mini Classic Chocolate Ice Cream Sticks 6x55ml,£4.50,£1.36 / 100ml,£3.50,Frozen food,icecreams,2024-11-19
Wall's Solero Exotic Ice Cream Lollies 3x90ml,£2.75,£1.02 / 100ml,null,Frozen food,icecreams,2024-11-19
Wall's Soft Scoop Vanilla Ice Cream Dessert Tub 1.8L,£2.85,16p / 100ml,null,Frozen food,icecreams,2024-11-19
Sainsbury's Toffee & Vanilla Cones 4x110ml,£1.25,28p / 100ml,null,Frozen food,icecreams,2024-11-19
Swedish Glace Vanilla Dairy Free Vegan Ice Cream Tub Dessert...,£3.00,40p / 100ml,null,Frozen food,icecreams,2024-11-19
Mars Ice Cream 4x51ml,£2.75,£1.35 / 100ml,£2.00,Frozen food,icecreams,2024-11-19
The Ice Co.Super Cubes Giant Ice 1kg,£1.25,£1.25 / kg,null,Frozen food,icecreams,2024-11-19
"Sainsbury's Indulgence Ice Cream, White Chocolate 4x110ml",£1.64,37p / 100ml,null,Frozen food,icecreams,2024-11-19
Cornetto Strawberry Ice Cream Cones 6x90ml,£3.75,69p / 100ml,null,Frozen food,icecreams,2024-11-19
Magnum White Chocolate Ice Cream Sticks 3x100ml,£3.25,£1.08 / 100ml,null,Frozen food,icecreams,2024-11-19
Fab Strawberry x6 348ml,£2.50,72p / 100ml,null,Frozen food,icecreams,2024-11-19
Rowntree's Fruit Pastille Ice Lollies 4x65ml,£2.50,96p / 100ml,£2.00,Frozen food,icecreams,2024-11-19
Magnum Mini Classic Almond & White Chocolate Ice Cream Stick...,£4.50,£1.36 / 100ml,£3.50,Frozen food,icecreams,2024-11-19
Wall's Twister Mini Pineapple Ice Cream Lollies 6x50ml,£2.60,87p / 100ml,£2.00,Frozen food,icecreams,2024-11-19
Ben & Jerry's Phish Food Chocolate Ice Cream Tub 465ml,£5.20,£1.12 / 100ml,null,Frozen food,icecreams,2024-11-19
Viennetta Vanilla Ice Cream Dessert 650ml,£2.00,31p / 100ml,£1.50,Frozen food,icecreams,2024-11-19
Sainsbury's Chocolate & Nut Cones 4x110ml,£1.25,28p / 100ml,null,Frozen food,icecreams,2024-11-19
Cornetto Mint Ice Cream Cones 6x90ml,£3.75,69p / 100ml,null,Frozen food,icecreams,2024-11-19
Magnum Salted Caramel Ice Cream Sticks 3x100ml,£3.25,£1.08 / 100ml,null,Frozen food,icecreams,2024-11-19
Sainsbury's Rocket Ice Lollies x8 464ml,£1.35,29p / 100ml,null,Frozen food,icecreams,2024-11-19
Kelly's Cornish Clotted Ice Cream 950ml,£4.00,42p / 100ml,£3.00,Frozen food,icecreams,2024-11-19
Magnum Double Gold Caramel Billionaire Ice Cream Sticks 3x85...,£4.00,£1.57 / 100ml,null,Frozen food,icecreams,2024-11-19
Ben & Jerry's Chocolate Fudge Brownie Ice Cream Tub 465ml,£5.20,£1.12 / 100ml,null,Frozen food,icecreams,2024-11-19
Calippo Walls Mini Orange & Lime Ice Lollies 5x80ml,£2.60,65p / 100ml,null,Frozen food,icecreams,2024-11-19
"Sainsbury's Valencia Orange Lollies, Taste the Difference x4",£2.50,86p / 100ml,null,Frozen food,icecreams,2024-11-19
Carte D'or Rich Salted Caramel Ice Cream Dessert Tub 900ml,£3.90,43p / 100ml,null,Frozen food,icecreams,2024-11-19
Rowntrees Watermelon Ice Lollies 4x73ml,£2.50,86p / 100ml,null,Frozen food,icecreams,2024-11-19
Mackie's of Scotland Ice Cream Honeycomb 1L,£3.30,33p / 100ml,null,Frozen food,icecreams,2024-11-19
Haagen-Dazs Caramel Collection Ice Cream Mini Cups 4x95ml,£5.40,£1.42 / 100ml,null,Frozen food,icecreams,2024-11-19
Cadbury Flake 99 Ice Cream Cones x4 125ml,£4.75,95p / 100ml,null,Frozen food,icecreams,2024-11-19
Cadbury Dairy Milk Ice Cream 4x90ml,£4.00,£1.11 / 100ml,null,Frozen food,icecreams,2024-11-19
Magnum Classic Chocolate Ice Cream Sticks 6x100ml,£5.85,98p / 100ml,£4.50,Frozen food,icecreams,2024-11-19
Sainsbury's Dark Chocolate Ices x6 70ml,£1.60,38p / 100ml,null,Frozen food,icecreams,2024-11-19
Sainsbury's Milk Chocolate Ices x6 70ml,£1.60,38p / 100ml,null,Frozen food,icecreams,2024-11-19
Sainsbury's Fruit Juice Ice Cream Splits 6x73ml,£1.19,27p / 100ml,null,Frozen food,icecreams,2024-11-19
Oreo Mini Ice Cream 6x330ml,£3.50,£1.06 / 100ml,£2.50,Frozen food,icecreams,2024-11-19
Sainsbury's Mini Indulgence Sticks 8x50ml,£3.20,80p / 100ml,null,Frozen food,icecreams,2024-11-19
Sainsbury's Vanilla Ice Cream 900ml,£2.65,29p / 100ml,null,Frozen food,icecreams,2024-11-19
Solero Red Berries Ice Cream 3x90ml,£2.75,£1.02 / 100ml,null,Frozen food,icecreams,2024-11-19
Sainsbury's Mint & Chocolate Cones 4x110ml,£1.25,28p / 100ml,null,Frozen food,icecreams,2024-11-19
Magnum Mini Double Chocolate & Double Caramel Ice Cream Stic...,£4.50,£1.25 / 100ml,£3.50,Frozen food,icecreams,2024-11-19
Magnum Double Raspberry Ice Cream Sticks 3x85ml,£4.00,£1.57 / 100ml,null,Frozen food,icecreams,2024-11-19
Sainsbury's Millionaire's Cones 4x110ml,£1.25,28p / 100ml,null,Frozen food,icecreams,2024-11-19
Carte D'or Refreshing Mint Choc Chip Ice Cream Dessert Tub 9...,£3.90,43p / 100ml,null,Frozen food,icecreams,2024-11-19
Stamford Street Co. Soft Scoop Vanilla Flavour Ice Cream 2L,£1.35,7p / 100ml,null,Frozen food,icecreams,2024-11-19
Magnum Mint Ice Cream Sticks 3x100ml,£3.25,£1.08 / 100ml,null,Frozen food,icecreams,2024-11-19
Sainsbury's Cornish Dairy Ice Cream 2L,£3.29,16p / 100ml,null,Frozen food,icecreams,2024-11-19
Calippo Walls Cola Ice Lollies 5x80ml,£2.60,65p / 100ml,null,Frozen food,icecreams,2024-11-19
Stamford Street Co. Fruit Flavour Lollies 8x35ml,£1.15,41p / 100ml,null,Frozen food,icecreams,2024-11-19
Haagen-Dazs Pralines & Cream Ice Cream 460ml,£5.40,£1.17 / 100ml,null,Frozen food,icecreams,2024-11-19
Carte D'or Indulgent Chocolate Ice Cream Dessert Tub 900ml,£3.90,43p / 100ml,null,Frozen food,icecreams,2024-11-19
"Sainsbury's Pineapple, Coconut & Lime Lollies, Taste the Dif...",£2.50,86p / 100ml,null,Frozen food,icecreams,2024-11-19
Haagen-Dazs Fruit Collection Minicups Ice Cream 4x95ml,£5.40,£1.64 / 100ml,null,Frozen food,icecreams,2024-11-19
Ben & Jerry's Half Baked Chocolate and Vanilla Ice Cream Tub...,£5.20,£1.12 / 100ml,null,Frozen food,icecreams,2024-11-19
Haagen-Dazs Salted Caramel Ice Cream 460ml,£5.40,£1.17 / 100ml,£3.75,Frozen food,icecreams,2024-11-19
Magnum Collection Pistachio Ice Cream Sticks 3x100ml,£3.25,£1.08 / 100ml,null,Frozen food,icecreams,2024-11-19
Calypso Mr Freeze Ice Pops 20x45ml,£1.70,19p / 100ml,null,Frozen food,icecreams,2024-11-19
Cadbury Crunchie Blast Ice Cream 4x90ml,£4.00,£1.11 / 100ml,null,Frozen food,icecreams,2024-11-19
Viennetta Mint Ice Cream Dessert 650ml,£2.00,31p / 100ml,£1.50,Frozen food,icecreams,2024-11-19
Magnum Ice Cream Sticks Almond 6x100ml,£5.85,98p / 100ml,£4.50,Frozen food,icecreams,2024-11-19
Cornetto Vegan & Gluten Free Ice Cream Cones 4x90ml,£3.50,97p / 100ml,£2.50,Frozen food,icecreams,2024-11-19
Kelly's Cornish Vanilla Dairy Ice Cream 2L,£5.25,26p / 100ml,null,Frozen food,icecreams,2024-11-19
Haagen-Dazs Strawberry Cheesecake Ice Cream 460ml,£5.40,£1.17 / 100ml,null,Frozen food,icecreams,2024-11-19
Cornetto Soft Strawberry Ice Cream Cone 4x140ml,£3.75,67p / 100ml,£3.25,Frozen food,icecreams,2024-11-19
Sainsbury's Sorbet Raspberry 500ml,£2.75,55p / 100ml,null,Frozen food,icecreams,2024-11-19
Magnum Vegan Almond Ice Cream Sticks 3x90ml,£4.00,£1.48 / 100ml,null,Frozen food,icecreams,2024-11-19
Haagen-Dazs Vanilla Ice Cream 460ml,£5.40,£1.17 / 100ml,£3.75,Frozen food,icecreams,2024-11-19
Ben & Jerry's Caramel Chew Chew Ice Cream Tub 465ml,£5.20,£1.12 / 100ml,null,Frozen food,icecreams,2024-11-19
Sainsbury's Caramel & Vanilla Ice Cream 900ml,£2.65,29p / 100ml,null,Frozen food,icecreams,2024-11-19
Sainsbury's Triple Chocolate Ice Cream 900ml,£2.65,29p / 100ml,null,Frozen food,icecreams,2024-11-19
Carte D'or Delightful Strawberry Ice Cream Dessert Tub 900ml,£3.90,43p / 100ml,null,Frozen food,icecreams,2024-11-19
Wall's Soft Scoop Vanilla Light Reduced Fat Ice Cream Desser...,£2.85,16p / 100ml,null,Frozen food,icecreams,2024-11-19
Sainsbury's Fruit Spiral Lollies 5x70ml,£1.19,34p / 100ml,null,Frozen food,icecreams,2024-11-19
Magnum Mini Double Caramel Almond & Gold Caramel Billionaire...,£4.50,£1.36 / 100ml,£3.50,Frozen food,icecreams,2024-11-19
Magnum Vegan Classic Chocolate Ice Cream Sticks 3x90ml,£4.00,£1.48 / 100ml,null,Frozen food,icecreams,2024-11-19
Sainsbury's Spotty Dotties 4x60ml,£1.60,67p / 100ml,null,Frozen food,icecreams,2024-11-19
Sainsbury's Vanilla Flavour Soft Scoop 2L,£1.85,9p / 100ml,null,Frozen food,icecreams,2024-11-19
Mackie's of Scotland Raspberry Ripple Real Dairy Ice Cream 1...,£3.30,33p / 100ml,null,Frozen food,icecreams,2024-11-19
Nobbly Bobbly Strawberry & Chocolate Nobbly Ice Lolly 4x60ml,£2.50,£1.04 / 100ml,null,Frozen food,icecreams,2024-11-19
"Sainsbury's Vanilla Ice Cream, Taste the Difference 480ml",£3.25,68p / 100ml,null,Frozen food,icecreams,2024-11-19
Lotus Biscoff Milk Chocolate Ice Cream Sticks 3x90ml,£3.90,£1.44 / 100ml,null,Frozen food,icecreams,2024-11-19
Carte D'or Madagascan Vanilla Light Ice Cream Dessert Tub 90...,£3.90,43p / 100ml,null,Frozen food,icecreams,2024-11-19
"Sainsbury's Iced Coffee Ice Cream, Taste the Difference 480m...",£3.25,68p / 100ml,null,Frozen food,icecreams,2024-11-19
Sainsbury's Assorted Milk Lollies 8x35ml,£1.40,50p / 100ml,null,Frozen food,icecreams,2024-11-19
Sainsbury's Rainbow Lollies 8x304ml,£1.40,46p / 100ml,null,Frozen food,icecreams,2024-11-19
Cornetto Soft Cookie & Chocolate Ice Cream Cones 4x140ml,£3.75,67p / 100ml,£3.25,Frozen food,icecreams,2024-11-19
Sainsbury's Sorbet Lemon 500ml,£2.75,55p / 100ml,null,Frozen food,icecreams,2024-11-19
Wall's Mini Milk Vanilla Strawberry & Chocolate Ice Cream Lo...,£2.60,74p / 100ml,null,Frozen food,icecreams,2024-11-19
Swedish Glace Raspberry Dairy Free Vegan Ice Cream Tub Desse...,£3.00,40p / 100ml,null,Frozen food,icecreams,2024-11-19
Haagen-Dazs Vanilla Collection Ice Cream Mini Cups 4x95ml,£5.40,£1.42 / 100ml,null,Frozen food,icecreams,2024-11-19
Oreo Ice Cream with Oreo Cookie Pieces 4x400ml,£4.00,£1.00 / 100ml,null,Frozen food,icecreams,2024-11-19
Cadbury Dairy Milk Buttons 4x100ml,£3.25,81p / 100ml,null,Frozen food,icecreams,2024-11-19
Haagen-Dazs Belgian Chocolate Ice Cream 460ml,£5.40,£1.17 / 100ml,£3.75,Frozen food,icecreams,2024-11-19
Kelly's Cornish Ice Cream Honeycomb Crunch 950ml,£4.00,42p / 100ml,£3.00,Frozen food,icecreams,2024-11-19
Little Moons Mochi Ice Cream Passionfruit & Mango 6x32g,£5.00,£2.42 / 100ml,£3.50,Frozen food,icecreams,2024-11-19
Ben & Jerry's Vegan Ice Cream Tub Non Dairy Cookies on Cooki...,£5.50,£1.18 / 100ml,null,Frozen food,icecreams,2024-11-19
Walls Twister Ice Lolly Berrylicious Raspberry Apple Blueber...,£2.60,93p / 100ml,null,Frozen food,icecreams,2024-11-19
Halo Top Brownie Gooey Ice Cream 460ml,£5.25,£1.14 / 100ml,£3.75,Frozen food,icecreams,2024-11-19
Wall's Feast Original Chunky Chocolate Ice Cream Sticks 4x90...,£3.25,90p / 100ml,£2.50,Frozen food,icecreams,2024-11-19
"Sainsbury's Mango & Passion Fruit Ice Lollies, Taste the Dif...",£2.50,86p / 100ml,null,Frozen food,icecreams,2024-11-19
Del Monte 100% Orange Lollies 3x75ml,£2.75,£1.22 / 100ml,£2.00,Frozen food,icecreams,2024-11-19
Magnum Ice Cream Sticks Wonder Golden Toffee 3x90ml,£4.00,£1.48 / 100ml,£3.00,Frozen food,icecreams,2024-11-19
R Whites Lemonade Ice Lollies 3x75ml,£2.50,£1.11 / 100ml,£2.00,Frozen food,icecreams,2024-11-19
Wall's Twister Fruit Zingerrr Lemon Apple & Blueberry Flavou...,£2.60,93p / 100ml,null,Frozen food,icecreams,2024-11-19
Sainsbury's Neapolitan Soft Scoop 2L,£1.85,9p / 100ml,null,Frozen food,icecreams,2024-11-19
Magnum Chill Vegan Ice Cream Sticks Blueberry Cookie 3x90ml,£4.00,£1.48 / 100ml,£3.00,Frozen food,icecreams,2024-11-19
Sainsbury's Raspberry & Yoghurt Ice Lollies x4 70ml,£2.50,89p / 100ml,null,Frozen food,icecreams,2024-11-19
Magnum Ice Cream Sticks Euphoria Pink Lemonade 3x90ml,£4.00,£1.48 / 100ml,£3.00,Frozen food,icecreams,2024-11-19
Little Moons Honey Roasted Pistachio Soft Mochi & Gelato Ice...,£5.00,£2.60 / 100ml,£3.50,Frozen food,icecreams,2024-11-19
Jude's Vanilla Clotted Cream Dairy Ice Cream 460ml,£5.00,£1.09 / 100ml,null,Frozen food,icecreams,2024-11-19
Cadbury Crunchie Blast Ice Cream Cone 4x100ml,£3.25,81p / 100ml,£2.75,Frozen food,icecreams,2024-11-19
Ben & Jerry's Peanut Butter Cup Ice Cream Tub 465ml,£5.20,£1.12 / 100ml,null,Frozen food,icecreams,2024-11-19
Carte D'or Mini Indulgence Ice Cream Dessert Eton Mess 200ml,£2.00,£1.00 / 100ml,null,Frozen food,icecreams,2024-11-19
Sainsbury's Caramelised Biscuit Cones x4,£1.25,28p / 100ml,null,Frozen food,icecreams,2024-11-19
Magnum Bon Bon Ice Cream Frozen Snack Gold Caramel Billionai...,£4.75,£2.33 / 100ml,null,Frozen food,icecreams,2024-11-19
"Sainsbury's Double Dipped Chocolate Raspberry Ice Creams, Ta...",£2.75,£1.04 / 100ml,null,Frozen food,icecreams,2024-11-19
Magnum Double Sunlover White Chocolate Mango & Coconut Ice C...,£4.00,£1.57 / 100ml,null,Frozen food,icecreams,2024-11-19
Carte D'or Mini Indulgence Ice Cream Dessert Chocolate Cooki...,£2.00,£1.00 / 100ml,null,Frozen food,icecreams,2024-11-19
"Sainsbury's Pink Lemonade Ice Lollies, Taste the Difference ...",£2.50,86p / 100ml,null,Frozen food,icecreams,2024-11-19
Sainsbury's Strawberry & Cream Ice Cream 900ml,£2.65,29p / 100ml,null,Frozen food,icecreams,2024-11-19
Magnum Double Starchaser Chocolate Caramel & Popcorn Ice Cre...,£4.00,£1.57 / 100ml,null,Frozen food,icecreams,2024-11-19
Little Moons Mochi Ice Cream Cinnamon Bun 192g,£5.00,£2.60 / 100ml,£3.50,Frozen food,icecreams,2024-11-19
Oreo Stick Sandwich 4x75ml,£4.00,£1.33 / 100ml,£3.25,Frozen food,icecreams,2024-11-19
Cadbury Darkmilk Ice Creams 4x90ml,£4.00,£1.11 / 100ml,null,Frozen food,icecreams,2024-11-19
Nuii Salted Caramel & Australian Macadamia 3x90ml,£4.25,£1.57 / 100ml,£3.00,Frozen food,icecreams,2024-11-19
Häagen-Dazs Strawberries & Cream Ice Cream 460ml,£5.40,£1.17 / 100ml,£3.75,Frozen food,icecreams,2024-11-19
Carte D'or Mini Indulgence Ice Cream Dessert Vanilla Caramel...,£2.00,£1.00 / 100ml,null,Frozen food,icecreams,2024-11-19
Viennetta Ice Cream Salted Caramel 650ml,£2.00,31p / 100ml,£1.50,Frozen food,icecreams,2024-11-19
Halo Top Ice Cream Chocolate Chip Cookie Dough 460ml,£5.25,£1.14 / 100ml,£3.75,Frozen food,icecreams,2024-11-19
"Sainsbury's Belgian Chocolate Ice Cream, Taste the Differenc...",£3.25,68p / 100ml,null,Frozen food,icecreams,2024-11-19
Halo Top Ice Cream Peanut Butter Cup 460ml,£5.25,£1.14 / 100ml,£3.75,Frozen food,icecreams,2024-11-19
Mr. Freeze Jubbly Cola Ice Lollies 8x62ml,£1.65,33p / 100ml,null,Frozen food,icecreams,2024-11-19
Ben & Jerry's Choc-Dough Cool-lection Ice Cream Mini Cup Mul...,£5.35,£1.34 / 100ml,£4.00,Frozen food,icecreams,2024-11-19
Sainsbury's Raspberry & Peach Melba Ice Cream 900ml,£2.65,29p / 100ml,null,Frozen food,icecreams,2024-11-19
Ben & Jerry's Cookie Dough S'wich Up Vanilla Ice Cream Tub 4...,£5.20,£1.12 / 100ml,null,Frozen food,icecreams,2024-11-19
Jude's Salted Caramel Ice Cream Collection 4x85ml,£5.25,£1.38 / 100ml,£3.50,Frozen food,icecreams,2024-11-19
Rowntree's Fruit Stack 4x70ml,£2.50,89p / 100ml,£2.00,Frozen food,icecreams,2024-11-19
Lotus Biscoff Milk Chocolate Ice Cream Sticks 6x60ml,£4.50,£1.25 / 100ml,£3.50,Frozen food,icecreams,2024-11-19
Magnum Mini Chocolate & White Chocolate Cookie Ice Cream Sti...,£4.50,£1.36 / 100ml,£3.50,Frozen food,icecreams,2024-11-19
Cadbury Dairy Milk Caramel Ice Cream Cones 4x100ml,£3.25,81p / 100ml,£2.75,Frozen food,icecreams,2024-11-19
Jude's Flat White Coffee Ice Cream 460ml,£5.00,£1.09 / 100ml,null,Frozen food,icecreams,2024-11-19
Cornetto Soft Ice Cream Cones Stracciatella & Caramel 4x140m...,£3.75,67p / 100ml,£3.25,Frozen food,icecreams,2024-11-19
Jude’s Lower Calorie Chocolate Minis Multipack 6x50ml,£4.50,£1.50 / 100ml,null,Frozen food,icecreams,2024-11-19
Ben & Jerry's Sundae Ice Cream Tub Marshmallow & S'more 427m...,£5.50,£1.29 / 100ml,£3.00,Frozen food,icecreams,2024-11-19
Cadbury Dairy Milk Caramel Ice Cream 4x90ml,£4.00,£1.11 / 100ml,null,Frozen food,icecreams,2024-11-19
Magnum Mini Classic & Mint Chocolate Ice Cream Sticks 6x55ml,£4.50,£1.36 / 100ml,£3.50,Frozen food,icecreams,2024-11-19
Sainsbury's Fruit Lollies 8x73ml,£1.60,27p / 100ml,null,Frozen food,icecreams,2024-11-19
Heartbrand Guuud Greek Style Yoghurt Ice Cream Sticks Salted...,£3.50,£1.67 / 100ml,£1.75,Frozen food,icecreams,2024-11-19
Magnum Vegan Raspberry Swirl Ice Cream Sticks 3x90ml,£4.00,£1.48 / 100ml,null,Frozen food,icecreams,2024-11-19
Ben & Jerry's Vegan Ice Cream Tub Non Dairy Chocolate Fudge ...,£5.50,£1.18 / 100ml,null,Frozen food,icecreams,2024-11-19
Magnum Bon Bon Ice Cream Frozen Snack Salted Caramel & Almon...,£4.75,£2.33 / 100ml,null,Frozen food,icecreams,2024-11-19
Kulfi Ice Original Malai Flavoured Kulfi Milk Ice Lollies wi...,£2.95,84p / 100ml,null,Frozen food,icecreams,2024-11-19
Ben & Jerry's Sundae Oh My! Banoffee Pie! Ice Cream Tub 427m...,£5.50,£1.29 / 100ml,£3.00,Frozen food,icecreams,2024-11-19
Jude's Cherries & Cream Ice Cream 460ml,£5.00,£1.09 / 100ml,null,Frozen food,icecreams,2024-11-19
Ferrero Rocher Classic Milk Chocolate & Hazelnut Ice Cream S...,£5.20,£2.60 / 100ml,£3.75,Frozen food,icecreams,2024-11-19
"Sainsbury's Tiramisu Gelato Tub, Taste the Difference 380g",£4.50,£1.18 / 100g,£4.00,Frozen food,icecreams,2024-11-19
Little Moons Belgian Chocolate & Hazelnut Ice Cream x6 192g,£5.00,£2.60 / 100ml,£3.50,Frozen food,icecreams,2024-11-19
Cornetto Soft Chocolatey Ice Cream Vanilla & Chocolate Cones...,£3.75,67p / 100ml,£3.25,Frozen food,icecreams,2024-11-19
Sainsbury's Ice Lollies Variety Pack 15pk,£3.00,38p / 100ml,null,Frozen food,icecreams,2024-11-19
The Ice Co. Crushed Ice 2kg,£1.25,63p / kg,null,Frozen food,icecreams,2024-11-19
Kelly's Clotted Cream & British Raspberry Ripple 950ml,£4.00,42p / 100ml,£3.00,Frozen food,icecreams,2024-11-19
Jubbly Ice Lollies Strawberry 8x62ml,£1.65,33p / 100ml,null,Frozen food,icecreams,2024-11-19
Magnum Bon Bon Ice Cream Frozen Snack White Chocolate & Cook...,£4.75,£2.33 / 100ml,null,Frozen food,icecreams,2024-11-19
Carte D'or Dessert Bailey Ice Cream 825ml,£4.50,55p / 100ml,£3.00,Frozen food,icecreams,2024-11-19
Sainsbury's Millionaires Ice Cream Tub 900ml,£2.65,29p / 100ml,null,Frozen food,icecreams,2024-11-19
Heartbrand Guuud Greek Style Yoghurt Ice Cream Sticks Raspbe...,£3.50,£1.67 / 100ml,£1.75,Frozen food,icecreams,2024-11-19
Nuii Dark Chocolate & Nordic Berry 3x90ml,£4.25,£1.57 / 100ml,£3.00,Frozen food,icecreams,2024-11-19
"Sainsbury's Milk Chocolate Cookie Iced Cream Sandwich, Taste...",£7.00,£1.14 / 100g,£6.25,Frozen food,icecreams,2024-11-19
Haagen-Dazs Salted Caramel Stickbars Ice Cream 3x80ml,£4.25,£1.77 / 100ml,null,Frozen food,icecreams,2024-11-19
Sainsbury's Raspberry Ripple Soft Scoop 2L,£1.85,9p / 100ml,null,Frozen food,icecreams,2024-11-19
Sainsbury's Mint Chocolate Chip Ice Cream 900ml,£2.65,29p / 100ml,null,Frozen food,icecreams,2024-11-19
"Sainsbury's Irish Cream Liqueur Ice Cream, Taste the Differe...",£3.25,68p / 100ml,null,Frozen food,icecreams,2024-11-19
Ben & Jerry's Sundae Dulce De Lish Caramel Ice Cream Tub 427...,£5.50,£1.29 / 100ml,£3.00,Frozen food,icecreams,2024-11-19
Little Jude’s Milk Lollies 8x35ml,£2.95,£1.05 / 100ml,null,Frozen food,icecreams,2024-11-19
Magnum White Chocolate Ice Cream Sticks 6x100ml,£5.85,98p / 100ml,£4.50,Frozen food,icecreams,2024-11-19
Oreo Ice Cream Tub 480ml,£3.50,73p / 100ml,£2.75,Frozen food,icecreams,2024-11-19
Magnum Mini Ice Cream Sticks Euphoria Pink Lemonade 6x55ml,£4.50,£1.36 / 100ml,£3.50,Frozen food,icecreams,2024-11-19
Jude's Low Calorie Vanilla Bean And Salted Caramel Ice Cream...,£5.00,£1.32 / 100ml,£3.50,Frozen food,icecreams,2024-11-19
"Sainsbury's Mascarpone & Raspberry Gelato, Taste the Differe...",£4.50,£1.13 / 100g,£4.00,Frozen food,icecreams,2024-11-19
Little Moons Very Berry Mochi Sorbet Refreshos 6x32g,£5.00,£2.60 / 100ml,null,Frozen food,icecreams,2024-11-19
Ben & Jerry's Chocolatey Love a Fair Ice Cream Tub 465ml,£5.20,£1.12 / 100ml,null,Frozen food,icecreams,2024-11-19
"Sainsbury's Double Dipped Chocolate Caramel, Taste the Diffe...",£2.75,£1.02 / 100ml,null,Frozen food,icecreams,2024-11-19
Carte D'or Ice Cream Dessert Tiramisu Inspired 825ml,£4.50,55p / 100ml,£3.00,Frozen food,icecreams,2024-11-19
Lotus Biscoff White Chocolate Ice Cream Sticks 3x90ml,£3.90,£1.44 / 100ml,null,Frozen food,icecreams,2024-11-19
Ben & Jerry's Vanilla Pecan Blondie Ice Cream Tub 465ml,£5.20,£1.12 / 100ml,null,Frozen food,icecreams,2024-11-19
"Sainsbury's Salted Caramel Ice Cream, Taste the Difference 4...",£3.25,68p / 100ml,null,Frozen food,icecreams,2024-11-19
Kulfi Ice Original Malai Flavour Kulfi Ice Cream with Real A...,£2.95,30p / 100ml,null,Frozen food,icecreams,2024-11-19
Ben & Jerry's Ice Cream Minter Wonderland 465ml,£5.20,£1.12 / 100ml,null,Frozen food,icecreams,2024-11-19
Cadbury Flake Ice Cream Tub 480ml,£4.75,99p / 100ml,null,Frozen food,icecreams,2024-11-19
Oreo Ice Cream with Oreo Cookie Pieces x4 360ml,£4.00,£1.11 / 100ml,null,Frozen food,icecreams,2024-11-19
Morelli Honeycomb Ice Cream 950ml,£4.40,46p / 100ml,null,Frozen food,icecreams,2024-11-19
Jude's Rum & Raisin Ice Cream 460ml,£5.00,£1.09 / 100ml,null,Frozen food,icecreams,2024-11-19
Kulfi Ice Pistachio Flavoured Kulfi Milk Ice Lollies with Re...,£2.95,84p / 100ml,null,Frozen food,icecreams,2024-11-19
Ben & Jerry's Cookie Vermont-ster Sundae Chocolate Chip Ice ...,£5.50,£1.29 / 100ml,£3.00,Frozen food,icecreams,2024-11-19
Ben & Jerry's Netflix & Chill'd Peanut Butter Ice Cream Tub ...,£5.20,£1.12 / 100ml,null,Frozen food,icecreams,2024-11-19
"Sainsbury's Strawberries & Clotted Cream Ice Cream, Taste th...",£3.25,68p / 100ml,null,Frozen food,icecreams,2024-11-19
Nuii Caramelised Salted Almond & New Zealand Honey 204g,£4.25,£1.57 / 100ml,£3.00,Frozen food,icecreams,2024-11-19
Morelli Double Cream Vanilla Ice Cream 950ml,£4.40,46p / 100ml,null,Frozen food,icecreams,2024-11-19
Cadbury Caramilk Ice Creams 4x90ml,£4.00,£1.11 / 100ml,null,Frozen food,icecreams,2024-11-19
Magnum Classic Chocolate Ice Cream Tub 440ml,£5.00,£1.14 / 100ml,£3.00,Frozen food,icecreams,2024-11-19
"Sainsbury's White Chocolate & Raspberry Ice Cream, Taste the...",£3.25,68p / 100ml,null,Frozen food,icecreams,2024-11-19
Rowntree's Fruit Push Up Strawberry & Tropical 4x90ml,£2.50,69p / 100ml,£2.00,Frozen food,icecreams,2024-11-19
Rowntree's Fruit Push Up Blackcurrant & Orange 4x90ml,£2.50,69p / 100ml,£2.00,Frozen food,icecreams,2024-11-19
Haagen-Dazs Mango & Raspberry Stickbars Ice Cream 3x80ml,£4.25,£1.77 / 100ml,null,Frozen food,icecreams,2024-11-19
Sainsbury's Vanilla Flavour Ice Cream 1L,£1.60,16p / 100ml,null,Frozen food,icecreams,2024-11-19
Jude's Madagascan Vanilla Ice Cream 460ml,£5.00,£1.09 / 100ml,null,Frozen food,icecreams,2024-11-19
Rowntree's Yogees 6x55ml,£2.50,76p / 100ml,£2.00,Frozen food,icecreams,2024-11-19
Magnum Ice Cream Sticks Intense Dark 3x100ml,£4.00,£1.33 / 100ml,null,Frozen food,icecreams,2024-11-19
Del Monte Raspberry & Vanilla Swirl 3x90ml,£2.75,£1.02 / 100ml,£2.00,Frozen food,icecreams,2024-11-19
Del Monte Mango & Coconut Swir 3x90ml,£2.75,£1.02 / 100ml,£2.00,Frozen food,icecreams,2024-11-19
Häagen-Dazs Macadamia Nut Brittle Ice Cream 460ml,£5.40,£1.17 / 100ml,null,Frozen food,icecreams,2024-11-19
Carte D'or Ice Cream Dessert New York Cheesecake Inspired 82...,£4.50,55p / 100ml,£3.00,Frozen food,icecreams,2024-11-19
Magnum Mini Vegan Classic & Almond Ice Cream Sticks x6 55 ml,£4.50,£1.36 / 100ml,£3.50,Frozen food,icecreams,2024-11-19
Jude's Mint Chocolate Ice Cream 460ml,£5.00,£1.09 / 100ml,null,Frozen food,icecreams,2024-11-19
Häagen-Dazs Caramel Biscuit & Cream 400g,£5.40,£1.17 / 100ml,null,Frozen food,icecreams,2024-11-19
Jude's Low Cal Salted Caramel Ice Cream 460ml,£5.00,£1.09 / 100ml,£3.00,Frozen food,icecreams,2024-11-19
"Sainsbury's Peanut & Caramel Gelato Tub, Taste the Differenc...",£4.50,£1.22 / 100g,£4.00,Frozen food,icecreams,2024-11-19
Ben & Jerry's Chocolate Chip Cookie Dough Ice Cream Chunks 1...,£4.90,£2.88 / 100ml,£3.50,Frozen food,icecreams,2024-11-19
Haagen-Dazs Red Velvet Cheesecake Ice Cream 420ml,£5.40,£1.29 / 100ml,null,Frozen food,icecreams,2024-11-19
Ben & Jerry's Sundae Vegan Ice Cream Tub Non Dairy Oat of th...,£5.50,£1.29 / 100ml,£3.00,Frozen food,icecreams,2024-11-19
Haagen-Dazs Mint Chocolate Ice Cream 420ml,£5.40,£1.29 / 100ml,null,Frozen food,icecreams,2024-11-19
Haagen-Dazs Favourites Collection Ice Cream Minicups 4x95ml,£5.40,£1.42 / 100ml,null,Frozen food,icecreams,2024-11-19
Jude's Honeycomb & Chocolate Ice Cream 460ml,£5.00,£1.09 / 100ml,null,Frozen food,icecreams,2024-11-19
Trufru Strawberry in White & Milk Chocolate 227g,£5.00,£2.20 / 100g,null,Frozen food,icecreams,2024-11-19
Cadbury Creme Egg Ice Cream Cones 4x100ml,£3.25,81p / 100ml,null,Frozen food,icecreams,2024-11-19
Ferrero Raffaello Coconut Ice Cream Sticks Multipack 4x47g,£5.00,£2.66 / 100ml,£3.75,Frozen food,icecreams,2024-11-19
"Sainsbury's Blonde Chocolate Ice Cream, Taste the Difference...",£3.25,68p / 100ml,null,Frozen food,icecreams,2024-11-19
Trufru Raspberry in White & Dark Chocolate 227g,£5.00,£2.20 / 100g,null,Frozen food,icecreams,2024-11-19
Nuii Ice Cream Aventure Coconut & Indian Mango 3x90ml,£4.25,£1.57 / 100ml,£3.00,Frozen food,icecreams,2024-11-19
Ben & Jerry's Ice Cream Tub Spectacu Love 465ml,£5.50,£1.18 / 100ml,null,Frozen food,icecreams,2024-11-19
Magnum Almond & White Chocolate Mini Ice Cream Stick 6x55ml,£4.50,£1.36 / 100ml,£3.50,Frozen food,icecreams,2024-11-19
Nuii Ice Cream Adventure Caramel White Chocolate & Texan Pec...,£4.25,£1.57 / 100ml,£3.00,Frozen food,icecreams,2024-11-19
Jude's Salted Caramel with Crunch & Swirl 3x80ml,£4.50,£1.88 / 100ml,null,Frozen food,icecreams,2024-11-19
Ben & Jerry's Non Dairy Caramel Café Sundae Ice Cream Tub 42...,£5.50,£1.29 / 100ml,£3.00,Frozen food,icecreams,2024-11-19
Chupa Chups Squeezee Freeze Pops Mixed Flavours 12x50ml,£1.40,26p / 100ml,null,Frozen food,icecreams,2024-11-19
Halo Top Ice Cream Honeycomb Crunch 460ml,£5.25,£1.14 / 100ml,£3.75,Frozen food,icecreams,2024-11-19
Magnum Tub Ice Cream Double Salted Caramel 440ml,£5.00,£1.14 / 100ml,£3.00,Frozen food,icecreams,2024-11-19
Terry's Chocolate Orange Ice Cream 4x85ml,£4.50,£1.32 / 100ml,null,Frozen food,icecreams,2024-11-19
Rowntree's Fruit Twisties Lollies 4x70ml,£2.50,89p / 100ml,£2.00,Frozen food,icecreams,2024-11-19
"Sainsbury's Cloudy Apple Ice Lollies, Taste the Difference x...",£2.50,86p / 100ml,null,Frozen food,icecreams,2024-11-19
Cadbury Dairy Milk Ice Cream 480ml,£4.00,83p / 100ml,£3.25,Frozen food,icecreams,2024-11-19
Ben & Jerry's Sundae Choco Lotta Cheesecake Chocolate Ice Cr...,£5.50,£1.29 / 100ml,£3.00,Frozen food,icecreams,2024-11-19
Jude’s Lower Calorie Salted Caramel Minis Multipack 6x50ml,£4.50,£1.50 / 100ml,null,Frozen food,icecreams,2024-11-19
Jude's Low Calorie Plant Based Chocolate Brownie 460ml,£5.00,£1.09 / 100ml,£3.00,Frozen food,icecreams,2024-11-19
Ben & Jerry's Ice Cream Cookie Dough Peaces 160ml,£4.75,£2.97 / 100ml,£3.50,Frozen food,icecreams,2024-11-19
Haagen-Dazs Dulce De Leche Ice Cream 460ml,£5.40,£1.17 / 100ml,£3.75,Frozen food,icecreams,2024-11-19
Cadbury Creme Egg Ice Creams 4x90ml,£4.00,£1.11 / 100ml,null,Frozen food,icecreams,2024-11-19
Ben & Jerry's Ice Cream Salted Caramel Brownie Peaces 160ml,£4.75,£2.97 / 100ml,£3.50,Frozen food,icecreams,2024-11-19
Ferrero Rocher White Chocolate & Hazelnut Ice Cream Sticks M...,£5.20,£1.86 / 100ml,£3.75,Frozen food,icecreams,2024-11-19
Ben & Jerry's Dulce Dough Ice Cream Tubs Mini Cup Multipack ...,£5.35,£1.34 / 100ml,£4.00,Frozen food,icecreams,2024-11-19
Ben & Jerry's Ice Cream Strawberry Cheesecake 465ml,£5.20,£1.12 / 100ml,null,Frozen food,icecreams,2024-11-19
Cadbury Creme Egg Ice Cream Tub 480ml,£4.00,83p / 100ml,null,Frozen food,icecreams,2024-11-19
Nuii White Chocolate & Scandinavian Mountain Cranberries 201...,£4.25,£1.57 / 100ml,£3.00,Frozen food,icecreams,2024-11-19
The Ice Co. Party Ice Cubes 2kg,£1.25,63p / kg,null,cupboard,treats_snacks,2024-11-19
Sainsbury's Milk Chocolate Ice Creams 4x75g,£1.64,37p / 100ml,null,cupboard,treats_snacks,2024-11-19
Sainsbury's Milk Chocolate & Almonds Ice Creams 4x75g,£1.64,37p / 100ml,null,cupboard,treats_snacks,2024-11-19
Carte D'or Madagascan Vanilla Ice Cream Dessert Tub 900ml,£3.90,43p / 100ml,null,cupboard,treats_snacks,2024-11-19
Magnum Classic Chocolate Ice Cream Sticks 3x100ml,£3.25,£1.08 / 100ml,null,cupboard,treats_snacks,2024-11-19
Snickers Ice Cream 4x53ml,£2.75,£1.43 / 100ml,null,cupboard,treats_snacks,2024-11-19
Mackie's of Scotland Luxury Traditional Real Dairy Ice Cream...,£3.30,33p / 100ml,null,cupboard,treats_snacks,2024-11-19
Cornetto Classico Chocolate Vanilla Ice Cream Cones 6x90ml,£3.75,69p / 100ml,null,cupboard,treats_snacks,2024-11-19
Sainsbury's Dark Chocolate & Mint Ice Creams 4x75g,£1.49,34p / 100ml,null,cupboard,treats_snacks,2024-11-19
Ben & Jerry's Cookie Dough Vanilla Ice Cream Tub 465ml,£5.20,£1.12 / 100ml,null,cupboard,treats_snacks,2024-11-19
Sainsbury's Strawberry & Vanilla Cones 4x110ml,£1.25,28p / 100ml,null,cupboard,treats_snacks,2024-11-19
Magnum Mini Classic Chocolate Ice Cream Sticks 6x55ml,£4.50,£1.36 / 100ml,£3.50,cupboard,treats_snacks,2024-11-19
Wall's Solero Exotic Ice Cream Lollies 3x90ml,£2.75,£1.02 / 100ml,null,cupboard,treats_snacks,2024-11-19
Wall's Soft Scoop Vanilla Ice Cream Dessert Tub 1.8L,£2.85,16p / 100ml,null,cupboard,treats_snacks,2024-11-19
Sainsbury's Toffee & Vanilla Cones 4x110ml,£1.25,28p / 100ml,null,cupboard,treats_snacks,2024-11-19
Swedish Glace Vanilla Dairy Free Vegan Ice Cream Tub Dessert...,£3.00,40p / 100ml,null,cupboard,treats_snacks,2024-11-19
Mars Ice Cream 4x51ml,£2.75,£1.35 / 100ml,£2.00,cupboard,treats_snacks,2024-11-19
The Ice Co.Super Cubes Giant Ice 1kg,£1.25,£1.25 / kg,null,cupboard,treats_snacks,2024-11-19
"Sainsbury's Indulgence Ice Cream, White Chocolate 4x110ml",£1.64,37p / 100ml,null,cupboard,treats_snacks,2024-11-19
Cornetto Strawberry Ice Cream Cones 6x90ml,£3.75,69p / 100ml,null,cupboard,treats_snacks,2024-11-19
Magnum White Chocolate Ice Cream Sticks 3x100ml,£3.25,£1.08 / 100ml,null,cupboard,treats_snacks,2024-11-19
Fab Strawberry x6 348ml,£2.50,72p / 100ml,null,cupboard,treats_snacks,2024-11-19
Rowntree's Fruit Pastille Ice Lollies 4x65ml,£2.50,96p / 100ml,£2.00,cupboard,treats_snacks,2024-11-19
Magnum Mini Classic Almond & White Chocolate Ice Cream Stick...,£4.50,£1.36 / 100ml,£3.50,cupboard,treats_snacks,2024-11-19
Wall's Twister Mini Pineapple Ice Cream Lollies 6x50ml,£2.60,87p / 100ml,£2.00,cupboard,treats_snacks,2024-11-19
Ben & Jerry's Phish Food Chocolate Ice Cream Tub 465ml,£5.20,£1.12 / 100ml,null,cupboard,treats_snacks,2024-11-19
Viennetta Vanilla Ice Cream Dessert 650ml,£2.00,31p / 100ml,£1.50,cupboard,treats_snacks,2024-11-19
Sainsbury's Chocolate & Nut Cones 4x110ml,£1.25,28p / 100ml,null,cupboard,treats_snacks,2024-11-19
Cornetto Mint Ice Cream Cones 6x90ml,£3.75,69p / 100ml,null,cupboard,treats_snacks,2024-11-19
Magnum Salted Caramel Ice Cream Sticks 3x100ml,£3.25,£1.08 / 100ml,null,cupboard,treats_snacks,2024-11-19
Sainsbury's Rocket Ice Lollies x8 464ml,£1.35,29p / 100ml,null,cupboard,treats_snacks,2024-11-19
Kelly's Cornish Clotted Ice Cream 950ml,£4.00,42p / 100ml,£3.00,cupboard,treats_snacks,2024-11-19
Magnum Double Gold Caramel Billionaire Ice Cream Sticks 3x85...,£4.00,£1.57 / 100ml,null,cupboard,treats_snacks,2024-11-19
Ben & Jerry's Chocolate Fudge Brownie Ice Cream Tub 465ml,£5.20,£1.12 / 100ml,null,cupboard,treats_snacks,2024-11-19
Calippo Walls Mini Orange & Lime Ice Lollies 5x80ml,£2.60,65p / 100ml,null,cupboard,treats_snacks,2024-11-19
"Sainsbury's Valencia Orange Lollies, Taste the Difference x4",£2.50,86p / 100ml,null,cupboard,treats_snacks,2024-11-19
Carte D'or Rich Salted Caramel Ice Cream Dessert Tub 900ml,£3.90,43p / 100ml,null,cupboard,treats_snacks,2024-11-19
Rowntrees Watermelon Ice Lollies 4x73ml,£2.50,86p / 100ml,null,cupboard,treats_snacks,2024-11-19
Mackie's of Scotland Ice Cream Honeycomb 1L,£3.30,33p / 100ml,null,cupboard,treats_snacks,2024-11-19
Haagen-Dazs Caramel Collection Ice Cream Mini Cups 4x95ml,£5.40,£1.42 / 100ml,null,cupboard,treats_snacks,2024-11-19
Cadbury Flake 99 Ice Cream Cones x4 125ml,£4.75,95p / 100ml,null,cupboard,treats_snacks,2024-11-19
Cadbury Dairy Milk Ice Cream 4x90ml,£4.00,£1.11 / 100ml,null,cupboard,treats_snacks,2024-11-19
Magnum Classic Chocolate Ice Cream Sticks 6x100ml,£5.85,98p / 100ml,£4.50,cupboard,treats_snacks,2024-11-19
Sainsbury's Dark Chocolate Ices x6 70ml,£1.60,38p / 100ml,null,cupboard,treats_snacks,2024-11-19
Maltesers Ice Cream Bar x4 200ml,£2.75,£1.38 / 100ml,null,cupboard,treats_snacks,2024-11-19
Sainsbury's Milk Chocolate Ices x6 70ml,£1.60,38p / 100ml,null,cupboard,treats_snacks,2024-11-19
Sainsbury's Fruit Juice Ice Cream Splits 6x73ml,£1.19,27p / 100ml,null,cupboard,treats_snacks,2024-11-19
Oreo Mini Ice Cream 6x330ml,£3.50,£1.06 / 100ml,£2.50,cupboard,treats_snacks,2024-11-19
Sainsbury's Mini Indulgence Sticks 8x50ml,£3.20,80p / 100ml,null,cupboard,treats_snacks,2024-11-19
Sainsbury's Vanilla Ice Cream 900ml,£2.65,29p / 100ml,null,cupboard,treats_snacks,2024-11-19
Solero Red Berries Ice Cream 3x90ml,£2.75,£1.02 / 100ml,null,cupboard,treats_snacks,2024-11-19
Sainsbury's Mint & Chocolate Cones 4x110ml,£1.25,28p / 100ml,null,cupboard,treats_snacks,2024-11-19
Bounty Chocolate & Coconut Ice Cream Bars x4 200ml,£2.75,£1.38 / 100ml,£2.00,cupboard,treats_snacks,2024-11-19
Magnum Mini Double Chocolate & Double Caramel Ice Cream Stic...,£4.50,£1.25 / 100ml,£3.50,cupboard,treats_snacks,2024-11-19
Magnum Double Raspberry Ice Cream Sticks 3x85ml,£4.00,£1.57 / 100ml,null,cupboard,treats_snacks,2024-11-19
Sainsbury's Millionaire's Cones 4x110ml,£1.25,28p / 100ml,null,cupboard,treats_snacks,2024-11-19
Carte D'or Refreshing Mint Choc Chip Ice Cream Dessert Tub 9...,£3.90,43p / 100ml,null,cupboard,treats_snacks,2024-11-19
Sainsbury's Cornish Dairy Ice Cream 2L,£3.29,16p / 100ml,null,cupboard,treats_snacks,2024-11-19
Calippo Walls Cola Ice Lollies 5x80ml,£2.60,65p / 100ml,null,cupboard,treats_snacks,2024-11-19
Stamford Street Co. Fruit Flavour Lollies 8x35ml,£1.15,41p / 100ml,null,cupboard,treats_snacks,2024-11-19
Haagen-Dazs Pralines & Cream Ice Cream 460ml,£5.40,£1.17 / 100ml,null,cupboard,treats_snacks,2024-11-19
Carte D'or Indulgent Chocolate Ice Cream Dessert Tub 900ml,£3.90,43p / 100ml,null,cupboard,treats_snacks,2024-11-19
"Sainsbury's Pineapple, Coconut & Lime Lollies, Taste the Dif...",£2.50,86p / 100ml,null,cupboard,treats_snacks,2024-11-19
Haagen-Dazs Fruit Collection Minicups Ice Cream 4x95ml,£5.40,£1.64 / 100ml,null,cupboard,treats_snacks,2024-11-19
Ben & Jerry's Half Baked Chocolate and Vanilla Ice Cream Tub...,£5.20,£1.12 / 100ml,null,cupboard,treats_snacks,2024-11-19
Haagen-Dazs Salted Caramel Ice Cream 460ml,£5.40,£1.17 / 100ml,£3.75,cupboard,treats_snacks,2024-11-19
Magnum Collection Pistachio Ice Cream Sticks 3x100ml,£3.25,£1.08 / 100ml,null,cupboard,treats_snacks,2024-11-19
Calypso Mr Freeze Ice Pops 20x45ml,£1.70,19p / 100ml,null,cupboard,treats_snacks,2024-11-19
Cadbury Crunchie Blast Ice Cream 4x90ml,£4.00,£1.11 / 100ml,null,cupboard,treats_snacks,2024-11-19
Viennetta Mint Ice Cream Dessert 650ml,£2.00,31p / 100ml,£1.50,cupboard,treats_snacks,2024-11-19
Magnum Ice Cream Sticks Almond 6x100ml,£5.85,98p / 100ml,£4.50,cupboard,treats_snacks,2024-11-19
Cornetto Vegan & Gluten Free Ice Cream Cones 4x90ml,£3.50,97p / 100ml,£2.50,cupboard,treats_snacks,2024-11-19
Kelly's Cornish Vanilla Dairy Ice Cream 2L,£5.25,26p / 100ml,null,cupboard,treats_snacks,2024-11-19
Haagen-Dazs Strawberry Cheesecake Ice Cream 460ml,£5.40,£1.17 / 100ml,null,cupboard,treats_snacks,2024-11-19
Cornetto Soft Strawberry Ice Cream Cone 4x140ml,£3.75,67p / 100ml,£3.25,cupboard,treats_snacks,2024-11-19
Sainsbury's Sorbet Raspberry 500ml,£2.75,55p / 100ml,null,cupboard,treats_snacks,2024-11-19
Magnum Vegan Almond Ice Cream Sticks 3x90ml,£4.00,£1.48 / 100ml,null,cupboard,treats_snacks,2024-11-19
Haagen-Dazs Vanilla Ice Cream 460ml,£5.40,£1.17 / 100ml,£3.75,cupboard,treats_snacks,2024-11-19
Ben & Jerry's Caramel Chew Chew Ice Cream Tub 465ml,£5.20,£1.12 / 100ml,null,cupboard,treats_snacks,2024-11-19
Sainsbury's Caramel & Vanilla Ice Cream 900ml,£2.65,29p / 100ml,null,cupboard,treats_snacks,2024-11-19
Sainsbury's Triple Chocolate Ice Cream 900ml,£2.65,29p / 100ml,null,cupboard,treats_snacks,2024-11-19
Carte D'or Delightful Strawberry Ice Cream Dessert Tub 900ml,£3.90,43p / 100ml,null,cupboard,treats_snacks,2024-11-19
Wall's Soft Scoop Vanilla Light Reduced Fat Ice Cream Desser...,£2.85,16p / 100ml,null,cupboard,treats_snacks,2024-11-19
Sainsbury's Fruit Spiral Lollies 5x70ml,£1.19,34p / 100ml,null,cupboard,treats_snacks,2024-11-19
Magnum Mini Double Caramel Almond & Gold Caramel Billionaire...,£4.50,£1.36 / 100ml,£3.50,cupboard,treats_snacks,2024-11-19
Magnum Vegan Classic Chocolate Ice Cream Sticks 3x90ml,£4.00,£1.48 / 100ml,null,cupboard,treats_snacks,2024-11-19
Sainsbury's Spotty Dotties 4x60ml,£1.60,67p / 100ml,null,cupboard,treats_snacks,2024-11-19
Sainsbury's Vanilla Flavour Soft Scoop 2L,£1.85,9p / 100ml,null,cupboard,treats_snacks,2024-11-19
Mackie's of Scotland Raspberry Ripple Real Dairy Ice Cream 1...,£3.30,33p / 100ml,null,cupboard,treats_snacks,2024-11-19
Nobbly Bobbly Strawberry & Chocolate Nobbly Ice Lolly 4x60ml,£2.50,£1.04 / 100ml,null,cupboard,treats_snacks,2024-11-19
"Sainsbury's Vanilla Ice Cream, Taste the Difference 480ml",£3.25,68p / 100ml,null,cupboard,treats_snacks,2024-11-19
Lotus Biscoff Milk Chocolate Ice Cream Sticks 3x90ml,£3.90,£1.44 / 100ml,null,cupboard,treats_snacks,2024-11-19
Carte D'or Madagascan Vanilla Light Ice Cream Dessert Tub 90...,£3.90,43p / 100ml,null,cupboard,treats_snacks,2024-11-19
"Sainsbury's Iced Coffee Ice Cream, Taste the Difference 480m...",£3.25,68p / 100ml,null,cupboard,treats_snacks,2024-11-19
Sainsbury's Assorted Milk Lollies 8x35ml,£1.40,50p / 100ml,null,cupboard,treats_snacks,2024-11-19
Sainsbury's Rainbow Lollies 8x304ml,£1.40,46p / 100ml,null,cupboard,treats_snacks,2024-11-19
Cornetto Soft Cookie & Chocolate Ice Cream Cones 4x140ml,£3.75,67p / 100ml,£3.25,cupboard,treats_snacks,2024-11-19
Sainsbury's Sorbet Lemon 500ml,£2.75,55p / 100ml,null,cupboard,treats_snacks,2024-11-19
Wall's Mini Milk Vanilla Strawberry & Chocolate Ice Cream Lo...,£2.60,74p / 100ml,null,cupboard,treats_snacks,2024-11-19
Swedish Glace Raspberry Dairy Free Vegan Ice Cream Tub Desse...,£3.00,40p / 100ml,null,cupboard,treats_snacks,2024-11-19
Haagen-Dazs Vanilla Collection Ice Cream Mini Cups 4x95ml,£5.40,£1.42 / 100ml,null,cupboard,treats_snacks,2024-11-19
Oreo Ice Cream with Oreo Cookie Pieces 4x400ml,£4.00,£1.00 / 100ml,null,cupboard,treats_snacks,2024-11-19
Cadbury Dairy Milk Buttons 4x100ml,£3.25,81p / 100ml,null,cupboard,treats_snacks,2024-11-19
Haagen-Dazs Belgian Chocolate Ice Cream 460ml,£5.40,£1.17 / 100ml,£3.75,cupboard,treats_snacks,2024-11-19
Kelly's Cornish Ice Cream Honeycomb Crunch 950ml,£4.00,42p / 100ml,£3.00,cupboard,treats_snacks,2024-11-19
Little Moons Mochi Ice Cream Passionfruit & Mango 6x32g,£5.00,£2.42 / 100ml,£3.50,cupboard,treats_snacks,2024-11-19
Ben & Jerry's Vegan Ice Cream Tub Non Dairy Cookies on Cooki...,£5.50,£1.18 / 100ml,null,cupboard,treats_snacks,2024-11-19
Walls Twister Ice Lolly Berrylicious Raspberry Apple Blueber...,£2.60,93p / 100ml,null,cupboard,treats_snacks,2024-11-19
Halo Top Brownie Gooey Ice Cream 460ml,£5.25,£1.14 / 100ml,£3.75,cupboard,treats_snacks,2024-11-19
Wall's Feast Original Chunky Chocolate Ice Cream Sticks 4x90...,£3.25,90p / 100ml,£2.50,cupboard,treats_snacks,2024-11-19
"Sainsbury's Mango & Passion Fruit Ice Lollies, Taste the Dif...",£2.50,86p / 100ml,null,cupboard,treats_snacks,2024-11-19
Del Monte 100% Orange Lollies 3x75ml,£2.75,£1.22 / 100ml,£2.00,cupboard,treats_snacks,2024-11-19
Magnum Ice Cream Sticks Wonder Golden Toffee 3x90ml,£4.00,£1.48 / 100ml,£3.00,cupboard,treats_snacks,2024-11-19
R Whites Lemonade Ice Lollies 3x75ml,£2.50,£1.11 / 100ml,£2.00,cupboard,treats_snacks,2024-11-19
Wall's Twister Fruit Zingerrr Lemon Apple & Blueberry Flavou...,£2.60,93p / 100ml,null,cupboard,treats_snacks,2024-11-19
Sainsbury's Neapolitan Soft Scoop 2L,£1.85,9p / 100ml,null,cupboard,treats_snacks,2024-11-19
Magnum Chill Vegan Ice Cream Sticks Blueberry Cookie 3x90ml,£4.00,£1.48 / 100ml,£3.00,cupboard,treats_snacks,2024-11-19
Sainsbury's Raspberry & Yoghurt Ice Lollies x4 70ml,£2.50,89p / 100ml,null,cupboard,treats_snacks,2024-11-19
Magnum Ice Cream Sticks Euphoria Pink Lemonade 3x90ml,£4.00,£1.48 / 100ml,£3.00,cupboard,treats_snacks,2024-11-19
Little Moons Honey Roasted Pistachio Soft Mochi & Gelato Ice...,£5.00,£2.60 / 100ml,£3.50,cupboard,treats_snacks,2024-11-19
Jude's Vanilla Clotted Cream Dairy Ice Cream 460ml,£5.00,£1.09 / 100ml,null,cupboard,treats_snacks,2024-11-19
Cadbury Crunchie Blast Ice Cream Cone 4x100ml,£3.25,81p / 100ml,£2.75,cupboard,treats_snacks,2024-11-19
Ben & Jerry's Peanut Butter Cup Ice Cream Tub 465ml,£5.20,£1.12 / 100ml,null,cupboard,treats_snacks,2024-11-19
Carte D'or Mini Indulgence Ice Cream Dessert Eton Mess 200ml,£2.00,£1.00 / 100ml,null,cupboard,treats_snacks,2024-11-19
Sainsbury's Caramelised Biscuit Cones x4,£1.25,28p / 100ml,null,cupboard,treats_snacks,2024-11-19
Magnum Bon Bon Ice Cream Frozen Snack Gold Caramel Billionai...,£4.75,£2.33 / 100ml,null,cupboard,treats_snacks,2024-11-19
"Sainsbury's Double Dipped Chocolate Raspberry Ice Creams, Ta...",£2.75,£1.04 / 100ml,null,cupboard,treats_snacks,2024-11-19
Magnum Double Sunlover White Chocolate Mango & Coconut Ice C...,£4.00,£1.57 / 100ml,null,cupboard,treats_snacks,2024-11-19
Carte D'or Mini Indulgence Ice Cream Dessert Chocolate Cooki...,£2.00,£1.00 / 100ml,null,cupboard,treats_snacks,2024-11-19
"Sainsbury's Pink Lemonade Ice Lollies, Taste the Difference ...",£2.50,86p / 100ml,null,cupboard,treats_snacks,2024-11-19
Sainsbury's Strawberry & Cream Ice Cream 900ml,£2.65,29p / 100ml,null,cupboard,treats_snacks,2024-11-19
Magnum Double Starchaser Chocolate Caramel & Popcorn Ice Cre...,£4.00,£1.57 / 100ml,null,cupboard,treats_snacks,2024-11-19
Little Moons Mochi Ice Cream Cinnamon Bun 192g,£5.00,£2.60 / 100ml,£3.50,cupboard,treats_snacks,2024-11-19
Oreo Stick Sandwich 4x75ml,£4.00,£1.33 / 100ml,£3.25,cupboard,treats_snacks,2024-11-19
Cadbury Darkmilk Ice Creams 4x90ml,£4.00,£1.11 / 100ml,null,cupboard,treats_snacks,2024-11-19
Nuii Salted Caramel & Australian Macadamia 3x90ml,£4.25,£1.57 / 100ml,£3.00,cupboard,treats_snacks,2024-11-19
Häagen-Dazs Strawberries & Cream Ice Cream 460ml,£5.40,£1.17 / 100ml,£3.75,cupboard,treats_snacks,2024-11-19
Carte D'or Mini Indulgence Ice Cream Dessert Vanilla Caramel...,£2.00,£1.00 / 100ml,null,cupboard,treats_snacks,2024-11-19
Viennetta Ice Cream Salted Caramel 650ml,£2.00,31p / 100ml,£1.50,cupboard,treats_snacks,2024-11-19
Halo Top Ice Cream Chocolate Chip Cookie Dough 460ml,£5.25,£1.14 / 100ml,£3.75,cupboard,treats_snacks,2024-11-19
"Sainsbury's Belgian Chocolate Ice Cream, Taste the Differenc...",£3.25,68p / 100ml,null,cupboard,treats_snacks,2024-11-19
Halo Top Ice Cream Peanut Butter Cup 460ml,£5.25,£1.14 / 100ml,£3.75,cupboard,treats_snacks,2024-11-19
Mr. Freeze Jubbly Cola Ice Lollies 8x62ml,£1.65,33p / 100ml,null,cupboard,treats_snacks,2024-11-19
Ben & Jerry's Choc-Dough Cool-lection Ice Cream Mini Cup Mul...,£5.35,£1.34 / 100ml,£4.00,cupboard,treats_snacks,2024-11-19
Sainsbury's Raspberry & Peach Melba Ice Cream 900ml,£2.65,29p / 100ml,null,cupboard,treats_snacks,2024-11-19
Ben & Jerry's Cookie Dough S'wich Up Vanilla Ice Cream Tub 4...,£5.20,£1.12 / 100ml,null,cupboard,treats_snacks,2024-11-19
Jude's Salted Caramel Ice Cream Collection 4x85ml,£5.25,£1.38 / 100ml,£3.50,cupboard,treats_snacks,2024-11-19
Rowntree's Fruit Stack 4x70ml,£2.50,89p / 100ml,£2.00,cupboard,treats_snacks,2024-11-19
Lotus Biscoff Milk Chocolate Ice Cream Sticks 6x60ml,£4.50,£1.25 / 100ml,£3.50,cupboard,treats_snacks,2024-11-19
Magnum Mini Chocolate & White Chocolate Cookie Ice Cream Sti...,£4.50,£1.36 / 100ml,£3.50,cupboard,treats_snacks,2024-11-19
Cadbury Dairy Milk Caramel Ice Cream Cones 4x100ml,£3.25,81p / 100ml,£2.75,cupboard,treats_snacks,2024-11-19
Jude's Flat White Coffee Ice Cream 460ml,£5.00,£1.09 / 100ml,null,cupboard,treats_snacks,2024-11-19
Cornetto Soft Ice Cream Cones Stracciatella & Caramel 4x140m...,£3.75,67p / 100ml,£3.25,cupboard,treats_snacks,2024-11-19
Jude’s Lower Calorie Chocolate Minis Multipack 6x50ml,£4.50,£1.50 / 100ml,null,cupboard,treats_snacks,2024-11-19
Ben & Jerry's Sundae Ice Cream Tub Marshmallow & S'more 427m...,£5.50,£1.29 / 100ml,£3.00,cupboard,treats_snacks,2024-11-19
Cadbury Dairy Milk Caramel Ice Cream 4x90ml,£4.00,£1.11 / 100ml,null,cupboard,treats_snacks,2024-11-19
Magnum Mini Classic & Mint Chocolate Ice Cream Sticks 6x55ml,£4.50,£1.36 / 100ml,£3.50,cupboard,treats_snacks,2024-11-19
Sainsbury's Fruit Lollies 8x73ml,£1.60,27p / 100ml,null,cupboard,treats_snacks,2024-11-19
Heartbrand Guuud Greek Style Yoghurt Ice Cream Sticks Salted...,£3.50,£1.67 / 100ml,£1.75,cupboard,treats_snacks,2024-11-19
Magnum Vegan Raspberry Swirl Ice Cream Sticks 3x90ml,£4.00,£1.48 / 100ml,null,cupboard,treats_snacks,2024-11-19
Ben & Jerry's Vegan Ice Cream Tub Non Dairy Chocolate Fudge ...,£5.50,£1.18 / 100ml,null,cupboard,treats_snacks,2024-11-19
Magnum Bon Bon Ice Cream Frozen Snack Salted Caramel & Almon...,£4.75,£2.33 / 100ml,null,cupboard,treats_snacks,2024-11-19
Kulfi Ice Original Malai Flavoured Kulfi Milk Ice Lollies wi...,£2.95,84p / 100ml,null,cupboard,treats_snacks,2024-11-19
Ben & Jerry's Sundae Oh My! Banoffee Pie! Ice Cream Tub 427m...,£5.50,£1.29 / 100ml,£3.00,cupboard,treats_snacks,2024-11-19
Jude's Cherries & Cream Ice Cream 460ml,£5.00,£1.09 / 100ml,null,cupboard,treats_snacks,2024-11-19
Ferrero Rocher Classic Milk Chocolate & Hazelnut Ice Cream S...,£5.20,£2.60 / 100ml,£3.75,cupboard,treats_snacks,2024-11-19
"Sainsbury's Tiramisu Gelato Tub, Taste the Difference 380g",£4.50,£1.18 / 100g,£4.00,cupboard,treats_snacks,2024-11-19
Little Moons Belgian Chocolate & Hazelnut Ice Cream x6 192g,£5.00,£2.60 / 100ml,£3.50,cupboard,treats_snacks,2024-11-19
Cornetto Soft Chocolatey Ice Cream Vanilla & Chocolate Cones...,£3.75,67p / 100ml,£3.25,cupboard,treats_snacks,2024-11-19
Sainsbury's Ice Lollies Variety Pack 15pk,£3.00,38p / 100ml,null,cupboard,treats_snacks,2024-11-19
The Ice Co. Crushed Ice 2kg,£1.25,63p / kg,null,cupboard,treats_snacks,2024-11-19
Kelly's Clotted Cream & British Raspberry Ripple 950ml,£4.00,42p / 100ml,£3.00,cupboard,treats_snacks,2024-11-19
Jubbly Ice Lollies Strawberry 8x62ml,£1.65,33p / 100ml,null,cupboard,treats_snacks,2024-11-19
Magnum Bon Bon Ice Cream Frozen Snack White Chocolate & Cook...,£4.75,£2.33 / 100ml,null,cupboard,treats_snacks,2024-11-19
Carte D'or Dessert Bailey Ice Cream 825ml,£4.50,55p / 100ml,£3.00,cupboard,treats_snacks,2024-11-19
Sainsbury's Millionaires Ice Cream Tub 900ml,£2.65,29p / 100ml,null,cupboard,treats_snacks,2024-11-19
Heartbrand Guuud Greek Style Yoghurt Ice Cream Sticks Raspbe...,£3.50,£1.67 / 100ml,£1.75,cupboard,treats_snacks,2024-11-19
Nuii Dark Chocolate & Nordic Berry 3x90ml,£4.25,£1.57 / 100ml,£3.00,cupboard,treats_snacks,2024-11-19
"Sainsbury's Milk Chocolate Cookie Iced Cream Sandwich, Taste...",£7.00,£1.14 / 100g,£6.25,cupboard,treats_snacks,2024-11-19
Haagen-Dazs Salted Caramel Stickbars Ice Cream 3x80ml,£4.25,£1.77 / 100ml,null,cupboard,treats_snacks,2024-11-19
Sainsbury's Raspberry Ripple Soft Scoop 2L,£1.85,9p / 100ml,null,cupboard,treats_snacks,2024-11-19
Sainsbury's Mint Chocolate Chip Ice Cream 900ml,£2.65,29p / 100ml,null,cupboard,treats_snacks,2024-11-19
"Sainsbury's Irish Cream Liqueur Ice Cream, Taste the Differe...",£3.25,68p / 100ml,null,cupboard,treats_snacks,2024-11-19
Ben & Jerry's Sundae Dulce De Lish Caramel Ice Cream Tub 427...,£5.50,£1.29 / 100ml,£3.00,cupboard,treats_snacks,2024-11-19
Little Jude’s Milk Lollies 8x35ml,£2.95,£1.05 / 100ml,null,cupboard,treats_snacks,2024-11-19
Magnum White Chocolate Ice Cream Sticks 6x100ml,£5.85,98p / 100ml,£4.50,cupboard,treats_snacks,2024-11-19
Oreo Ice Cream Tub 480ml,£3.50,73p / 100ml,£2.75,cupboard,treats_snacks,2024-11-19
Magnum Mini Ice Cream Sticks Euphoria Pink Lemonade 6x55ml,£4.50,£1.36 / 100ml,£3.50,cupboard,treats_snacks,2024-11-19
Jude's Low Calorie Vanilla Bean And Salted Caramel Ice Cream...,£5.00,£1.32 / 100ml,£3.50,cupboard,treats_snacks,2024-11-19
"Sainsbury's Mascarpone & Raspberry Gelato, Taste the Differe...",£4.50,£1.13 / 100g,£4.00,cupboard,treats_snacks,2024-11-19
Little Moons Very Berry Mochi Sorbet Refreshos 6x32g,£5.00,£2.60 / 100ml,null,cupboard,treats_snacks,2024-11-19
Ben & Jerry's Chocolatey Love a Fair Ice Cream Tub 465ml,£5.20,£1.12 / 100ml,null,cupboard,treats_snacks,2024-11-19
"Sainsbury's Double Dipped Chocolate Caramel, Taste the Diffe...",£2.75,£1.02 / 100ml,null,cupboard,treats_snacks,2024-11-19
Carte D'or Ice Cream Dessert Tiramisu Inspired 825ml,£4.50,55p / 100ml,£3.00,cupboard,treats_snacks,2024-11-19
Lotus Biscoff White Chocolate Ice Cream Sticks 3x90ml,£3.90,£1.44 / 100ml,null,cupboard,treats_snacks,2024-11-19
Ben & Jerry's Vanilla Pecan Blondie Ice Cream Tub 465ml,£5.20,£1.12 / 100ml,null,cupboard,treats_snacks,2024-11-19
"Sainsbury's Salted Caramel Ice Cream, Taste the Difference 4...",£3.25,68p / 100ml,null,cupboard,treats_snacks,2024-11-19
Kulfi Ice Original Malai Flavour Kulfi Ice Cream with Real A...,£2.95,30p / 100ml,null,cupboard,treats_snacks,2024-11-19
Ben & Jerry's Ice Cream Minter Wonderland 465ml,£5.20,£1.12 / 100ml,null,cupboard,treats_snacks,2024-11-19
Cadbury Flake Ice Cream Tub 480ml,£4.75,99p / 100ml,null,cupboard,treats_snacks,2024-11-19
Oreo Ice Cream with Oreo Cookie Pieces x4 360ml,£4.00,£1.11 / 100ml,null,cupboard,treats_snacks,2024-11-19
Morelli Honeycomb Ice Cream 950ml,£4.40,46p / 100ml,null,cupboard,treats_snacks,2024-11-19
Jude's Rum & Raisin Ice Cream 460ml,£5.00,£1.09 / 100ml,null,cupboard,treats_snacks,2024-11-19
Kulfi Ice Pistachio Flavoured Kulfi Milk Ice Lollies with Re...,£2.95,84p / 100ml,null,cupboard,treats_snacks,2024-11-19
Ben & Jerry's Cookie Vermont-ster Sundae Chocolate Chip Ice ...,£5.50,£1.29 / 100ml,£3.00,cupboard,treats_snacks,2024-11-19
Ben & Jerry's Netflix & Chill'd Peanut Butter Ice Cream Tub ...,£5.20,£1.12 / 100ml,null,cupboard,treats_snacks,2024-11-19
"Sainsbury's Strawberries & Clotted Cream Ice Cream, Taste th...",£3.25,68p / 100ml,null,cupboard,treats_snacks,2024-11-19
Nuii Caramelised Salted Almond & New Zealand Honey 204g,£4.25,£1.57 / 100ml,£3.00,cupboard,treats_snacks,2024-11-19
Morelli Double Cream Vanilla Ice Cream 950ml,£4.40,46p / 100ml,null,cupboard,treats_snacks,2024-11-19
Cadbury Caramilk Ice Creams 4x90ml,£4.00,£1.11 / 100ml,null,cupboard,treats_snacks,2024-11-19
Magnum Classic Chocolate Ice Cream Tub 440ml,£5.00,£1.14 / 100ml,£3.00,cupboard,treats_snacks,2024-11-19
"Sainsbury's White Chocolate & Raspberry Ice Cream, Taste the...",£3.25,68p / 100ml,null,cupboard,treats_snacks,2024-11-19
Rowntree's Fruit Push Up Strawberry & Tropical 4x90ml,£2.50,69p / 100ml,£2.00,cupboard,treats_snacks,2024-11-19
Rowntree's Fruit Push Up Blackcurrant & Orange 4x90ml,£2.50,69p / 100ml,£2.00,cupboard,treats_snacks,2024-11-19
Haagen-Dazs Mango & Raspberry Stickbars Ice Cream 3x80ml,£4.25,£1.77 / 100ml,null,cupboard,treats_snacks,2024-11-19
Sainsbury's Vanilla Flavour Ice Cream 1L,£1.60,16p / 100ml,null,cupboard,treats_snacks,2024-11-19
Jude's Madagascan Vanilla Ice Cream 460ml,£5.00,£1.09 / 100ml,null,cupboard,treats_snacks,2024-11-19
Rowntree's Yogees 6x55ml,£2.50,76p / 100ml,£2.00,cupboard,treats_snacks,2024-11-19
Magnum Ice Cream Sticks Intense Dark 3x100ml,£4.00,£1.33 / 100ml,null,cupboard,treats_snacks,2024-11-19
Del Monte Raspberry & Vanilla Swirl 3x90ml,£2.75,£1.02 / 100ml,£2.00,cupboard,treats_snacks,2024-11-19
Del Monte Mango & Coconut Swir 3x90ml,£2.75,£1.02 / 100ml,£2.00,cupboard,treats_snacks,2024-11-19
Häagen-Dazs Macadamia Nut Brittle Ice Cream 460ml,£5.40,£1.17 / 100ml,null,cupboard,treats_snacks,2024-11-19
Carte D'or Ice Cream Dessert New York Cheesecake Inspired 82...,£4.50,55p / 100ml,£3.00,cupboard,treats_snacks,2024-11-19
Magnum Mini Vegan Classic & Almond Ice Cream Sticks x6 55 ml,£4.50,£1.36 / 100ml,£3.50,cupboard,treats_snacks,2024-11-19
Jude's Mint Chocolate Ice Cream 460ml,£5.00,£1.09 / 100ml,null,cupboard,treats_snacks,2024-11-19
Häagen-Dazs Caramel Biscuit & Cream 400g,£5.40,£1.17 / 100ml,null,cupboard,treats_snacks,2024-11-19
Jude's Low Cal Salted Caramel Ice Cream 460ml,£5.00,£1.09 / 100ml,£3.00,cupboard,treats_snacks,2024-11-19
"Sainsbury's Peanut & Caramel Gelato Tub, Taste the Differenc...",£4.50,£1.22 / 100g,£4.00,cupboard,treats_snacks,2024-11-19
Ben & Jerry's Chocolate Chip Cookie Dough Ice Cream Chunks 1...,£4.90,£2.88 / 100ml,£3.50,cupboard,treats_snacks,2024-11-19
Haagen-Dazs Red Velvet Cheesecake Ice Cream 420ml,£5.40,£1.29 / 100ml,null,cupboard,treats_snacks,2024-11-19
Ben & Jerry's Sundae Vegan Ice Cream Tub Non Dairy Oat of th...,£5.50,£1.29 / 100ml,£3.00,cupboard,treats_snacks,2024-11-19
Haagen-Dazs Mint Chocolate Ice Cream 420ml,£5.40,£1.29 / 100ml,null,cupboard,treats_snacks,2024-11-19
Haagen-Dazs Favourites Collection Ice Cream Minicups 4x95ml,£5.40,£1.42 / 100ml,null,cupboard,treats_snacks,2024-11-19
Jude's Honeycomb & Chocolate Ice Cream 460ml,£5.00,£1.09 / 100ml,null,cupboard,treats_snacks,2024-11-19
Trufru Strawberry in White & Milk Chocolate 227g,£5.00,£2.20 / 100g,null,cupboard,treats_snacks,2024-11-19
Cadbury Creme Egg Ice Cream Cones 4x100ml,£3.25,81p / 100ml,null,cupboard,treats_snacks,2024-11-19
Ferrero Raffaello Coconut Ice Cream Sticks Multipack 4x47g,£5.00,£2.66 / 100ml,£3.75,cupboard,treats_snacks,2024-11-19
"Sainsbury's Blonde Chocolate Ice Cream, Taste the Difference...",£3.25,68p / 100ml,null,cupboard,treats_snacks,2024-11-19
Trufru Raspberry in White & Dark Chocolate 227g,£5.00,£2.20 / 100g,null,cupboard,treats_snacks,2024-11-19
Nuii Ice Cream Aventure Coconut & Indian Mango 3x90ml,£4.25,£1.57 / 100ml,£3.00,cupboard,treats_snacks,2024-11-19
Ben & Jerry's Ice Cream Tub Spectacu Love 465ml,£5.50,£1.18 / 100ml,null,cupboard,treats_snacks,2024-11-19
Magnum Almond & White Chocolate Mini Ice Cream Stick 6x55ml,£4.50,£1.36 / 100ml,£3.50,cupboard,treats_snacks,2024-11-19
Nuii Ice Cream Adventure Caramel White Chocolate & Texan Pec...,£4.25,£1.57 / 100ml,£3.00,cupboard,treats_snacks,2024-11-19
Jude's Salted Caramel with Crunch & Swirl 3x80ml,£4.50,£1.88 / 100ml,null,cupboard,treats_snacks,2024-11-19
Ben & Jerry's Non Dairy Caramel Café Sundae Ice Cream Tub 42...,£5.50,£1.29 / 100ml,£3.00,cupboard,treats_snacks,2024-11-19
Chupa Chups Squeezee Freeze Pops Mixed Flavours 12x50ml,£1.40,26p / 100ml,null,cupboard,treats_snacks,2024-11-19
Halo Top Ice Cream Honeycomb Crunch 460ml,£5.25,£1.14 / 100ml,£3.75,cupboard,treats_snacks,2024-11-19
Magnum Tub Ice Cream Double Salted Caramel 440ml,£5.00,£1.14 / 100ml,£3.00,cupboard,treats_snacks,2024-11-19
Terry's Chocolate Orange Ice Cream 4x85ml,£4.50,£1.32 / 100ml,null,cupboard,treats_snacks,2024-11-19
Rowntree's Fruit Twisties Lollies 4x70ml,£2.50,89p / 100ml,£2.00,cupboard,treats_snacks,2024-11-19
"Sainsbury's Cloudy Apple Ice Lollies, Taste the Difference x...",£2.50,86p / 100ml,null,cupboard,treats_snacks,2024-11-19
Cadbury Dairy Milk Ice Cream 480ml,£4.00,83p / 100ml,£3.25,cupboard,treats_snacks,2024-11-19
Ben & Jerry's Sundae Choco Lotta Cheesecake Chocolate Ice Cr...,£5.50,£1.29 / 100ml,£3.00,cupboard,treats_snacks,2024-11-19
Jude’s Lower Calorie Salted Caramel Minis Multipack 6x50ml,£4.50,£1.50 / 100ml,null,cupboard,treats_snacks,2024-11-19
Jude's Low Calorie Plant Based Chocolate Brownie 460ml,£5.00,£1.09 / 100ml,£3.00,cupboard,treats_snacks,2024-11-19
Ben & Jerry's Ice Cream Cookie Dough Peaces 160ml,£4.75,£2.97 / 100ml,£3.50,cupboard,treats_snacks,2024-11-19
Haagen-Dazs Dulce De Leche Ice Cream 460ml,£5.40,£1.17 / 100ml,£3.75,cupboard,treats_snacks,2024-11-19
Cadbury Creme Egg Ice Creams 4x90ml,£4.00,£1.11 / 100ml,null,cupboard,treats_snacks,2024-11-19
Ben & Jerry's Ice Cream Salted Caramel Brownie Peaces 160ml,£4.75,£2.97 / 100ml,£3.50,cupboard,treats_snacks,2024-11-19
Ferrero Rocher White Chocolate & Hazelnut Ice Cream Sticks M...,£5.20,£1.86 / 100ml,£3.75,cupboard,treats_snacks,2024-11-19
Ben & Jerry's Dulce Dough Ice Cream Tubs Mini Cup Multipack ...,£5.35,£1.34 / 100ml,£4.00,cupboard,treats_snacks,2024-11-19
Ben & Jerry's Ice Cream Strawberry Cheesecake 465ml,£5.20,£1.12 / 100ml,null,cupboard,treats_snacks,2024-11-19
Cadbury Creme Egg Ice Cream Tub 480ml,£4.00,83p / 100ml,null,cupboard,treats_snacks,2024-11-19
Nuii White Chocolate & Scandinavian Mountain Cranberries 201...,£4.25,£1.57 / 100ml,£3.00,cupboard,treats_snacks,2024-11-19
Cadbury Fingers Milk Chocolate Biscuits 114g,£1.80,£1.58 / 100g,null,cupboard,treats_snacks,2024-11-19
Sainsbury's Highland All Butter Shortbread Finger Biscuits 2...,96p,48p / 100g,null,cupboard,treats_snacks,2024-11-19
Sainsbury's Rich Tea Biscuits 200g,45p,23p / 100g,null,cupboard,treats_snacks,2024-11-19
McVitie's Penguin Milk Chocolate Biscuit Bar Multipack 7x24....,£1.60,93p / 100g,null,cupboard,treats_snacks,2024-11-19
Sainsbury's Milk Chocolate Digestives 300g,85p,28p / 100g,null,cupboard,treats_snacks,2024-11-19
McVitie's Family Circle Biscuit Selection Variety Assortment...,£4.00,£1.00 / 100g,£2.50,cupboard,treats_snacks,2024-11-19
Sainsbury's Cream Cracker 300g,55p,18p / 100g,null,cupboard,treats_snacks,2024-11-19
Go Ahead Apple Fruit & Oat Bakes Snack Bars Multipack 6x35g,£1.75,83p / 100g,null,cupboard,treats_snacks,2024-11-19
McVitie's Digestives The Original Biscuits Twin Pack 2x360g,£3.00,42p / 100g,null,cupboard,treats_snacks,2024-11-19
Ritz Bakery the Original Cracker Box 150g,£1.25,83p / 100g,null,cupboard,treats_snacks,2024-11-19
Sainsbury's Grissini Bread Sticks 125g,£1.10,88p / 100g,null,cupboard,treats_snacks,2024-11-19
McVitie's Ginger Nut Biscuits 250g,£1.50,60p / 100g,null,cupboard,treats_snacks,2024-11-19
Cadbury Brunch Choc Chip 5x28g,£1.35,96p / 100g,null,cupboard,treats_snacks,2024-11-19
Jacob's Treeselets 280g,£2.50,89p / 100g,£2.00,cupboard,treats_snacks,2024-11-19
Wagon Wheels Jammie Chocolate Biscuit Bars x6,£1.35,59p / 100g,null,cupboard,treats_snacks,2024-11-19
KitKat 2 Finger Milk Chocolate Biscuit Bar Multipack 14x20.7...,£2.85,98p / 100g,£2.50,cupboard,treats_snacks,2024-11-19
McVitie's Milk Chocolate Digestives Biscuits Twin Pack 2x316...,£3.50,55p / 100g,£2.80,cupboard,treats_snacks,2024-11-19
Sainsbury's Ginger Snaps 300g,65p,22p / 100g,null,cupboard,treats_snacks,2024-11-19
Kallo Organic Lightly Salted Rice Cakes 130g,£1.60,£1.23 / 100g,null,cupboard,treats_snacks,2024-11-19
McVitie's Digestives The Original Biscuits 360g,£1.80,50p / 100g,null,cupboard,treats_snacks,2024-11-19
Jammie Dodgers Biscuits Raspberry Flavour 140g,90p,64p / 100g,55p,cupboard,treats_snacks,2024-11-19
Sainsbury's Chocolate Chip Cookies 250g,90p,36p / 100g,null,cupboard,treats_snacks,2024-11-19
Go Ahead Apple Crispy Fruit Slices Snack Bars Multipack 4x43...,£1.00,57p / 100g,null,cupboard,treats_snacks,2024-11-19
Carr's Melts Cheese Crackers 150g,£2.00,£1.33 / 100g,null,cupboard,treats_snacks,2024-11-19
Blue Riband Original Milk Chocolate Wafer Biscuit Bar Multip...,£1.00,93p / 100g,null,cupboard,treats_snacks,2024-11-19
Fox's Biscuits Chocolatey Milk Chocolate Rounds 130g,£2.25,£1.73 / 100g,null,cupboard,treats_snacks,2024-11-19
Fox's Biscuits Golden Crunch Creams 200g,£1.30,65p / 100g,null,cupboard,treats_snacks,2024-11-19
Fox's Biscuits Jam 'n' Cream Raspberry and Vanilla 150g,90p,60p / 100g,null,cupboard,treats_snacks,2024-11-19
Sainsbury's Jam Sandwich Creams 150g,55p,37p / 100g,null,cupboard,treats_snacks,2024-11-19
Oreo Vanilla Cookie Sandwich Biscuits 154g,£1.50,97p / 100g,90p,cupboard,treats_snacks,2024-11-19
Go Ahead Fruit & Oat Bakes Strawberry Biscuit Bars 6x35g,£1.75,83p / 100g,null,cupboard,treats_snacks,2024-11-19
McVitie's Jaffa Cakes Original Biscuits Cakes x10,£1.25,£1.14 / 100g,null,cupboard,treats_snacks,2024-11-19
McVitie's Club Orange Chocolate Biscuit Bars x7,£1.60,99p / 100g,£1.25,cupboard,treats_snacks,2024-11-19
McVitie's Digestives Milk Chocolate Biscuits 433g,£3.00,69p / 100g,null,cupboard,treats_snacks,2024-11-19
Nairn's Dark Chocolate Chip Oat Biscuit 200g,£1.60,80p / 100g,null,cupboard,treats_snacks,2024-11-19
Nature Valley Protein Peanut & Chocolate Cereal Bars 4x42g,£3.00,£1.88 / 100g,null,cupboard,treats_snacks,2024-11-19
Sainsbury's Dark Chocolate Digestives 300g,85p,28p / 100g,null,cupboard,treats_snacks,2024-11-19
McVitie's Victoria Chocolate Biscuits Selection Variety Asso...,£6.00,£1.09 / 100g,£4.50,cupboard,treats_snacks,2024-11-19
Tunnock's Milk Chocolate Teacakes Biscuits x10,£2.75,£1.72 / 100g,null,cupboard,treats_snacks,2024-11-19
Cadbury Chocolate Mini Fingers Biscuits pack 5x19.3g,£1.25,£1.30 / 100g,null,cupboard,treats_snacks,2024-11-19
McVitie's Jaffa Cakes Original Biscuits Snack Pack 6x3 198g,£2.00,91p / 100g,null,cupboard,treats_snacks,2024-11-19
Jacob's Cream Crackers 300g,£1.70,57p / 100g,null,cupboard,treats_snacks,2024-11-19
Sainsbury's Milk Chocolate Mini Rice Cakes 4x30g,£1.90,£1.58 / 100g,null,cupboard,treats_snacks,2024-11-19
Jacob's Baked Cheddars Cheese Crackers 150g,£1.50,£1.00 / 100g,£1.00,cupboard,treats_snacks,2024-11-19
Sainsbury's Fig Rolls 200g,55p,28p / 100g,null,cupboard,treats_snacks,2024-11-19
McVitie's Jaffa Cakes Original Twin Pack Biscuits x20,£2.00,84p / 100g,£1.50,cupboard,treats_snacks,2024-11-19
Belvita Choc Chips Soft Bakes 250g,£2.75,£1.10 / 100g,null,cupboard,treats_snacks,2024-11-19
Sainsbury's Cheddar Cheese Twists 125g,£1.45,£1.16 / 100g,null,cupboard,treats_snacks,2024-11-19
McVitie's Milk Chocolate Digestives Biscuits 266g,£1.90,71p / 100g,£1.50,cupboard,treats_snacks,2024-11-19
Nature Valley Crunchy Oats & Honey Cereal Bars 5x42g,£2.50,£1.19 / 100g,null,cupboard,treats_snacks,2024-11-19
Eat Natural Protein Peanuts Dark Chocolate Fruit & Nut Cerea...,£2.40,£2.00 / 100g,null,cupboard,treats_snacks,2024-11-19
Go Ahead Yoghurt Breaks Forest Fruit Snack Bars 4x35.5g,£1.75,£1.23 / 100g,null,cupboard,treats_snacks,2024-11-19
"Deliciously Ella Apple, Raisin & Cinnamon Oat Bars 3x50g",£2.65,£1.77 / 100g,null,cupboard,treats_snacks,2024-11-19
Jordans Frusli Juicy Red Berry Chewy Cereal Bars 6x30g,£2.30,£1.28 / 100g,null,cupboard,treats_snacks,2024-11-19
Graze Lemon & Blueberry Superfood Oat Square Bites with Baob...,£2.75,£2.29 / 100g,null,cupboard,treats_snacks,2024-11-19
Bahlsen Pick Up! Milk Chocolate Biscuit Bars 5x28g,£1.65,£1.18 / 100g,null,cupboard,treats_snacks,2024-11-19
Lotus Biscoff Biscuit 16x248g,£1.70,69p / 100g,null,cupboard,treats_snacks,2024-11-19
Cadbury Snack Shortcake Chocolate Biscuits Multipack x6 120g,£1.25,£1.04 / 100g,£1.00,cupboard,treats_snacks,2024-11-19
Go Ahead Forest Fruit Crispy Fruit Slices Multipack Snack Ba...,£1.00,57p / 100g,null,cupboard,treats_snacks,2024-11-19
"Sainsbury’s Triple Belgian Chocolate Cookies, Taste the Diff...",£1.80,45p / ea,null,cupboard,treats_snacks,2024-11-19
Cadbury Chocolate Animals Biscuits pack 5x19.9g,£1.25,£1.26 / 100g,null,cupboard,treats_snacks,2024-11-19
Sainsbury's Custard Cream Twists with a Gingerbread Flavour ...,65p,43p / 100g,null,cupboard,treats_snacks,2024-11-19
Sainsbury's Milk Chocolate Cookies x5,£1.50,30p / ea,£1.15,cupboard,treats_snacks,2024-11-19
Go Ahead Raspberry Crispy Fruit Slices Multipack Snack Bars ...,£1.00,57p / 100g,null,cupboard,treats_snacks,2024-11-19
Fox's Biscuits Party Rings 125g,90p,72p / 100g,null,cupboard,treats_snacks,2024-11-19
Belvita Breakfast Biscuits Cocoa Chocolate Chip Pack x5 225g,£1.25,56p / 100g,null,cupboard,treats_snacks,2024-11-19
"Sainsbury's Rich Tea Fingers, Fingers 250g",70p,28p / 100g,null,cupboard,treats_snacks,2024-11-19
Kellogg's Rice Krispies Squares Delightfully Chocolatey Snac...,£2.25,£1.56 / 100g,£1.50,cupboard,treats_snacks,2024-11-19
Kellogg's Rice Krispies Squares Marshmallow Snack Bars 4x28g,£2.25,£2.01 / 100g,£1.50,cupboard,treats_snacks,2024-11-19
Barny Chocolate Soft Baked Bears Biscuits Multipack x5 125g,£1.25,£1.00 / 100g,null,cupboard,treats_snacks,2024-11-19
Ryvita Crispbread Dark Rye Crackers 250g,£1.60,64p / 100g,null,cupboard,treats_snacks,2024-11-19
Jacob's Cream Cracker 2x200g,£2.00,50p / 100g,null,cupboard,treats_snacks,2024-11-19
Jammie Dodgers Biscuits Minis x6,£1.50,£1.25 / 100g,£1.25,cupboard,treats_snacks,2024-11-19
Jordans Frusli Juicy Blueberries Cereal Bars 6x30g,£2.30,£1.28 / 100g,null,cupboard,treats_snacks,2024-11-19
McVitie's Rich Tea The Classic One Twin Pack 2x300g,£3.00,50p / 100g,null,cupboard,treats_snacks,2024-11-19
McVitie's Dark Chocolate Digestives Biscuits Twin Pack 2x316...,£3.50,55p / 100g,£2.80,cupboard,treats_snacks,2024-11-19
Cadbury White Chocolate Fingers Biscuits 114g,£1.80,£1.58 / 100g,null,cupboard,treats_snacks,2024-11-19
"Graze Protein Bites, Cocoa Vanilla Oat Squares 4x30g",£2.75,£2.29 / 100g,null,cupboard,treats_snacks,2024-11-19
Cadbury Brunch Raisin 5x28g,£1.35,96p / 100g,null,cupboard,treats_snacks,2024-11-19
Fox's Biscuits Party Rings Minis x6,£1.50,£1.19 / 100g,null,cupboard,treats_snacks,2024-11-19
Sainsbury's Milk Chocolate Rice Cakes 4x35.75g,£1.90,£1.27 / 100g,null,cupboard,treats_snacks,2024-11-19
LU Le Petit Chocolat Chocolate Biscuits 150g,£2.00,£1.33 / 100g,£1.00,cupboard,treats_snacks,2024-11-19
McVitie's Mini Gingerbread Men Multipack Biscuits 6x19g,£1.25,£1.08 / 100g,null,cupboard,treats_snacks,2024-11-19
Nairn's Rough Oatcake 291g,£1.10,38p / 100g,null,cupboard,treats_snacks,2024-11-19
McVitie's Fruit Shortcake Biscuits 200g,£1.50,75p / 100g,null,cupboard,treats_snacks,2024-11-19
Sainsbury's Bourbon Twists with a Black Forest Flavour Cream...,65p,43p / 100g,null,cupboard,treats_snacks,2024-11-19
Wagon Wheels Original Chocolate Biscuit Bars x6,£1.35,63p / 100g,null,cupboard,treats_snacks,2024-11-19
Eat Natural Dark Chocolate with Cranberries Macadamias Fruit...,£2.40,£2.00 / 100g,null,cupboard,treats_snacks,2024-11-19
Kallo Lightly Salted Corn Cakes 130g,£1.50,£1.15 / 100g,null,cupboard,treats_snacks,2024-11-19
Cadbury Timeout Wafer Chocolate Biscuit Bars Pack x6 108g,£1.40,£1.30 / 100g,null,cupboard,treats_snacks,2024-11-19
"Fox's Rocky Chocolate Biscuit Bars Multipack, 7 Pack, 7x19g",£1.50,£1.10 / 100g,null,cupboard,treats_snacks,2024-11-19
Twix Caramel & Milk Chocolate Fingers Biscuit Snack Bars Mul...,£2.85,£1.58 / 100g,null,cupboard,treats_snacks,2024-11-19
McVitie's Digestives Dark Chocolate Biscuits 433g,£3.00,69p / 100g,null,cupboard,treats_snacks,2024-11-19
McVitie's Jaffa Cakes Original Triple Pack Biscuits x33,£3.00,75p / 100g,null,cupboard,treats_snacks,2024-11-19
"Sainsbury's Water Biscuits, High Bake 200g",£1.10,55p / 100g,null,cupboard,treats_snacks,2024-11-19
Go Ahead Yogurt Breaks Strawberry Snack Bars 4x35.5g,£1.75,£1.23 / 100g,null,cupboard,treats_snacks,2024-11-19
Maryland Minis Cookies Double Choc x6 118.8g,£1.50,£1.26 / 100g,null,cupboard,treats_snacks,2024-11-19
McVitie's Rich Tea Biscuits 300g,£1.80,60p / 100g,null,cupboard,treats_snacks,2024-11-19
Jacob's TUC Original Snack Crackers 150g,£1.50,£1.00 / 100g,£1.00,cupboard,treats_snacks,2024-11-19
Nairn's Cheese Oatcakes 200g,£1.60,80p / 100g,£1.20,cupboard,treats_snacks,2024-11-19
Border Dark Chocolate & Ginger Biscuits 150g,£1.90,£1.27 / 100g,£1.25,cupboard,treats_snacks,2024-11-19
Sainsbury's Lebkuchen Stars 250g,£1.50,60p / 100g,£1.25,cupboard,treats_snacks,2024-11-19
KitKat 2 Finger White Chocolate Biscuit Bar Multipack x9 186...,£2.20,£1.18 / 100g,null,cupboard,treats_snacks,2024-11-19
Sainsbury's Biscuits For Cheese 500g,£3.65,73p / 100g,null,cupboard,treats_snacks,2024-11-19
Sainsbury's White Chocolate Cookies x5,£1.50,30p / ea,£1.15,cupboard,treats_snacks,2024-11-19
Jacob's Cream Crackers High Fibre 200g,£1.70,85p / 100g,null,cupboard,treats_snacks,2024-11-19
Graze Cherry Bakewell Fibre Oat Boosts 4x30g,£2.75,£2.29 / 100g,null,cupboard,treats_snacks,2024-11-19
"Sainsbury's Stem Ginger Cookies, Taste the Difference 200g",£2.25,£1.13 / 100g,null,cupboard,treats_snacks,2024-11-19
McVitie's Hobnobs Milk Chocolate Biscuits 262g,£1.90,73p / 100g,£1.50,cupboard,treats_snacks,2024-11-19
Ryvita Original Crispbread Crackers 250g,£1.60,64p / 100g,null,cupboard,treats_snacks,2024-11-19
McVitie's Jamaica Ginger Cake 245g,£1.50,£6.12 / kg,£1.00,cupboard,treats_snacks,2024-11-19
Sainsbury’s Mini Breadsticks 100g,£1.10,£1.10 / 100g,null,cupboard,treats_snacks,2024-11-19
Sainsbury's Garibaldi Biscuits 200g,£1.25,63p / 100g,null,cupboard,treats_snacks,2024-11-19
The Snack Organisation Sweet Chilli Rice Crackers 100g,£1.15,£1.15 / 100g,null,cupboard,treats_snacks,2024-11-19
Nakd Blueberry Muffin Fruit & Nut Bars 4x35g,£3.00,£2.14 / 100g,£2.20,cupboard,treats_snacks,2024-11-19
Mr Kipling Vienesse Whirl Cakes x6,£2.50,42p / ea,£1.25,cupboard,treats_snacks,2024-11-19
McVitie's Club Mint Chocolate Biscuit Bars 7x23g,£1.60,99p / 100g,£1.25,cupboard,treats_snacks,2024-11-19
Sainsbury's Bourbon 200g,43p,22p / 100g,null,cupboard,treats_snacks,2024-11-19
Oreo Double Stuff Cookie Sandwich Biscuits 157g,£1.50,96p / 100g,90p,cupboard,treats_snacks,2024-11-19
Maryland Cookies Chocolate Chip Twin Pack,£2.50,63p / 100g,£2.00,cupboard,treats_snacks,2024-11-19
Nature Valley Crunchy Variety Pack Cereal Bars 10x42g,£3.50,83p / 100g,null,cupboard,treats_snacks,2024-11-19
Sainsbury's Digestives 400g,65p,16p / 100g,null,cupboard,treats_snacks,2024-11-19
"Sainsbury's Low Fat Rice Cake, Be Good To Yourself 135g",£1.30,96p / 100g,null,cupboard,treats_snacks,2024-11-19
Eat Natural Almond Apricot with a Yoghurt Coating Fruit & Nu...,£2.40,£2.00 / 100g,null,cupboard,treats_snacks,2024-11-19
McVitie's Hobnobs The Oaty One 255g,£1.50,59p / 100g,null,cupboard,treats_snacks,2024-11-19
Carr's Melts Original Crackers 150g,£2.00,£1.33 / 100g,null,cupboard,treats_snacks,2024-11-19
Nature Valley Sweet & Salty Dark Chocolate & Nut Cereal Bars...,£1.75,£1.46 / 100g,null,cupboard,treats_snacks,2024-11-19
Sainsbury's Malted Milk Biscuits 200g,55p,28p / 100g,null,cupboard,treats_snacks,2024-11-19
Crosta & Mollica Classic Torinesi Breadsticks 120g,£1.55,£1.29 / 100g,null,cupboard,treats_snacks,2024-11-19
Kellogg's Coco Pops Breakfast Cereal Bars 6x20g,£1.35,£1.13 / 100g,null,cupboard,treats_snacks,2024-11-19
Marmite Yeast Extract Rice Cakes 110g,£2.00,£1.82 / 100g,null,cupboard,treats_snacks,2024-11-19
Nature Valley Protein Salted Caramel & Nut Cereal Bars 4x42g,£3.00,£1.88 / 100g,null,cupboard,treats_snacks,2024-11-19
Sainsbury's All Butter Chocolate Chip Shortbread 175g,£1.25,71p / 100g,null,cupboard,treats_snacks,2024-11-19
Mcvitie's Light Rich Tea Biscuits 300g,£1.80,60p / 100g,null,cupboard,treats_snacks,2024-11-19
McVitie's Dark Chocolate Digestive Biscuits 266g,£1.90,71p / 100g,£1.50,cupboard,treats_snacks,2024-11-19
Sainsbury's Rough Oatcakes 250g,£1.00,40p / 100g,null,cupboard,treats_snacks,2024-11-19
Kellogg's Nutri-Grain Strawberry Snack Bar 6x37g,£2.30,£1.04 / 100g,null,cupboard,treats_snacks,2024-11-19
McVitie's Hobnobs Milk Choc Jumbo Pack Biscuits 431g,£3.00,70p / 100g,null,cupboard,treats_snacks,2024-11-19
Deliciously Ella Peanut Oat Bars 3x50g,£2.65,£1.77 / 100g,null,cupboard,treats_snacks,2024-11-19
Fox's Biscuits Chunkie Half Coated Chocolate Cookies 175g,£2.40,£1.37 / 100g,£1.25,cupboard,treats_snacks,2024-11-19
Jacob's Savours Salt & Black Pepper Crackers 200g,£1.90,95p / 100g,£1.25,cupboard,treats_snacks,2024-11-19
Nairn's Fine Oatcakes 218g,£1.10,50p / 100g,null,cupboard,treats_snacks,2024-11-19
Skinny Whip Mint & Dark Chocolate 5x20g,£1.15,£1.15 / 100g,null,cupboard,treats_snacks,2024-11-19
Snack a Jacks Jumbo Caramel Rice Cakes 159g,£2.25,£1.42 / 100g,£1.75,cupboard,treats_snacks,2024-11-19
Nakd Cocoa Orange Fruit & Nut Bars 4x35g,£3.00,£2.14 / 100g,£2.20,cupboard,treats_snacks,2024-11-19
Kellogg's Rice Krispies Breakfast Cereal Bars 6x20g,£1.35,£1.13 / 100g,null,cupboard,treats_snacks,2024-11-19
Alpen Strawberry & Yogurt Bar 145g,£1.25,86p / 100g,null,cupboard,treats_snacks,2024-11-19
Skinny Whip Toffee 5x20g,£1.15,£1.15 / 100g,null,cupboard,treats_snacks,2024-11-19
"Sainsbury's Biscuits for Cheese, Taste the Difference 250g",£4.20,£1.68 / 100g,null,cupboard,treats_snacks,2024-11-19
Kinder Bueno Milk Chocolate & Hazelnuts Bars Multipack 4x43g,£2.45,£1.42 / 100g,null,cupboard,treats_snacks,2024-11-19
Ryvita Crackerbread Original Crackers 200g,£1.60,80p / 100g,null,cupboard,treats_snacks,2024-11-19
"Fox's Rocky Chocolate Biscuit Bars Multipack, 7 Pack, 7x19.5...",£1.50,£1.10 / 100g,null,cupboard,treats_snacks,2024-11-19
Ryvita Thins Rosemary & Sea Salt Flatbread Crackers 125g,£2.00,£1.60 / 100g,null,cupboard,treats_snacks,2024-11-19
Bahlsen Choco Leibniz Milk 111g,£2.25,£2.03 / 100g,null,cupboard,treats_snacks,2024-11-19
Eat Natural Protein Peanuts Almonds Salted Caramel Fruit & N...,£2.40,£2.00 / 100g,null,cupboard,treats_snacks,2024-11-19
Deliciously Ella Baked Oat Bar Cacao & Almond 3x50g,£2.65,£1.77 / 100g,null,cupboard,treats_snacks,2024-11-19
Stoats Raspberry & Honey Porridge Oat Bars 4x42g,£2.30,£1.37 / 100g,null,cupboard,treats_snacks,2024-11-19
Bahlsen Choco Leibniz Dark 111g,£2.25,£2.03 / 100g,null,cupboard,treats_snacks,2024-11-19
Carr's Crackers Selection Variety Assortment x9 400g,£4.50,£1.13 / 100g,null,cupboard,treats_snacks,2024-11-19
Sainsbury's Mini Yogurt Coated Rice Cakes 4x30g,£1.70,£1.42 / 100g,null,cupboard,treats_snacks,2024-11-19
Snack a Jacks Jumbo Chocolate Chip Rice Cakes 180g,£2.25,£1.25 / 100g,£1.75,cupboard,treats_snacks,2024-11-19
McVitie's Gold Caramel Flavour Biscuit Bars Multipack 7x18.3...,£1.60,£1.25 / 100g,null,cupboard,treats_snacks,2024-11-19
Sainsbury's Free From Chocolate Chip Cookies 150g,£1.50,£1.00 / 100g,null,cupboard,treats_snacks,2024-11-19
Stoats Blueberry & Honey Porridge Oat Bars 4x42g,£2.30,£1.37 / 100g,null,cupboard,treats_snacks,2024-11-19
Jacob's Biscuits For Cheese Crackers 300g,£4.00,£1.33 / 100g,£3.00,cupboard,treats_snacks,2024-11-19
"Nairn's Wheat Free, Ginger Biscuits 200g",£1.60,80p / 100g,null,cupboard,treats_snacks,2024-11-19
McVitie's Hobnobs Milk Chocolate Biscuits Twin Pack 2x318g,£3.50,55p / 100g,£2.80,cupboard,treats_snacks,2024-11-19
Jacob's Cracker Crisps Sour Cream & Chive 150g,£1.35,90p / 100g,null,cupboard,treats_snacks,2024-11-19
Cadbury Brunch Peanut Bars 5x28g,£1.35,96p / 100g,null,cupboard,treats_snacks,2024-11-19
Nutella B-ready Chocolate Hazelnut Biscuit Snack Bars Multip...,£2.45,£1.86 / 100g,£1.85,cupboard,treats_snacks,2024-11-19
Oreo Vanilla Cookie Sandwich Biscuits Twin Pack 2x154g,£2.00,65p / 100g,null,cupboard,treats_snacks,2024-11-19
Snack a Jacks Salt & Vinegar Sharing Rice Cakes Crisps 117g,£2.25,£1.92 / 100g,£1.75,cupboard,treats_snacks,2024-11-19
Sainsbury's All Butter Shortbread Petticoat Tails 440g,£2.40,55p / 100g,null,cupboard,treats_snacks,2024-11-19
Walker's Shortbread Fingers x10 160g,£1.50,94p / 100g,£1.10,cupboard,treats_snacks,2024-11-19
Carr's Table Water Crackers 125g,£1.70,£1.36 / 100g,null,cupboard,treats_snacks,2024-11-19
Nairn's Chocolate Biscuit Breaks 160g,£2.00,£1.25 / 100g,null,cupboard,treats_snacks,2024-11-19
"Sainsbury's Shortbread Assortment All Butter Recipe, Taste t...",£3.95,99p / 100g,null,cupboard,treats_snacks,2024-11-19
Tunnock's Dark Chocolate Caramel Wafers 8x30g,£2.75,£1.15 / 100g,null,cupboard,treats_snacks,2024-11-19
Kellogg's Special K Bar Milk Chocolate 5x27g,£1.35,£1.13 / 100g,null,cupboard,treats_snacks,2024-11-19
Nature Valley Crunchy Oats & Dark Chocolate Cereal Bars 5x42...,£2.50,£1.19 / 100g,null,cupboard,treats_snacks,2024-11-19
Kallo Blueberry & Vanilla Rice & Corn Cakes 131g,£2.00,£1.53 / 100g,null,cupboard,treats_snacks,2024-11-19
"Sainsbury's Parmesan & Garlic Twists, Taste the Difference 1...",£2.00,£2.00 / 100g,null,cupboard,treats_snacks,2024-11-19
Belvita Breakfast Soft Bakes Blueberry Pack x5 250g,£2.75,£1.10 / 100g,null,cupboard,treats_snacks,2024-11-19
KitKat 2 Finger Milk Chocolate Biscuit Bar Multipack x21 434...,£3.60,83p / 100g,null,cupboard,treats_snacks,2024-11-19
Sainsbury's Salt & Vinegar Corn & Rice Cakes 130g,£1.30,£1.00 / 100g,null,cupboard,treats_snacks,2024-11-19
McVitie's Penguin Milk Chocolate Biscuit Bars x14,£2.50,73p / 100g,null,cupboard,treats_snacks,2024-11-19
McVitie's Penguin Orange Chocolate Biscuit Bars 7x36g,£1.60,93p / 100g,null,cupboard,treats_snacks,2024-11-19
McVitie's Hobnob's Biscuits The Oaty One Dark Chocolate 262g,£1.90,73p / 100g,£1.50,cupboard,treats_snacks,2024-11-19
"Sainsbury's Grissini Bread Sticks, Sesame Seed 125g",£1.00,80p / 100g,null,cupboard,treats_snacks,2024-11-19
Graze Vegan Sticky Toffee Oat Boosts Snack Bars 4x30g,£2.75,£2.29 / 100g,null,cupboard,treats_snacks,2024-11-19
Fox's Biscuits Chunkie Triple Chocolate Cookies 180g,£2.40,£1.33 / 100g,£1.25,cupboard,treats_snacks,2024-11-19
Nairn's Super Seeded Organic Oatcakes 200g,£1.60,80p / 100g,null,cupboard,treats_snacks,2024-11-19
McVitie's Iced Gems Multipack Biscuits 5x23g,£1.25,£1.09 / 100g,null,cupboard,treats_snacks,2024-11-19
McVitie's Milk Chocolate Digestive Biscuits the Caramel One ...,£2.00,80p / 100g,£1.50,cupboard,treats_snacks,2024-11-19
"Sainsbury’s Belgian Milk Chocolate Cookies, Taste the Differ...",£1.80,45p / ea,null,cupboard,treats_snacks,2024-11-19
Belvita Breakfast Biscuits Strawberry & Yogurt Crunch Pack x...,£2.75,£1.09 / 100g,£1.50,cupboard,treats_snacks,2024-11-19
Jacob's Cracker Crisps Salt & Balsamic Sharing Bag Snacks 15...,£1.35,90p / 100g,null,cupboard,treats_snacks,2024-11-19
Belvita Breakfast Honey & Nut with Choc Chips 225g,£1.25,56p / 100g,null,cupboard,treats_snacks,2024-11-19
Peter's Yard Original Sourdough Crackers 90g,£2.50,£2.78 / 100g,£2.00,cupboard,treats_snacks,2024-11-19
Kellogg's Nutri-Grain Bakes Chocolate Snack Bar 6x45g,£2.50,93p / 100g,£1.75,cupboard,treats_snacks,2024-11-19
Jacob's Biscuits For Cheese Variety Assortment x7 450g,£4.50,£1.00 / 100g,£4.00,cupboard,treats_snacks,2024-11-19
McVitie's Penguin Mint Chocolate Biscuit Bar x7,£1.60,93p / 100g,null,cupboard,treats_snacks,2024-11-19
"Sainsbury’s Salted Caramel & Belgian Milk Chocolate Cookies,...",£1.80,45p / ea,null,cupboard,treats_snacks,2024-11-19
Nature Valley Crunchy Oats & Maple Syrup Cereal Bars 5x42g,£2.50,£1.19 / 100g,null,cupboard,treats_snacks,2024-11-19
KitKat 2 Finger Orange Chocolate Biscuit Bar Multipack 9x20....,£2.20,£1.18 / 100g,null,cupboard,treats_snacks,2024-11-19
Kellogg's Special K Juicy Red Berry Snack Bars 6x21.5g,£1.35,£1.05 / 100g,null,cupboard,treats_snacks,2024-11-19
Sesame Snaps x4 pack,£1.10,92p / 100g,null,cupboard,treats_snacks,2024-11-19
Sainsbury's Double Chocolate Cookies x5,£1.50,30p / ea,£1.15,cupboard,treats_snacks,2024-11-19
Nairn's Gluten Free Oaties Biscuits 160g,£1.40,88p / 100g,null,cupboard,treats_snacks,2024-11-19
Sainsbury's Shortcake 200g,55p,28p / 100g,null,cupboard,treats_snacks,2024-11-19
Organix Gruffalo Biscuits Toddler Snacks Multipack 12 months...,£2.80,£2.80 / 100g,null,cupboard,treats_snacks,2024-11-19
Maryland Cookies Vegan Chocolate Chip 200g,£1.70,85p / 100g,null,cupboard,treats_snacks,2024-11-19
TREK Cocoa Oat Protein Flapjacks 3 x 50g,£3.60,£2.40 / 100g,null,cupboard,treats_snacks,2024-11-19
Lyons Mint Cream Viscount Biscuits 98g,70p,71p / 100g,null,cupboard,treats_snacks,2024-11-19
Eat Natural Protein Peanuts Orange Dark Chocolate Fruit & Nu...,£2.40,£2.00 / 100g,null,cupboard,treats_snacks,2024-11-19
Tuc Crackers Savoury Sandwich 150g,£1.70,£1.13 / 100g,null,cupboard,treats_snacks,2024-11-19
Schar Gluten Free Crispbread 150g,£1.50,£1.00 / 100g,null,cupboard,treats_snacks,2024-11-19
Belvita Breakfast Milk & Cereals 225g,£1.25,56p / 100g,null,cupboard,treats_snacks,2024-11-19
Kallo Protein Packed Lentil Cakes 100g,£2.25,£2.25 / 100g,null,cupboard,treats_snacks,2024-11-19
The Snack Organisation Barbeque Rice Crackers 100g,£1.15,£1.15 / 100g,null,cupboard,treats_snacks,2024-11-19
Deliciously Ella Cacao & Orange Oat Bars 3x50g,£2.65,£1.77 / 100g,null,cupboard,treats_snacks,2024-11-19
Deliciously Ella Hazelnut Pecan & Maple Oat Bars 3x50g,£2.65,£1.77 / 100g,null,cupboard,treats_snacks,2024-11-19
Kind Protein Dark Chocolate Nut Snack Bars Multipack 3x42g,£3.50,£2.78 / 100g,null,cupboard,treats_snacks,2024-11-19
Hovis Digestive Biscuits 250g,£1.50,60p / 100g,null,cupboard,treats_snacks,2024-11-19
Sainsbury's Free From Ginger Crunch Cookies 150g,£1.50,£1.00 / 100g,null,cupboard,treats_snacks,2024-11-19
Nairn's Cracked Black Pepper Wholegrain Crackers 137g,£2.00,£1.46 / 100g,null,cupboard,treats_snacks,2024-11-19
Cadbury Time Out 5 Roundie 150g,£2.00,£1.33 / 100g,null,cupboard,treats_snacks,2024-11-19
Nakd Berry Delight Fruit & Nut Bars 4x35g,£3.00,£2.14 / 100g,£2.20,cupboard,treats_snacks,2024-11-19
Sainsbury's Custard Cream Twists with Banoffee Flavour Cream...,65p,43p / 100g,null,cupboard,treats_snacks,2024-11-19
Tracker Oats & Grains Chocolate & Peanut Bars 5x23g,£2.00,£1.74 / 100g,null,cupboard,treats_snacks,2024-11-19
Graze Cocoa & Orange Superfood Oat Square Bites with Cacao N...,£2.75,£2.29 / 100g,null,cupboard,treats_snacks,2024-11-19
McVitie's Digestives Biscuits The Light One 250g,£1.80,72p / 100g,null,cupboard,treats_snacks,2024-11-19
Fox’s Biscuits Fabulous Milk Chocolate Cookies 180g,£2.40,£1.37 / 100g,£1.25,cupboard,treats_snacks,2024-11-19
"Sainsbury's Dark Chocolate & Ginger Cookies, Taste the Diffe...",£2.25,£1.13 / 100g,null,cupboard,treats_snacks,2024-11-19
Border Biscuits Sharing Pack 400g,£4.25,£1.06 / 100g,£3.50,cupboard,treats_snacks,2024-11-19
Nairns Gluten Free Oatcakes 213g,£2.00,94p / 100g,null,cupboard,treats_snacks,2024-11-19
McVitie's Chocolate Digestive Mini's Multipack Biscuits 5x95...,£1.25,£1.32 / 100g,null,cupboard,treats_snacks,2024-11-19
Sainsbury's All Butter Shortbread Selection 500g,£5.00,£1.00 / 100g,null,cupboard,treats_snacks,2024-11-19
Ryvita Crispbread Multigrain Crackers 250g,£1.60,64p / 100g,null,cupboard,treats_snacks,2024-11-19
Sainsbury's Coconut Rings 200g,80p,40p / 100g,null,cupboard,treats_snacks,2024-11-19
Flipz Milk Chocolate Covered Pretzels 90g,£1.50,£1.67 / 100g,null,cupboard,treats_snacks,2024-11-19
"Sainsbury's Milk, Dark & White Chocolate Biscuits 400g",£5.75,£1.44 / 100g,£3.95,cupboard,treats_snacks,2024-11-19
Sainsbury's Corn Thins 180g,£1.35,75p / 100g,null,cupboard,treats_snacks,2024-11-19
KitKat 2 Finger Dark Mint Chocolate Biscuit Bar Multipack x9...,£2.20,£1.18 / 100g,null,cupboard,treats_snacks,2024-11-19
LU Le Petit Beurre Salted Butter Biscuits 167g,£2.00,£1.20 / 100g,£1.00,cupboard,treats_snacks,2024-11-19
McVitie's Iced Gems Chocolate Multipack Biscuits 5x19g,£1.25,£1.32 / 100g,null,cupboard,treats_snacks,2024-11-19
Sainsbury's Milk Chocolate Lebkuchen Hearts with an Apricot ...,£1.50,60p / 100g,£1.25,cupboard,treats_snacks,2024-11-19
McVitie's Gingerbread Flavour Milk Chocolate Digestive Biscu...,£1.90,71p / 100g,£1.50,cupboard,treats_snacks,2024-11-19
McVitie's Club Salted Caramel Flavour Chocolate Biscuit Bars...,£1.60,99p / 100g,£1.25,cupboard,treats_snacks,2024-11-19
Sainsbury's Mini Breadsticks Packs 6x20g,£1.40,£1.17 / 100g,null,cupboard,treats_snacks,2024-11-19
Cadbury Bournville Brunch Choc Chip 5x28g,£1.35,96p / 100g,null,cupboard,treats_snacks,2024-11-19
McVitie's Gold Digestive Biscuits 232g,£1.90,82p / 100g,£1.50,cupboard,treats_snacks,2024-11-19
Jammie Dodgers 16 Biscuits Raspberry Flavour 280g,£1.35,48p / 100g,null,cupboard,treats_snacks,2024-11-19
Graze Protein Oat Boosts Honey Cereal Bars 4x30g,£2.75,£1.91 / 100g,null,cupboard,treats_snacks,2024-11-19
Sainsbury's Custard Creams 200g,32p,16p / 100g,null,cupboard,treats_snacks,2024-11-19
Nakd Cocoa Hazelnut Protein Bars 3x45g,£3.00,£2.22 / 100g,£2.20,cupboard,treats_snacks,2024-11-19
Kellogg's Frosties Breakfast Cereal Bars 6x20g,£1.35,90p / 100g,null,cupboard,treats_snacks,2024-11-19
Jacob's Original Cream Crackers 200g,£1.30,65p / 100g,null,cupboard,treats_snacks,2024-11-19
Go Ahead FibreJacks Raspberry Multipack Snack Bars 118.9g,£2.00,£1.68 / 100g,null,cupboard,treats_snacks,2024-11-19
Border Dark Chocolate Ginger Chocolate Bars x 6 144g,£1.85,£1.28 / 100g,£1.25,cupboard,treats_snacks,2024-11-19
Cadbury Brunch Light Honey & Oat 5x26g,£1.35,£1.04 / 100g,null,cupboard,treats_snacks,2024-11-19
Ritz Bakery Cheese Flavour Cracker Box 140g,£1.25,89p / 100g,null,cupboard,treats_snacks,2024-11-19
Snack a Jacks Sour Cream & Chive Sharing Rice Cakes 117g,£2.25,£1.92 / 100g,£1.75,cupboard,treats_snacks,2024-11-19
Fox's Biscuits Ginger Crunch Creams 200g,£1.30,65p / 100g,null,cupboard,treats_snacks,2024-11-19
Belvita Breakfast Biscuits 30% Less Sugar Choc Chip Pack x5 ...,£1.25,56p / 100g,null,cupboard,treats_snacks,2024-11-19
Kallo Beetrooot Veggie Cake 122g,£2.75,£2.25 / 100g,£2.00,cupboard,treats_snacks,2024-11-19
Sainsbury's Melba Toast 100g,£1.20,£1.20 / 100g,null,cupboard,treats_snacks,2024-11-19
Sainsburys Breadstick Selection 120g,£1.75,£1.46 / 100g,null,cupboard,treats_snacks,2024-11-19
Toffee Crisp Milk Chocolate Biscuit Bar Multipack 7x18.7g,£1.35,£1.03 / 100g,null,cupboard,treats_snacks,2024-11-19
Nature Valley Sweet & Salty Roasted Peanut Cereal Bars 4x40g,£1.75,£1.46 / 100g,null,cupboard,treats_snacks,2024-11-19
"Sainsbury's Savoury Selection, Taste the Difference 115g",£2.25,£1.96 / 100g,null,cupboard,treats_snacks,2024-11-19
Kinder Cards Chocolate & Milk Wafer Biscuit Multipack 8x12.8...,£2.15,£2.10 / 100g,£1.75,cupboard,treats_snacks,2024-11-19
Ryvita Crispbread Sesame Crackers 250g,£1.60,64p / 100g,null,cupboard,treats_snacks,2024-11-19
Nairn's Gluten Free Biscuit Breaks Oats & Stem Ginger 160g,£2.00,£1.25 / 100g,null,cupboard,treats_snacks,2024-11-19
Fox's Biscuits Chocolatey White Chocolate Rounds 130g,£2.25,£1.73 / 100g,null,cupboard,treats_snacks,2024-11-19
Graze Protein Oat Bites Cereal Bars Peanut Butter & Chocolat...,£2.75,£2.29 / 100g,null,cupboard,treats_snacks,2024-11-19
Krisprolls Wholegrain 225g,£1.90,84p / 100g,£1.50,cupboard,treats_snacks,2024-11-19
LU Le Petit Cookie with Chunky Rich Chocolate Chips 184g,£2.00,£1.09 / 100g,£1.00,cupboard,treats_snacks,2024-11-19
Eat Natural Vegan Peanuts Coconut Dark Chocolate Fruit & Nut...,£2.40,£2.00 / 100g,null,cupboard,treats_snacks,2024-11-19
Nairn's Biscuit Break Oat & Fruit 160g,£2.00,£1.25 / 100g,null,cupboard,treats_snacks,2024-11-19
Skinny Whip Chocolate Orange 5x20g,£1.15,£1.15 / 100g,null,cupboard,treats_snacks,2024-11-19
Fox's Favourites Biscuit Selection 350g,£3.25,93p / 100g,£2.75,cupboard,treats_snacks,2024-11-19
Deliciously Ella Lemon & Poppy Seed Oat Bars 3x50g,£2.65,£1.77 / 100g,null,cupboard,treats_snacks,2024-11-19
Sainsbury's Nice Biscuits 200g,55p,28p / 100g,null,cupboard,treats_snacks,2024-11-19
Nairns Gluten Free Cheese Oatcakes 180g,£2.00,£1.11 / 100g,null,cupboard,treats_snacks,2024-11-19
"Sainsbury's Cheddar Cheese Crispies, Taste the Difference 10...",£1.85,£1.85 / 100g,null,cupboard,treats_snacks,2024-11-19
Nakd Peanut Delight Fruit & Nut Bars 4 x 35g,£3.00,£2.14 / 100g,£2.20,cupboard,treats_snacks,2024-11-19
Sainsbury's Mini Cheddar Cheese Twists 125g,£1.65,£1.32 / 100g,null,cupboard,treats_snacks,2024-11-19
Jacob's Bites Mature Cheddar & Onion Crackers 125g,£2.00,£1.60 / 100g,null,cupboard,treats_snacks,2024-11-19
McVitie's Fig Rolls Biscuits 200g,£1.50,75p / 100g,null,cupboard,treats_snacks,2024-11-19
Eat Natural Fibre Dark Chocolate Sea Salt Fruit & Nut Cereal...,£2.40,£2.00 / 100g,null,cupboard,treats_snacks,2024-11-19
Ryvita Thins Multi Seed Flatbread Crackers 125g,£2.20,£1.76 / 100g,null,cupboard,treats_snacks,2024-11-19
Jacob's Cream Cracker Snackpack x8 185g,£2.10,£1.14 / 100g,null,cupboard,treats_snacks,2024-11-19
Nairn's Marmite & Cheese Oatcakes 200g,£2.00,£1.00 / 100g,null,cupboard,treats_snacks,2024-11-19
Sainsbury's Shorties 300g,95p,32p / 100g,null,cupboard,treats_snacks,2024-11-19
Nature Valley Crunchy Variety Pack Cereal Bars 5x42g,£2.50,£1.19 / 100g,null,cupboard,treats_snacks,2024-11-19
Jacob's Cornish Wafers Crackers 150g,£1.70,£1.13 / 100g,null,cupboard,treats_snacks,2024-11-19
Sainsbury's Chocolate Presents Biscuit Tree Tin 200g,£5.00,£2.50 / 100g,£4.00,cupboard,treats_snacks,2024-11-19
Kellogg's Nutri-Grain Bakes Raisin Snack Bar 6x45g,£2.50,93p / 100g,£1.75,cupboard,treats_snacks,2024-11-19
Skinny Whip Double Choc 5x20g,£1.15,£1.15 / 100g,null,cupboard,treats_snacks,2024-11-19
Mikado Milk Chocolate Biscuits 75g,£1.40,£1.87 / 100g,null,cupboard,treats_snacks,2024-11-19
KitKat 2 Finger Caramel Chocolate Biscuit Bar Multipack 9x20...,£2.20,£1.18 / 100g,null,cupboard,treats_snacks,2024-11-19
Sainsbury's Rosemary Crackers 185g,£1.30,70p / 100g,null,cupboard,treats_snacks,2024-11-19
Sainsbury's Sweet Biscuit Assortment 400g,£2.60,65p / 100g,null,cupboard,treats_snacks,2024-11-19
Belvita Choco Hazelnut Flavour Soft Bakes 250g,£2.75,£1.10 / 100g,£1.50,cupboard,treats_snacks,2024-11-19
"Sainsbury's Chocolate Chunk & Hazelnut Cookies, Taste the Di...",£2.25,£1.13 / 100g,null,cupboard,treats_snacks,2024-11-19
Caxton Pink & White Wafers 85g,75p,88p / 100g,null,cupboard,treats_snacks,2024-11-19
Organix Gingerbread Men Biscuits Toddler Snacks 12 months+ 1...,£2.50,£1.85 / 100g,£2.25,cupboard,treats_snacks,2024-11-19
Sainsbury's Poppy & Sesame Biscuit 150g,£1.10,73p / 100g,null,cupboard,treats_snacks,2024-11-19
Finn Crisp Original Crispbread 200g,£1.40,70p / 100g,null,cupboard,treats_snacks,2024-11-19
Organix Farm Animal Biscuits Toddler Snacks 12 months+ 100g,£2.00,£2.00 / 100g,null,cupboard,treats_snacks,2024-11-19
Fox's Biscuits Viennese Milk Chocolate Dipped Fingers,£2.25,£2.14 / 100g,£1.75,cupboard,treats_snacks,2024-11-19
Organix Mini Cheese Crackers Toddler Snacks Multipack 12 mon...,£2.50,£3.13 / 100g,£2.25,cupboard,treats_snacks,2024-11-19
Nairn's Gluten Free Mini Cheese Bakes 45g,£1.00,£2.22 / 100g,null,cupboard,treats_snacks,2024-11-19
Carr's Cracker Selection 200g,£3.50,£1.75 / 100g,£2.50,cupboard,treats_snacks,2024-11-19
Kellogg's Special K Dark Chocolate Bars 6x21.5g,£1.35,£1.05 / 100g,null,cupboard,treats_snacks,2024-11-19
Fox’s Biscuits Fabulous Indulgent Centre Triple Chocolate Co...,£2.40,£1.50 / 100g,null,cupboard,treats_snacks,2024-11-19
Dr Karg Organic Emmental Crispbreads 200g,£2.60,£1.30 / 100g,null,cupboard,treats_snacks,2024-11-19
Doria Doriano Italian Crackers 240g,£1.85,77p / 100g,null,cupboard,treats_snacks,2024-11-19
McVitie's Digestives The Original Biscuits 225g,£1.50,67p / 100g,null,cupboard,treats_snacks,2024-11-19
Ryvita Crispbread Pumpkin Seed & Oat Crackers 200g,£2.00,£1.00 / 100g,null,cupboard,treats_snacks,2024-11-19
Trek Salted Caramel Protein Flapjacks 3x50g,£3.60,£2.40 / 100g,null,cupboard,treats_snacks,2024-11-19
Maryland Cookies Sugar Free Chocolate Chip 200g,£1.70,85p / 100g,null,cupboard,treats_snacks,2024-11-19
"Sainsbury's Belgian Chocolate Chunk Shortbread, Taste the Di...",£2.45,£1.40 / 100g,null,cupboard,treats_snacks,2024-11-19
Jacob's Mediterranean Pinch of Salt Crackers 190g,£2.00,£1.05 / 100g,null,cupboard,treats_snacks,2024-11-19
Siro Vanilla Sugar Free Wafer Biscuits 260g,£1.55,60p / 100g,null,cupboard,treats_snacks,2024-11-19
Belvita Soft Bakes Red Berries 250g,£2.75,£1.10 / 100g,null,cupboard,treats_snacks,2024-11-19
Maryland Cookies Double Chocolate 200g,£1.70,85p / 100g,null,cupboard,treats_snacks,2024-11-19
Alpen Delight 5 Chocolate Brownie Bars 5x19g,£1.25,£1.32 / 100g,null,cupboard,treats_snacks,2024-11-19
Jacob's Choice Grain Multigrain Crackers 200g,£1.70,85p / 100g,null,cupboard,treats_snacks,2024-11-19
LU Le Petit Biscotte Cinnamon Biscuits 200g,£2.00,£1.00 / 100g,£1.00,cupboard,treats_snacks,2024-11-19
Jammie Dodgers 8 Apple & Blackcurrant Burst Flavour Biscuits...,90p,64p / 100g,55p,cupboard,treats_snacks,2024-11-19
Nairn's Gluten Free Flatbread Rosemary & Sea Salt 150g,£2.00,£1.33 / 100g,£1.70,cupboard,treats_snacks,2024-11-19
Peter's Yard Rosemary & Sea Salt Sourdough Crackers 90g,£2.50,£2.78 / 100g,£2.00,cupboard,treats_snacks,2024-11-19
Crosta & Mollica Parmesan & Poppy Seed Torinesi Breadsticks ...,£1.55,£1.29 / 100g,null,cupboard,treats_snacks,2024-11-19
Loacker Napolitaner Wafer 90g,£1.10,£1.22 / 100g,null,cupboard,treats_snacks,2024-11-19
Schar Gluten Free Pretzels 60g,£1.10,£1.83 / 100g,null,cupboard,treats_snacks,2024-11-19
Cadbury Snowy Fingers Milk & White Chocolate Biscuits 115g,£1.50,£1.30 / 100g,null,cupboard,treats_snacks,2024-11-19
KIND Protein Crunchy Peanut Butter Snack Bars 3x42g,£3.50,£2.78 / 100g,null,cupboard,treats_snacks,2024-11-19
Sainsbury's Chocolate Malted Milks 250g,£1.45,58p / 100g,null,cupboard,treats_snacks,2024-11-19
Kinder Bueno White Chocolate & Hazelnuts Bars Multipack 4x39...,£2.45,£1.57 / 100g,null,cupboard,treats_snacks,2024-11-19
Belvita Breakfast Soft Bakes Golden Oats Pack x5 250g,£2.75,£1.10 / 100g,null,cupboard,treats_snacks,2024-11-19
Organix Jammie Monsters Biscuits Toddler Snacks Multipack 18...,£2.80,£4.38 / 100g,null,cupboard,treats_snacks,2024-11-19
Pick Up Salted Caramel 5x28g,£1.65,£1.18 / 100g,null,cupboard,treats_snacks,2024-11-19
Nairn's Chocolate Orange Oat Biscuits 200g,£1.45,73p / 100g,null,cupboard,treats_snacks,2024-11-19
Sainsbury's Lightly Salted Wholegrain Rice Cakes 135g,£1.30,96p / 100g,null,cupboard,treats_snacks,2024-11-19
McVitie's Victoria Chocolate Biscuits Selection 275g,£4.40,£1.60 / 100g,£3.50,cupboard,treats_snacks,2024-11-19
Ryvita Crispbread Fruit Crunch Currant Seed & Oat Crackers 2...,£2.00,£1.00 / 100g,null,cupboard,treats_snacks,2024-11-19
Sharwood's Prawn Crackers 60g,£1.65,£2.75 / 100g,null,cupboard,treats_snacks,2024-11-19
McVitie's Digestives White Chocolate 232g,£1.90,82p / 100g,£1.50,cupboard,treats_snacks,2024-11-19
Walker's Wee Shorties Mini Shortbread Fingers 6x25g,£1.75,£1.17 / 100g,null,cupboard,treats_snacks,2024-11-19
Sainsbury's Caramel Bourbon Twists 150g,65p,43p / 100g,null,cupboard,treats_snacks,2024-11-19
Fibre One 90 Calorie Triple Choc Cake Bars 4x25g,£1.60,£1.60 / 100g,null,cupboard,treats_snacks,2024-11-19
Jacob's Biscuits For Cheese Tub 800g,£7.00,88p / 100g,£6.00,cupboard,treats_snacks,2024-11-19
Walker's Shortbread Highlanders x8 160g,£2.30,£1.44 / 100g,£1.80,cupboard,treats_snacks,2024-11-19
Graze Banana Protein Bites with Whole Oats 4x30g,£2.75,£2.29 / 100g,null,cupboard,treats_snacks,2024-11-19
KitKat 2 Finger Cookies & Cream Chocolate Biscuit Bar Multip...,£2.20,£1.18 / 100g,null,cupboard,treats_snacks,2024-11-19
Good Guys Bakehouse Cheddar Biscuit Melts 50g,£1.75,£3.50 / 100g,null,cupboard,treats_snacks,2024-11-19
Sainsbury's Free From Digestives 160g,£1.70,£1.06 / 100g,null,cupboard,treats_snacks,2024-11-19
Oreo Golden Cookie Sandwich Biscuits 154g,£1.50,97p / 100g,90p,cupboard,treats_snacks,2024-11-19
"Sainsbury's Quadruple Chocolate Cookies, Taste the Differenc...",£2.25,£1.13 / 100g,null,cupboard,treats_snacks,2024-11-19
Jacob's Sweet Chilli & Sour Cream Flavour Bites 125g,£2.00,£1.60 / 100g,null,cupboard,treats_snacks,2024-11-19
Trek Power Lotus Biscoff 3x44g,£4.75,£3.60 / 100g,null,cupboard,treats_snacks,2024-11-19
Jacob's Red Leicester Flavour Bites 125g,£2.00,£1.60 / 100g,null,cupboard,treats_snacks,2024-11-19
Schar Gluten Free Custard Creams 125g,£1.70,£1.36 / 100g,null,cupboard,treats_snacks,2024-11-19
Nature Valley Crunchy Oats & Honey Family Pack 10x42g,£3.50,83p / 100g,null,cupboard,treats_snacks,2024-11-19
Nakd Peanut Butter Protein Bars 3x45g,£3.00,£2.22 / 100g,£2.20,cupboard,treats_snacks,2024-11-19
Pink Panther Wafers 154g,90p,58p / 100g,null,cupboard,treats_snacks,2024-11-19
Fibre One 90 Calorie Chocolate Fudge Brownies 4x24g,£2.25,£2.34 / 100g,null,cupboard,treats_snacks,2024-11-19
Eat Natural Protein Maple Syrup Pecans Peanuts Fruit & Nut C...,£2.40,£2.00 / 100g,null,cupboard,treats_snacks,2024-11-19
Siro Sugar Free Digestive Biscuits 300g,£1.55,52p / 100g,null,cupboard,treats_snacks,2024-11-19
Kinder Happy Hippo Milk Hazelnut & Chocolate Biscuits Multip...,£1.65,£1.60 / 100g,null,cupboard,treats_snacks,2024-11-19
Ryvita Thins Three Cheese Flatbread Crackers 125g,£2.00,£1.60 / 100g,null,cupboard,treats_snacks,2024-11-19
FULFIL Chocolate Salted Caramel Flavour Vitamin & Protein Ba...,£5.75,£4.79 / 100g,null,cupboard,treats_snacks,2024-11-19
Ryvita Thins Snack It Sour Cream & Chive Flatbread Snacks 12...,£2.20,£1.76 / 100g,£1.25,cupboard,treats_snacks,2024-11-19
Snack Organisation Salted Rice Crackers 100g,£1.15,£1.15 / 100g,null,cupboard,treats_snacks,2024-11-19
Blue Riband Milk Chocolate Hazelnut Wafer Biscuit Bar Multip...,£1.00,93p / 100g,null,cupboard,treats_snacks,2024-11-19
Sainsbury's Corn Thins 4x30g,£1.50,£1.25 / 100g,null,cupboard,treats_snacks,2024-11-19
Schär Gluten Free Curvies Original 170g,£3.20,£1.88 / 100g,null,cupboard,treats_snacks,2024-11-19
Sainsbury's Oat & Sultana Cookies 200g,£1.35,68p / 100g,null,cupboard,treats_snacks,2024-11-19
Siro Oaty Sugar Free Biscuits 300g,£1.55,52p / 100g,null,cupboard,treats_snacks,2024-11-19
Nakd Cocoa Delight Fruit & Nut Bars 4x35g,£3.00,£2.14 / 100g,£2.20,cupboard,treats_snacks,2024-11-19
Carr's Melts Caramelised Red Onion Crackers 150g,£2.00,£1.33 / 100g,null,cupboard,treats_snacks,2024-11-19
McVitie's Jaffa Cakes Original Biscuits Raspberry Flavour Ca...,£1.25,£1.14 / 100g,null,cupboard,treats_snacks,2024-11-19
Ryvita Crackerbread Wholegrain Crackers 125g,£1.60,£1.28 / 100g,null,cupboard,treats_snacks,2024-11-19
"Sainsbury's Mixed Florentines Selection, Taste the Differenc...",£6.00,£2.86 / 100g,£5.50,cupboard,treats_snacks,2024-11-19
Cadbury Timeout Wafer Chocolate Biscuit Multipack x12 216g,£1.95,90p / 100g,null,cupboard,treats_snacks,2024-11-19
Nairn's On the Go Fruit & Seed Oatcakes 225g,£1.65,73p / 100g,null,cupboard,treats_snacks,2024-11-19
Nairn's Gluten Free Oaties Choc Chip 160g,£1.40,88p / 100g,null,cupboard,treats_snacks,2024-11-19
Nairn's Super Seeded Wholegrain Crackers 137g,£2.00,£1.46 / 100g,null,cupboard,treats_snacks,2024-11-19
Jacob's Crispbreads Mixed Seed Crackers 5x38g,£1.90,£1.00 / 100g,null,cupboard,treats_snacks,2024-11-19
"Sainsbury's Belgian Chocolate Shortbread Stars, Taste the Di...",£3.25,£1.81 / 100g,null,cupboard,treats_snacks,2024-11-19
Ryvita Thins Snack It Sea Salt & Cider Vinegar Flatbread Sna...,£2.20,£1.76 / 100g,£1.25,cupboard,treats_snacks,2024-11-19
Freee Gluten Free Organic Chocolate Chip Oat Bars 4 x 35g,£2.80,£2.00 / 100g,null,cupboard,treats_snacks,2024-11-19
Go Ahead Fibrejacks Apple & Strawberry Snack Bars Multipack ...,£2.00,£1.68 / 100g,null,cupboard,treats_snacks,2024-11-19
Jacob's Baked Cheddars Cheese Biscuits Twin Pack 2x150g,£2.50,83p / 100g,null,cupboard,treats_snacks,2024-11-19
Bahlsen Choco Leibniz Orange 111g,£2.25,£2.03 / 100g,null,cupboard,treats_snacks,2024-11-19
North Staffordshire Oatcakes x6,£1.15,19p / ea,null,cupboard,treats_snacks,2024-11-19
Nairn's Original Wholegrain Crackers 160g,£2.00,£1.25 / 100g,null,cupboard,treats_snacks,2024-11-19
Jacob's TUC Original Crackers Twin Pack 2x150g,£2.50,83p / 100g,null,cupboard,treats_snacks,2024-11-19
"Sainsbury's Extra Virgin Olive Oil 3% Breadsticks, Taste the...",£1.90,£1.46 / 100g,null,cupboard,treats_snacks,2024-11-19
Tracker Oats & Grains Salted Caramel Fudge Bars 5x24g,£2.00,£2.90 / 100g,null,cupboard,treats_snacks,2024-11-19
Fox's Classic Biscuit Selection 550g,£6.00,£1.09 / 100g,£4.00,cupboard,treats_snacks,2024-11-19
McVitie's Gluten Free Hobnobs Original Biscuits 150g,£1.80,£1.20 / 100g,null,cupboard,treats_snacks,2024-11-19
Bakery Delights Crispbakes 125g,£1.15,92p / 100g,null,cupboard,treats_snacks,2024-11-19
Maryland Minis White Chocolate 6x19.8g,£1.50,£1.26 / 100g,null,cupboard,treats_snacks,2024-11-19
"Dr Karg Organic Seeded Crispbread, 3 Grains + 3 Seeds 200g",£2.60,£1.30 / 100g,null,cupboard,treats_snacks,2024-11-19
Jacob's Smoked Paprika Flavour Bites 125g,£2.00,£1.60 / 100g,null,cupboard,treats_snacks,2024-11-19
Sainsbury's Butter Puffs Biscuits 200g,£1.10,55p / 100g,null,cupboard,treats_snacks,2024-11-19
Lotus Biscoff Sandwich Cream 150g,£1.70,£1.13 / 100g,£1.20,cupboard,treats_snacks,2024-11-19
"Sainsbury's Scottish Shortbread Fingers, Taste the Differenc...",£2.35,£1.47 / 100g,null,cupboard,treats_snacks,2024-11-19
Sainsbury's Free From Chocolate Digestives 200g,£2.00,£1.00 / 100g,null,cupboard,treats_snacks,2024-11-19
Fox's Biscuits Chocolatey Salted Caramel Rounds 130g,£2.25,£1.73 / 100g,null,cupboard,treats_snacks,2024-11-19
Border Old Fashioned Ginger Crunch 150g,£1.90,£1.41 / 100g,£1.25,cupboard,treats_snacks,2024-11-19
Nakd Bakewell Tart Raw Fruit & Nut Bar 4x35g,£3.00,£2.14 / 100g,£2.20,cupboard,treats_snacks,2024-11-19
Fox's Fabulous Chocolatey Biscuit Selection 365g,£8.50,£2.33 / 100g,null,cupboard,treats_snacks,2024-11-19
Kind Peanut Butter Dark Chocolate Cereal Bars Multipack 3x30...,£3.00,£3.33 / 100g,£2.00,cupboard,treats_snacks,2024-11-19
"Jacob's Savours Thins, Sour Cream & Chive Crackers 150g",£1.90,£1.27 / 100g,£1.25,cupboard,treats_snacks,2024-11-19
"Sainsbury's Free From Stem Ginger & Dark Chocolate Cookies, ...",£2.70,£1.80 / 100g,null,cupboard,treats_snacks,2024-11-19
Belvita Breakfast Soft Bakes Strawberry Filled Pack x5 250g,£2.75,£1.10 / 100g,£1.50,cupboard,treats_snacks,2024-11-19
Cadbury Brunch Light Orange 5x26g,£1.35,£1.04 / 100g,null,cupboard,treats_snacks,2024-11-19
Bahlsen Pick Up Choco & Milk Chocolate Biscuit Bars x5,£1.65,£1.18 / 100g,null,cupboard,treats_snacks,2024-11-19
Kinder Happy Hippo Chocolate Cream Biscuit Bars Multipack 5x...,£1.65,£1.60 / 100g,null,cupboard,treats_snacks,2024-11-19
Sainsbury's Multigrain Crackers 170g,£1.30,76p / 100g,null,cupboard,treats_snacks,2024-11-19
Crosta & Mollica Black Olive Grissini Breadsticks 140g,£2.00,£1.43 / 100g,null,cupboard,treats_snacks,2024-11-19
Trek Smooth Lemon Flapjack 3x50g Mpk,£3.60,£2.40 / 100g,null,cupboard,treats_snacks,2024-11-19
Sainsbury's Chocolate Chunk Cookies 200g,£1.35,68p / 100g,null,cupboard,treats_snacks,2024-11-19
Jammie Dodgers Minis Biscuits Apple & Blackcurrant x6 120g,£1.50,£1.25 / 100g,£1.25,cupboard,treats_snacks,2024-11-19
Oreo Choco Brownie Cookie Sandwich Biscuits 154g,£1.50,97p / 100g,90p,cupboard,treats_snacks,2024-11-19
Kind Chocolate Chip Cashew Cereal Bars Multipack 3x30g,£3.00,£3.33 / 100g,£2.00,cupboard,treats_snacks,2024-11-19
Kallo Lentil & Pea Veggie Cakes Sea Salt & Cider Vinegar 122...,£2.75,£2.25 / 100g,£2.00,cupboard,treats_snacks,2024-11-19
Belvita Breakfast Honey & Nut with Choc Chips 540g,£2.90,54p / 100g,null,cupboard,treats_snacks,2024-11-19
Fox's Rocky Mint Bars 7x19.75g,£1.50,£1.08 / 100g,null,cupboard,treats_snacks,2024-11-19
Nairn's Raisin Apple & Cinnamon Crunchy Oat Bars x8 160g,£2.70,£1.69 / 100g,null,cupboard,treats_snacks,2024-11-19
Nutella Chocolate & Hazelnut Biscuits x20 276g,£3.65,£1.32 / 100g,£2.95,cupboard,treats_snacks,2024-11-19
Crosta & Mollica Tarallini with Fennel Seed 170g,£1.90,£1.12 / 100g,null,cupboard,treats_snacks,2024-11-19
McVitie's Gluten Free Chocolate Hobnobs 150g,£2.30,£1.53 / 100g,null,cupboard,treats_snacks,2024-11-19
Nature Valley Muffin Cereal Bars Chocolate Chip 4x30g,£2.50,£1.58 / 100g,£1.50,cupboard,treats_snacks,2024-11-19
Arden & Amici Almond Cantuccini 180g,£2.50,£1.39 / 100g,null,cupboard,treats_snacks,2024-11-19
Bio & Me Toffee Apple Oat Bar 3x38g,£3.25,£2.85 / 100g,null,cupboard,treats_snacks,2024-11-19
Belvita Breakfast Milk & Cereals 540g,£2.90,54p / 100g,null,cupboard,treats_snacks,2024-11-19
Belvita Breakfast Biscuits Yogurt Crunch Pack x5 253g,£2.75,£1.09 / 100g,£1.50,cupboard,treats_snacks,2024-11-19
Nature Valley Muffin Cereal Bars Lemon Poppy Seed 4x30g,£2.50,£1.58 / 100g,£1.50,cupboard,treats_snacks,2024-11-19
Kind Maple Pecan Almond Cereal Bars Multipack 3x30g,£3.00,£3.33 / 100g,£2.00,cupboard,treats_snacks,2024-11-19
McVitie's Seriously Chocolatey Digestive Biscuits 250g,£2.00,80p / 100g,£1.50,cupboard,treats_snacks,2024-11-19
Marmite Rice Cakes 25g,£1.00,£4.00 / 100g,null,cupboard,treats_snacks,2024-11-19
McVitie's Jaffa Original Cake Bar Multipack 5x26.2g,£1.80,36p / ea,£1.00,cupboard,treats_snacks,2024-11-19
Sainsbury's Sea Salt Crackers 185g,£1.30,70p / 100g,null,cupboard,treats_snacks,2024-11-19
Nairn's Gluten Free Super Seeded Oatcakes 180g,£2.00,£1.11 / 100g,null,cupboard,treats_snacks,2024-11-19
Jammie Dodgers Strawberry Flavour Jam & Biscuit 140g,90p,64p / 100g,55p,cupboard,treats_snacks,2024-11-19
Schär Gluten Free Spekulatius 100g,£1.50,£1.50 / 100g,null,cupboard,treats_snacks,2024-11-19
Fibre One 90 Calorie Birthday Cake Squares 4x24g,£2.25,£2.34 / 100g,null,cupboard,treats_snacks,2024-11-19
Jacob's Cheddars Red Leicester Flavour 150g,£1.50,£1.00 / 100g,£1.00,cupboard,treats_snacks,2024-11-19
Bahlsen Butter Leaves Shortcake Thins Buttery Biscuit 125g,£1.40,£1.12 / 100g,null,cupboard,treats_snacks,2024-11-19
Mrs. Crimble's Gluten Free Jam Coconut Rings x6 240g,£1.75,29p / ea,null,cupboard,treats_snacks,2024-11-19
Nairn's Gluten Free Oaties Toffee Flavour 160g,£1.40,88p / 100g,null,cupboard,treats_snacks,2024-11-19
Fox's Fabulous Viennese Biscuit Selection 350g,£6.00,£1.71 / 100g,£4.50,cupboard,treats_snacks,2024-11-19
Bear Forest Fruit Bars 4x27g,£2.20,£2.04 / 100g,null,cupboard,treats_snacks,2024-11-19
"Sainsbury's Cookie Selection, Taste the Difference 360g",£5.00,£1.39 / 100g,null,cupboard,treats_snacks,2024-11-19
Sainsbury's Free From Bourbon Creams 150g,£1.35,90p / 100g,null,cupboard,treats_snacks,2024-11-19
"Sainsbury's Gruyere & Poppy Twists, Taste the Difference 100...",£2.00,£2.00 / 100g,null,cupboard,treats_snacks,2024-11-19
Nairn's Gluten Free Savoury Biscuit Selection 235g,£3.00,£1.28 / 100g,null,cupboard,treats_snacks,2024-11-19
Cadbury Dairy Milk Fingers Salted Caramel Flavour 114g,£1.80,£1.58 / 100g,null,cupboard,treats_snacks,2024-11-19
Ryvita Crispbread Cracked Black Pepper Crackers 200g,£2.00,£1.00 / 100g,null,cupboard,treats_snacks,2024-11-19
Rakusen's Matzos Crackers 300g,£2.05,68p / 100g,null,cupboard,treats_snacks,2024-11-19
Jacob's Flatbread Salt & Pepper Crackers 150g,£2.00,£1.33 / 100g,£1.25,cupboard,treats_snacks,2024-11-19
Trek White Choc&rasp Flapjack 3x50g Mpk,£3.60,£2.40 / 100g,null,cupboard,treats_snacks,2024-11-19
Sainsbury's Half Coated Viennese Fingers 120g,£2.50,£2.08 / 100g,null,cupboard,treats_snacks,2024-11-19
Border Dark Chocolate Raspberry 150g,£1.90,£1.27 / 100g,£1.25,cupboard,treats_snacks,2024-11-19
FULFIL Chocolate Peanut & Caramel Flavour Vitamin & Protein ...,£5.75,£4.79 / 100g,null,cupboard,treats_snacks,2024-11-19
Nakd Salted Caramel Fruit & Nut Bars 4x35g,£3.00,£2.14 / 100g,£2.20,cupboard,treats_snacks,2024-11-19
Schar Gluten Free Chocolate Fingers 150g,£2.50,£1.67 / 100g,null,cupboard,treats_snacks,2024-11-19
LU Le Petit Citron Lemon Flavoured Soft Bakes Biscuits 140g,£2.00,£1.43 / 100g,£1.00,cupboard,treats_snacks,2024-11-19
Oreo White Enrobed Cookies Sandwich Biscuits x6 246g,£2.00,81p / 100g,null,cupboard,treats_snacks,2024-11-19
"Sainsbury's Cheddar Crumbles, Taste the Difference 100g",£2.00,£2.00 / 100g,null,cupboard,treats_snacks,2024-11-19
Belvita Breakfast Soft Bakes Apricot Filled Pack x5 250g,£2.75,£1.10 / 100g,£1.50,cupboard,treats_snacks,2024-11-19
Lazy Day Foods Millionaire's Shortbread 150g,£2.80,56p / ea,null,cupboard,treats_snacks,2024-11-19
Border Biscuits Butterscotch 150g,£1.90,£1.41 / 100g,£1.25,cupboard,treats_snacks,2024-11-19
Bio & Me Super Berry Oat Bar 3x38g,£3.25,£2.85 / 100g,null,cupboard,treats_snacks,2024-11-19
Lazy Day Foods Belgian Dark Chocolate Tiffin 150g,£2.80,56p / ea,null,cupboard,treats_snacks,2024-11-19
Lotus Biscoff Sandwich Vanilla Cream 150g,£1.70,£1.13 / 100g,£1.20,cupboard,treats_snacks,2024-11-19
McVitie's Jaffa Cakes Original Jonuts Biscuits Multipack 4x4...,£2.00,98p / 100g,£1.50,cupboard,treats_snacks,2024-11-19
"Sainsbury's Free From Triple Chocolate Cookies, Taste the Di...",£2.70,£1.80 / 100g,null,cupboard,treats_snacks,2024-11-19
"Sainsbury's Double Gloucester Cheese & Tomato Mini Bites, Ta...",£2.00,£2.00 / 100g,null,cupboard,treats_snacks,2024-11-19
Carr's Table Water Large Crackers 200g,£2.50,£1.25 / 100g,null,cupboard,treats_snacks,2024-11-19
Peter's Yard Fig & Spelt Sourdough Crackers 100g,£2.50,£2.50 / 100g,£2.00,cupboard,treats_snacks,2024-11-19
Kellogg's Rice Krispies Squares Cookies & Cream Bar 136g,£2.25,£1.65 / 100g,£1.50,cupboard,treats_snacks,2024-11-19
Bahlsen Pick Up Hazelnut Milk Chocolate Biscuit Bars x5,£1.65,£1.18 / 100g,null,cupboard,treats_snacks,2024-11-19
Sainsbury's Free From Cookies & Cream Biscuits 160g,£1.60,£1.00 / 100g,null,cupboard,treats_snacks,2024-11-19
"Sainsbury's Free From Oat & Sultana Cookies, Taste the Diffe...",£2.35,£1.57 / 100g,null,cupboard,treats_snacks,2024-11-19
Nairn's Organic Oatcake 250g,£1.20,48p / 100g,null,cupboard,treats_snacks,2024-11-19
Nakd Strawberry Raspberry Fruit & Fibre Bars 3x44g,£3.00,£2.27 / 100g,£2.20,cupboard,treats_snacks,2024-11-19
Graze Snack Box Lemon Drizzle Flapjack 53g,£1.20,£2.40 / 100g,null,cupboard,treats_snacks,2024-11-19
Eat Natural Cashew Blueberry with a Yoghurt Coating Fruit & ...,£2.40,£2.00 / 100g,null,cupboard,treats_snacks,2024-11-19
Angelic Free From Chocolate Chip Oat Squares Kids Snack 4x30...,£2.50,£2.08 / 100g,null,cupboard,treats_snacks,2024-11-19
Nakd Apple Cinnamon Fruit & Fibre Bars 3x44g,£3.00,£2.27 / 100g,£2.20,cupboard,treats_snacks,2024-11-19
McVitie's Iced Gems Candy Floss Flavour 5x23g,£1.25,£1.09 / 100g,null,cupboard,treats_snacks,2024-11-19
Loacker Classic Peanut Butter 90g,£1.10,£1.22 / 100g,null,cupboard,treats_snacks,2024-11-19
McVitie's Jaffa Christmas Tree Original Biscuits 9 Cakes 3 J...,£3.00,£1.26 / 100g,null,cupboard,treats_snacks,2024-11-19
Nature Valley Oaty & Crispy Cocoa Bars 5x23g,£2.50,£1.61 / 100g,£1.75,cupboard,treats_snacks,2024-11-19
Jacob's Mediterranean Rosemary Crackers 190g,£2.00,£1.05 / 100g,null,cupboard,treats_snacks,2024-11-19
Sainsbury's Biscuit Variety Pack 700g,£1.65,24p / 100g,null,cupboard,treats_snacks,2024-11-19
Sainsbury's Free From Cheese Crackers 100g,£1.85,£1.85 / 100g,null,cupboard,treats_snacks,2024-11-19
Jacob's Savours Crackers Assortment 250g,£4.00,£1.60 / 100g,£3.50,cupboard,treats_snacks,2024-11-19
Nairn's Honey Crunchy Oat Bars x8 160g,£2.70,£1.69 / 100g,null,cupboard,treats_snacks,2024-11-19
Rakusen's of Yorkshire Matzos Flame Baked Cracker 200g,£1.45,73p / 100g,null,cupboard,treats_snacks,2024-11-19
Bahlsen Hit Cocoa Creme 220g,£1.15,52p / 100g,null,cupboard,treats_snacks,2024-11-19
Jacob's Crispbreads Chive Crackers 5x38g,£1.90,£1.00 / 100g,null,cupboard,treats_snacks,2024-11-19
Fox's Viennese Double Chocolate 120g,£1.95,£1.63 / 100g,null,cupboard,treats_snacks,2024-11-19
Schär Gluten-Free Rich Tea Biscuits 3x42g,£1.70,£1.36 / 100g,null,cupboard,treats_snacks,2024-11-19
Alpen Delight White Chocolate & Raspberry Shortcake Bars 5x1...,£1.25,£1.32 / 100g,null,cupboard,treats_snacks,2024-11-19
Nature Valley Crunchy Chocolate Chip Bars 5x42g,£2.50,£1.19 / 100g,null,cupboard,treats_snacks,2024-11-19
Kellogg's Rice Krispies Limited Edition Squares Chocolatey O...,£2.25,£1.56 / 100g,£1.50,cupboard,treats_snacks,2024-11-19
McVitie's Jaffa Cake Bars x10,£2.80,28p / ea,null,cupboard,treats_snacks,2024-11-19
Nairn's Belgian Chocolate Chunk Crunchy Oat Bars x8 160g,£2.70,£1.69 / 100g,null,cupboard,treats_snacks,2024-11-19
Sainsbury's Free From Shortbread 160g,£1.70,£1.06 / 100g,null,cupboard,treats_snacks,2024-11-19
Bahlsen Ohne Gleichen Milk Chocolate Praline Wafers 125g,£2.50,£2.00 / 100g,null,cupboard,treats_snacks,2024-11-19
Fox's Fabulous Chocolatey Biscuit Selection 245g,£6.00,£2.45 / 100g,null,cupboard,treats_snacks,2024-11-19
Jacob's Krackawheat 230g,£2.10,91p / 100g,null,cupboard,treats_snacks,2024-11-19
Trek Millionaire Shortbread 3x44g,£4.75,£3.60 / 100g,null,cupboard,treats_snacks,2024-11-19
Schär Lebkuchen 7x200g,£4.00,£2.00 / 100g,null,cupboard,treats_snacks,2024-11-19
Fox's Festive the Snowman Biscuit Selection 350g,£8.00,£2.29 / 100g,null,cupboard,treats_snacks,2024-11-19
"Sainsbury's Belgian Biscuit Selection, Taste the Difference ...",£7.50,£1.88 / 100g,£6.50,cupboard,treats_snacks,2024-11-19
Ryvita Salted Caramel Flavour Crispy Snacks 78g,£2.25,£1.89 / 100g,null,cupboard,treats_snacks,2024-11-19
Lotus Biscoff Sandwich Milk Chocolate 150g,£1.70,£1.13 / 100g,£1.20,cupboard,treats_snacks,2024-11-19
"Fox’s Biscuits Party Rings Choc Minis Multipack, 5 Pack, 5x2...",£1.50,£1.43 / 100g,null,cupboard,treats_snacks,2024-11-19
Sainsbury's Biscuit For Cheese 170g,£1.45,85p / 100g,null,cupboard,treats_snacks,2024-11-19
McVitie's Victoria Chocolate Creations Luxury Biscuits Colle...,£6.50,£1.91 / 100g,£5.00,cupboard,treats_snacks,2024-11-19
Schär Gluten Free Snack Bar Milk Chocolate 3x35g,£2.30,£2.19 / 100g,null,cupboard,treats_snacks,2024-11-19
Sainsbury's Vanilla Biscuits Character Tin 200g,£5.00,£2.50 / 100g,£4.00,cupboard,treats_snacks,2024-11-19
Sainsbury's Oriental Mix Sweet Soy Cracker 125g,£1.30,£1.04 / 100g,null,cupboard,treats_snacks,2024-11-19
Fox's Biscuits Fabulous Millionaire's Cookies 180g,£2.40,£1.33 / 100g,£1.25,cupboard,treats_snacks,2024-11-19
Bear Carrot Cake Bars 4x27g,£2.20,£2.04 / 100g,null,cupboard,treats_snacks,2024-11-19
Border Lemon Drizzle Melts 150g,£1.90,£1.27 / 100g,£1.25,cupboard,treats_snacks,2024-11-19
Walker's Oat Shortbread x9 171g,£2.30,£1.35 / 100g,£1.80,cupboard,treats_snacks,2024-11-19
Tunnock's Snowballs Coconut Covered Marshmallows 8x30g,£2.75,£2.86 / 100g,null,cupboard,treats_snacks,2024-11-19
Arden & Amici Crunchy Amaretti 200g,£2.50,£1.25 / 100g,null,cupboard,treats_snacks,2024-11-19
"Sainsbury's Free From Millionaire's Cookies, Taste the Diffe...",£3.00,£2.00 / 100g,null,cupboard,treats_snacks,2024-11-19
Sainsbury's Free From Chocolate Coated Orange Cookies & Crea...,£2.60,£1.35 / 100g,null,cupboard,treats_snacks,2024-11-19
Dr. Karg's Pumpkin Seeds Protein Thins 150g,£2.60,£1.73 / 100g,null,cupboard,treats_snacks,2024-11-19
itsu New Peking Duck Prawn Crackers Sharing Bag 60g,£1.60,£2.67 / 100g,null,cupboard,treats_snacks,2024-11-19
Crosta & Mollica Crostini Toasts with Oregano 150g,£2.00,£1.33 / 100g,null,cupboard,treats_snacks,2024-11-19
Freee Gluten Free Organic Apricot Oat Bars with Chia 4x35g,£2.80,£2.00 / 100g,null,cupboard,treats_snacks,2024-11-19
Belvita Breakfast Biscuits Golden Oats 225g,£1.25,56p / 100g,null,cupboard,treats_snacks,2024-11-19
Arden Amici Soft Amaretti 140g,£2.50,£1.79 / 100g,null,cupboard,treats_snacks,2024-11-19
Maryland Choc & Caramel 200g,£1.70,85p / 100g,null,cupboard,treats_snacks,2024-11-19
Peter's Yard Sea Salt Sourdough Flatbreads 115g,£2.50,£2.17 / 100g,null,cupboard,treats_snacks,2024-11-19
"Sainsbury's Oatcakes, Highland 300g",£1.00,33p / 100g,null,cupboard,treats_snacks,2024-11-19
Maynards Bassetts Jelly Babies Sweets Sharing Bag 350g,£2.75,79p / 100g,null,cupboard,treats_snacks,2024-11-19
Walker's Gluten Free Shortbread Rounds x9 140g,£2.50,£1.79 / 100g,null,cupboard,treats_snacks,2024-11-19
Fibre One 90 Calorie Chocolate Flavour Doughnuts 4x23g,£1.60,£1.74 / 100g,null,cupboard,treats_snacks,2024-11-19
Schär Gluten Free Foldable Flatbreads 225g,£2.50,£1.11 / 100g,£2.00,cupboard,treats_snacks,2024-11-19
Fox's Biscuits Fabulous White Chocolate Cookies 180g,£2.40,£1.33 / 100g,£1.25,cupboard,treats_snacks,2024-11-19
Sainsbury's All Butter Toffee Shortbread 175g,£1.25,71p / 100g,null,cupboard,treats_snacks,2024-11-19
Thomas Fudge's Milk Chocolate Florentines,£3.00,£2.14 / 100g,null,cupboard,treats_snacks,2024-11-19
Border Milk Chocolate Vienese 150g,£1.90,£1.27 / 100g,£1.25,cupboard,treats_snacks,2024-11-19
McVitie's Signature Caramel Chocolate Rounds Biscuits 109g,£2.00,£1.83 / 100g,£1.50,cupboard,treats_snacks,2024-11-19
Elizabeth Shaw Dark Chocolate Orange 140g,£2.00,£1.43 / 100g,£1.00,cupboard,treats_snacks,2024-11-19
Fox's Fabulous Cookies Selection Assortment 365g,£5.00,£1.37 / 100g,£4.00,cupboard,treats_snacks,2024-11-19
Thomas Fudge's Dark Chocolate Florentines,£3.00,£2.00 / 100g,null,cupboard,treats_snacks,2024-11-19
Bahlsen Choco Leibniz White 111g,£2.25,£2.03 / 100g,null,cupboard,treats_snacks,2024-11-19
Loacker Classic Double Choc 90g,£1.10,£1.22 / 100g,null,cupboard,treats_snacks,2024-11-19
Ryvita Thins Sweet Chilli Flatbread Crackers 125g,£2.00,£1.60 / 100g,null,cupboard,treats_snacks,2024-11-19
KIND Fruit & Nut Cereal Bars Multipack 3x30g,£3.00,£3.33 / 100g,£2.00,cupboard,treats_snacks,2024-11-19
Grenade Oreo Protein Bars 3x35g,£5.00,£4.76 / 100g,null,cupboard,treats_snacks,2024-11-19
Schär Maxi Sorrisi 250g,£3.20,£1.28 / 100g,null,cupboard,treats_snacks,2024-11-19
McVitie's Digestives Milk Chocolate Minis 80g,£1.75,£2.19 / 100g,null,cupboard,treats_snacks,2024-11-19
Sainsbury's Chive & Onion Mini Twists 125g,£1.40,£1.12 / 100g,null,cupboard,treats_snacks,2024-11-19
"Elizabeth Shaw Milk Chocolate, Raisin & Hazelnut Biscuits",£2.00,£1.43 / 100g,£1.00,cupboard,treats_snacks,2024-11-19
"Sainsbury's Parmesan & Chilli Biscuits, Taste the Difference...",£2.00,£2.50 / 100g,null,cupboard,treats_snacks,2024-11-19
Oreo Festive Favourites Cookies Sandwich Biscuits 170g,£2.75,£1.62 / 100g,null,cupboard,treats_snacks,2024-11-19
Nature Valley Oaty & Crispy Honey Bars 5x23g,£2.50,£2.17 / 100g,£1.75,cupboard,treats_snacks,2024-11-19
Elizabeth Shaw Milk Chocolate & Salted Caramel Biscuits,£2.00,£1.43 / 100g,£1.00,cupboard,treats_snacks,2024-11-19
Ryvita Milk Chocolate Crispy Snacks 78g,£2.25,£1.88 / 100g,null,cupboard,treats_snacks,2024-11-19
Rymut Corn Sticks Crisps 80g,£1.00,£1.67 / 100g,null,cupboard,treats_snacks,2024-11-19
Sainsbury's Rolo Cookies,£1.65,41p / ea,null,cupboard,treats_snacks,2024-11-19
Crosta & Mollica Black Peppercorn Bolli Italian Crackers 150...,£2.10,£1.40 / 100g,null,cupboard,treats_snacks,2024-11-19
Grenade Snack Size Bars Chocolate Chip Salted Caramel Flavou...,£5.00,£4.76 / 100g,null,cupboard,treats_snacks,2024-11-19
Peter's Yard Sourdough Crackers Selection Box 270g,£6.00,£2.22 / 100g,£5.00,cupboard,treats_snacks,2024-11-19
McVitie's Thin Arrowroot 200g,£1.55,78p / 100g,null,cupboard,treats_snacks,2024-11-19
Sainsbury's Plant Pioneers Shortbread Rounds 175g,£1.50,86p / 100g,null,cupboard,treats_snacks,2024-11-19
Fox’s Biscuits Chocolatey Indulgent Creams Honeycomb 130g,£2.50,£1.92 / 100g,£1.75,cupboard,treats_snacks,2024-11-19
Peter's Yard Seeded Sourdough Flatbreads 135g,£2.50,£2.00 / 100g,null,cupboard,treats_snacks,2024-11-19
Nairn's Mini Cheese Bakes 125g,£2.70,£2.16 / 100g,null,cupboard,treats_snacks,2024-11-19
Ryvita Crispbread Sweet Onion Crackers 200g,£2.00,£1.00 / 100g,null,cupboard,treats_snacks,2024-11-19
McVitie's Signature Chocolate Cream Swirls Biscuits 142g,£2.00,£1.41 / 100g,£1.50,cupboard,treats_snacks,2024-11-19
Jacob's Savours Cheese Thins Crackers 150g,£1.90,£1.27 / 100g,£1.25,cupboard,treats_snacks,2024-11-19
Buttermilk Double Choccy Snack Bars 3x23g,£3.25,£4.71 / 100g,null,cupboard,treats_snacks,2024-11-19
Sainsbury's Free From Custard Creams 125g,£1.35,£1.08 / 100g,null,cupboard,treats_snacks,2024-11-19
"Elizabeth Shaw Milk Chocolate, Coconut & Hazelnut Biscuits",£2.00,£1.43 / 100g,£1.00,cupboard,treats_snacks,2024-11-19
Maryland White Choc 200g,£1.70,85p / 100g,null,cupboard,treats_snacks,2024-11-19
Rhythm 108 Vegan Hazelnut Chocolate Praline Biscuit Share Ba...,£3.00,£2.22 / 100g,null,cupboard,treats_snacks,2024-11-19
itsu New Sweet Chilli Prawn Crackers Sharing Bag 60g,£1.60,£2.67 / 100g,null,cupboard,treats_snacks,2024-11-19
LU Le Petit Ganache Biscuits 105g,£2.00,£1.90 / 100g,£1.00,cupboard,treats_snacks,2024-11-19
Kellogg's Rice Krispies Squares Curious Caramel & Chocolate ...,£2.25,£1.56 / 100g,£1.50,cupboard,treats_snacks,2024-11-19
Oreo Gingerbread Cookie Sandwich Biscuits 154g,£1.50,97p / 100g,90p,cupboard,treats_snacks,2024-11-19
Tim Tam Original Biscuits 163g,£2.50,£1.53 / 100g,£2.00,cupboard,treats_snacks,2024-11-19
Fox's Fabulous Chocolatey Winter Desserts Biscuit Selection ...,£5.00,£2.00 / 100g,null,cupboard,treats_snacks,2024-11-19
Sainsbury's Rosemary & Sea Salt Crackers 137g,£1.70,£1.24 / 100g,null,cupboard,treats_snacks,2024-11-19
Jacob's Cheddars Cheese & Pickle Flavour 150g,£1.50,£1.00 / 100g,£1.00,cupboard,treats_snacks,2024-11-19
Nature Valley Peanut & Chocolate Bars 4x25g,£2.50,£2.50 / 100g,£2.00,cupboard,treats_snacks,2024-11-19
Nutella Chocolate & Hazelnut Biscuits x12 166g,£2.65,£1.60 / 100g,null,cupboard,treats_snacks,2024-11-19
Carr's Table Water Cracked Black Pepper Crackers 125g,£1.70,£1.36 / 100g,null,cupboard,treats_snacks,2024-11-19
Sainsbury's Milk Chocolate Gingerbread People 161g,£2.50,£1.55 / 100g,null,cupboard,treats_snacks,2024-11-19
"Sainsbury's Free From Chocolate Hazelnut Cookies, Taste the ...",£3.00,£2.00 / 100g,null,cupboard,treats_snacks,2024-11-19
McVitie's Signature Chocolate Caramel Biscuits 162g,£2.00,£1.23 / 100g,£1.50,cupboard,treats_snacks,2024-11-19
Schär Gluten-Free Saltì Con Sale Marino with Sea Salt 175g,£2.30,£1.31 / 100g,null,cupboard,treats_snacks,2024-11-19
Pick Up Dark Chocolate Biscuit Bars Pack x5,£1.65,£1.18 / 100g,null,cupboard,treats_snacks,2024-11-19
Rakusen's Matzos Crackers 150g,£1.50,£1.00 / 100g,null,cupboard,treats_snacks,2024-11-19
Good Guys Bakehouse Peppered Biscuit Melts 50g,£1.75,£3.50 / 100g,null,cupboard,treats_snacks,2024-11-19
Jammie Dodgers Raspberry Flavour Giant Jammie 50g,£1.00,£2.00 / 100g,null,cupboard,treats_snacks,2024-11-19
Fox's Fabulous Chocolatey Double Chocolate Rounds 130g,£2.25,£1.73 / 100g,null,cupboard,treats_snacks,2024-11-19
"Sainsbury's Freefrom Ginger & Chocolate Tiffin, Taste the Di...",£3.25,£2.17 / 100g,null,cupboard,treats_snacks,2024-11-19
Fibre One 90 Calorie Crispy Choc Brownies 4x24g,£2.25,£2.34 / 100g,£1.25,cupboard,treats_snacks,2024-11-19
Al'Fez Lebanese Style Flatbreads with Herby Za'atar 180g,£2.25,£1.25 / 100g,£2.00,cupboard,treats_snacks,2024-11-19
Ryvita Yogurt Flavour Crispy Snacks 78g,£2.25,£1.89 / 100g,null,cupboard,treats_snacks,2024-11-19
Fox's Half Coated Dark Chocolate Cookies 175g,£2.40,£1.33 / 100g,£1.25,cupboard,treats_snacks,2024-11-19
Schär Gluten Free Crostini 150g,£3.00,£2.00 / 100g,null,cupboard,treats_snacks,2024-11-19
Lotte Pepero Almond & Chocolate 32g,£1.00,£3.13 / 100g,90p,cupboard,treats_snacks,2024-11-19
Walker's Shortbread Festive Shapes 350g,£6.00,£1.71 / 100g,null,cupboard,treats_snacks,2024-11-19
Fox’s Biscuits Chocolatey Indulgent Creams Hazelnut Flavour ...,£2.50,£1.92 / 100g,£1.75,cupboard,treats_snacks,2024-11-19
"Sainsbury's Cheddar & Pesto Twists, Taste the Difference 100...",£2.00,£2.00 / 100g,null,cupboard,treats_snacks,2024-11-19
Sainsbury's Cookie Dessert 304g,£2.65,87p / 100g,null,cupboard,treats_snacks,2024-11-19
Sainsbury's Free From Crackers 137g,£1.45,£1.06 / 100g,null,cupboard,treats_snacks,2024-11-19
Kind Caramel Almond & Sea Salt Cereal Bars Multipack 3x30g,£3.00,£3.33 / 100g,£2.00,cupboard,treats_snacks,2024-11-19
Nairn's Mini Original Oatcakes 150g,£2.00,£1.33 / 100g,£1.50,cupboard,treats_snacks,2024-11-19
Thomas Fudge's Salted Caramel Florentines,£3.00,£2.14 / 100g,null,cupboard,treats_snacks,2024-11-19
"Sainsbury's Belgian Chocolate & Orange Cookies, Taste the Di...",£2.25,£1.13 / 100g,null,cupboard,treats_snacks,2024-11-19
Schär Wild Biscuits 5x23g,£2.75,£2.39 / 100g,£2.20,cupboard,treats_snacks,2024-11-19
Schär Gluten Free Wafer Pocket 50g,£1.10,£2.20 / 100g,null,cupboard,treats_snacks,2024-11-19
Sainsbury's Free From Ancient Grain Snack Crackers 100g,£1.85,£1.85 / 100g,null,cupboard,treats_snacks,2024-11-19
Trek Millionaire Shortbread Power Protein Bar 55g,£1.85,£3.36 / 100g,null,cupboard,treats_snacks,2024-11-19
Crave Birthday Bisco's 130g,£2.55,£1.96 / 100g,null,cupboard,treats_snacks,2024-11-19
Trek Peanut Butter Protein Flapjack 3x50g,£3.60,£2.40 / 100g,null,cupboard,treats_snacks,2024-11-19
KIND Caramel Almond & Sea Salt Snack Bar 40g,£1.40,£3.50 / 100g,null,cupboard,treats_snacks,2024-11-19
Orion Choco Boy Chocolate Biscuits 36g,£1.10,£3.06 / 100g,null,cupboard,treats_snacks,2024-11-19
Jacob's Butter Puffs 200g,£2.00,£1.00 / 100g,null,cupboard,treats_snacks,2024-11-19
Grenade Carb Killa Chocolate Chip Salted Caramel Bar 60g,£2.70,£4.50 / 100g,null,cupboard,treats_snacks,2024-11-19
Pick Me Miso Millionaire Shortbreads 200g,£3.75,94p / ea,null,cupboard,treats_snacks,2024-11-19
Peter's Yard Original Sourdough Crispbread 125g,£2.50,£2.00 / 100g,null,cupboard,treats_snacks,2024-11-19
Pick Up! Original 28g,75p,£2.68 / 100g,null,cupboard,treats_snacks,2024-11-19
Nature Valley Crunchy Oats & Honey Cereal Bar 42g,65p,£1.55 / 100g,null,cupboard,treats_snacks,2024-11-19
Peter's Yard Sourdough Cracker Selection 250g,£10.00,£4.00 / 100g,null,cupboard,treats_snacks,2024-11-19
Twix Caramel & White Chocolate Fingers Biscuit Snack Bars Mu...,£2.85,£1.58 / 100g,null,cupboard,treats_snacks,2024-11-19
Goplana Coolky Milk 3 Crunchy Delights with Caramelised Haze...,95p,£2.71 / 100g,null,cupboard,treats_snacks,2024-11-19
Tim Tam Chewy Caramel Biscuits 175g,£2.50,£1.43 / 100g,£2.00,cupboard,treats_snacks,2024-11-19
Oshee Vitamin Muesli Bar Plum & Cranberry 40g,55p,£1.38 / 100g,45p,cupboard,treats_snacks,2024-11-19
Kind Chocolate Chip Cashew Cereal Bar 40g,£1.40,£3.50 / 100g,null,cupboard,treats_snacks,2024-11-19
Fulfil Chocolate Salted Caramel Flavour Vitamin & Protein Ba...,£2.50,£4.55 / 100g,null,cupboard,treats_snacks,2024-11-19
Rhythm108 Chocolate & Salted Caramel Biscuits 135g,£3.00,£2.22 / 100g,null,cupboard,treats_snacks,2024-11-19
Britannia Good Day Cashew Cookies 216g,£1.50,69p / 100g,null,cupboard,treats_snacks,2024-11-19
Graze Peanut Butter Chocolate Protein Flapjack 50g,£1.20,£2.40 / 100g,null,cupboard,treats_snacks,2024-11-19
Trek Salted Caramel Protein Flapjack 50g,£1.65,£3.30 / 100g,null,cupboard,treats_snacks,2024-11-19
Kellogg's Rice Krispies Squares Marshmallow 28g,90p,£3.21 / 100g,null,cupboard,treats_snacks,2024-11-19
Sainsbury's On the Go Dark Chocolate Corn Thins 32.5g,80p,£2.42 / 100g,null,cupboard,treats_snacks,2024-11-19
Nakd Cocoa Orange Big Bar 45g,£1.35,£3.00 / 100g,null,cupboard,treats_snacks,2024-11-19
Grenade Oreo White Bars 3x35g,£5.00,£4.76 / 100g,null,cupboard,treats_snacks,2024-11-19
Graze Cherry Bakewell Fibre Flapjack 53g,£1.20,£2.40 / 100g,null,cupboard,treats_snacks,2024-11-19
Fulfil Chocolate Brownie Flavour Vitamin & Protein Bar 40g,£2.00,£5.00 / 100g,null,cupboard,treats_snacks,2024-11-19
Grenade Oreo White Protein Bar 35g,£2.00,£5.71 / 100g,null,cupboard,treats_snacks,2024-11-19
TREK Cocoa Oat Protein Flapjack 50g,£1.65,£3.30 / 100g,null,cupboard,treats_snacks,2024-11-19
KIND Dark Chocolate Nuts & Sea Salt Snack Bar 40g,£1.40,£3.50 / 100g,null,cupboard,treats_snacks,2024-11-19
Perkier Salted Caramel & Dark Chocolate 3x37g,£2.90,£2.61 / 100g,null,cupboard,treats_snacks,2024-11-19
Eat Natural Protein Peanuts Dark Chocolate Fruit & Nut Bars ...,£1.10,£2.75 / 100g,null,cupboard,treats_snacks,2024-11-19
Nakd Cocoa Hazelnut Protein Bar 45g,£1.35,£3.00 / 100g,null,cupboard,treats_snacks,2024-11-19
Fulfil Chocolate Peanut & Caramel Flavour Vitamin & Protein ...,£2.50,£4.55 / 100g,null,cupboard,treats_snacks,2024-11-19
Kind Fruit & Nut Snack Bar 40g,£1.40,£3.50 / 100g,null,cupboard,treats_snacks,2024-11-19
Grenade Oreo Protein Bar 35g,£2.00,£5.71 / 100g,null,cupboard,treats_snacks,2024-11-19
Nakd Strawberry & Raspberry Fruit & Fibre Bar 44g,£1.35,£3.07 / 100g,null,cupboard,treats_snacks,2024-11-19
Perkier Nutty Toffee & Dark Chocolate 3x37g,£2.90,£2.61 / 100g,£2.00,cupboard,treats_snacks,2024-11-19
Osem Wafers Chocolate Flavored 250g,£1.60,64p / 100g,null,cupboard,treats_snacks,2024-11-19
Bolands Fig Roll 200g,£1.65,83p / 100g,£1.30,cupboard,treats_snacks,2024-11-19
Arden & Amici Baci Di Dama 120g,£2.50,£2.08 / 100g,null,cupboard,treats_snacks,2024-11-19
Lotte Toppo Duble Flavor Vanilla Chocolate 40g,£1.00,£2.50 / 100g,90p,cupboard,treats_snacks,2024-11-19
Trek Peanut Butter Crunch Power Protein Bar 55g,£1.85,£3.36 / 100g,null,cupboard,treats_snacks,2024-11-19
Britannia Good Day Butter Cookies 216g,£1.50,69p / 100g,null,cupboard,treats_snacks,2024-11-19
Nature Valley Salted Caramel Nut Bars 4x25g,£2.50,£2.50 / 100g,£2.00,cupboard,treats_snacks,2024-11-19
Graze Honeycomb Oat Boosts 50g,£1.20,£2.40 / 100g,null,cupboard,treats_snacks,2024-11-19
Rakusen's Chocolate Digestive Biscuits 200g,£3.15,£1.58 / 100g,null,cupboard,treats_snacks,2024-11-19
Sainsbury's Free From Onion & Herb Crackers 137g,£1.70,£1.24 / 100g,null,cupboard,treats_snacks,2024-11-19
Fulfil Milk Chocolate Crunch Flavour Vitamin & Protein Bar 4...,£2.00,£5.00 / 100g,null,cupboard,treats_snacks,2024-11-19
Tribe Nut Butter Triple Decker Vegan Honeycomb 40g,£2.00,£5.00 / 100g,null,cupboard,treats_snacks,2024-11-19
KIND Peanut Butter & Dark Chocolate Snack Bar 40g,£1.40,£3.50 / 100g,null,cupboard,treats_snacks,2024-11-19
McVitie's Jaffa Cake Jonuts Biscuits Single Serve Pack,65p,£1.51 / 100g,null,cupboard,treats_snacks,2024-11-19
Kind Maple Pecan Almond Snack Bar 40g,£1.40,£3.50 / 100g,null,cupboard,treats_snacks,2024-11-19
N?kd Protein Bar Peanut Butter 45g,£1.35,£3.00 / 100g,null,cupboard,treats_snacks,2024-11-19
Goplana Grzeski Milk Chocolate Coated Wafer Bar with Toffee ...,50p,£1.39 / 100g,null,cupboard,treats_snacks,2024-11-19
Squares Chocolatey Rice Krispies 36g,90p,£2.50 / 100g,null,cupboard,treats_snacks,2024-11-19
Meiji Hello Panda Biscuits with Caramel Flavour Filling 50g,£1.60,£3.20 / 100g,£1.35,cupboard,treats_snacks,2024-11-19
Fulfil Chocolate Hazelnut Whip Flavour Vitamin & Protein Bar...,£2.00,£5.00 / 100g,null,cupboard,treats_snacks,2024-11-19
Nature Valley Protein Peanut & Chocolate Cereal Bars 40g,£1.00,£2.50 / 100g,null,cupboard,treats_snacks,2024-11-19
Kellogg's Nutri-Grain Morning Bar Strawberry 37g,85p,£2.30 / 100g,null,cupboard,treats_snacks,2024-11-19
Yan Yan Chocolate & Strawberry Flavour Dips Biscuit Snack 44...,£1.20,£2.73 / 100g,null,cupboard,treats_snacks,2024-11-19
Rhythm108 Swiss Chocolate Peanut Butter Soft Baked Filled Co...,£1.40,£2.80 / 100g,null,cupboard,treats_snacks,2024-11-19
Kind Protein Dark Chocolate Nut 50g,£2.20,£4.40 / 100g,null,cupboard,treats_snacks,2024-11-19
Nakd Blueberry Muffin Big Bar 45g,£1.35,£3.00 / 100g,null,cupboard,treats_snacks,2024-11-19
Eat Natural Almond Apricot with a Yoghurt Coating Fruit & Nu...,£1.10,£2.75 / 100g,null,cupboard,treats_snacks,2024-11-19
Kellogg's Nutri-Grain Bakes Raisin 45g,85p,£1.89 / 100g,null,cupboard,treats_snacks,2024-11-19
Deliciously Ella Apple & Raisin Oat Bar 50g,£1.00,£2.00 / 100g,null,cupboard,treats_snacks,2024-11-19
Deliciously Ella Peanut Butter Oat Bar 50g,£1.00,£2.00 / 100g,null,cupboard,treats_snacks,2024-11-19
Lotte Toppo Double Flavor Cocoa Chocolate 40g,£1.00,£2.50 / 100g,90p,cupboard,treats_snacks,2024-11-19
The Gut Stuff Peanut Butter High Fibre Bar 35g,£1.30,£3.71 / 100g,null,cupboard,treats_snacks,2024-11-19
KIND Protein Crunchy Peanut Butter Snack Bar 50g,£2.20,£4.40 / 100g,null,cupboard,treats_snacks,2024-11-19
The Gut Stuff High Fibre Fruit & Nut Bar Sea Salt & Caramel ...,£1.30,£3.71 / 100g,null,cupboard,treats_snacks,2024-11-19
Nakd Apple & Cinnamon Fruit & Fibre Bar 44g,£1.35,£3.07 / 100g,null,cupboard,treats_snacks,2024-11-19
The Gut Stuff High Fibre Fruit & Nut Bar Cocoa & Hazelnut 35...,£1.30,£3.71 / 100g,null,cupboard,treats_snacks,2024-11-19
Yan Yan Creamy Hazelnut Cocoa Flavour Biscuit Snack 44g,£1.20,£2.73 / 100g,null,cupboard,treats_snacks,2024-11-19
Nakd Bakewell Tart Fruit & Nut Bar 35g,£1.00,£2.86 / 100g,null,cupboard,treats_snacks,2024-11-19
Walkers Quavers Cheese Multipack Crisps Snacks 6x16g,£2.20,£2.29 / 100g,null,cupboard,treats_snacks,2024-11-19
Hula Hoops Original Potato Ring Crisps 6x24g,£2.25,£1.56 / 100g,null,cupboard,treats_snacks,2024-11-19
Pom-Bear Original Multipack Crisps 6x13g,£2.25,£2.88 / 100g,null,cupboard,treats_snacks,2024-11-19
Walkers Ready Salted Multipack Crisps 6x25g,£2.20,£1.47 / 100g,£1.65,cupboard,treats_snacks,2024-11-19
Jacob's Mini Cheddars Original Baked Snacks Multipack 6x23g,£1.75,£1.27 / 100g,null,cupboard,treats_snacks,2024-11-19
Sunbites Sun Ripened Sweet Chilli Multipack Snacks Crisps 6x...,£2.20,£1.47 / 100g,null,cupboard,treats_snacks,2024-11-19
Hula Hoops BBQ Beef Potato Ring Crisps 6x24g,£2.25,£1.56 / 100g,null,cupboard,treats_snacks,2024-11-19
Hula Hoops Variety Pack Potato Ring Crisps 6x24g,£2.25,£1.56 / 100g,null,cupboard,treats_snacks,2024-11-19
Walkers Cheese & Onion Multipack Crisps 6x25g,£2.20,£1.47 / 100g,£1.65,cupboard,treats_snacks,2024-11-19
Walkers Salt & Vinegar Multipack Crisps 6x25g,£2.20,£1.47 / 100g,£1.65,cupboard,treats_snacks,2024-11-19
Walkers Wotsits Really Cheesy Multipack Crisps Snacks 6x16.5...,£2.20,£2.22 / 100g,£1.65,cupboard,treats_snacks,2024-11-19
Walkers Baked Ready Salted Multipack Crisps Snacks 6x22g,£2.20,£1.67 / 100g,null,cupboard,treats_snacks,2024-11-19
Walkers Squares Variety Multipack Crisps Snacks 6x22g,£2.20,£1.67 / 100g,null,cupboard,treats_snacks,2024-11-19
Walkers Baked Cheese & Onion Multipack Crisps Snacks 6x22g,£2.20,£1.67 / 100g,null,cupboard,treats_snacks,2024-11-19
Sainsbury's Ready Salted Multipack Crisps 6x25g,£1.20,80p / 100g,null,cupboard,treats_snacks,2024-11-19
Walkers Squares Salt & Vinegar Multipack CrispsSnacks 6x22g,£2.20,£1.67 / 100g,null,cupboard,treats_snacks,2024-11-19
McCoy's Flame Grilled Steak Crisps 6x25g,£2.25,£1.50 / 100g,£1.75,cupboard,treats_snacks,2024-11-19
Walkers Quavers Cheese Multipack Crisps Snacks 12x16g,£3.00,£1.56 / 100g,null,cupboard,treats_snacks,2024-11-19
Walkers Wotsits Really Cheesy Multipack Crisps Snacks 12x16....,£3.00,£1.52 / 100g,null,cupboard,treats_snacks,2024-11-19
Walkers French Fries Ready Salted Multipack Crisps Snacks 6x...,£2.20,£2.04 / 100g,null,cupboard,treats_snacks,2024-11-19
Walkers Baked Variety Multipack Crisps Snacks 6x22g,£2.20,£1.67 / 100g,null,cupboard,treats_snacks,2024-11-19
Walkers Max Paprika Multipack Crisps 6x27g,£2.20,£1.36 / 100g,null,cupboard,treats_snacks,2024-11-19
Walkers Classic Variety Multipack Crisps 12x25g,£3.00,£1.00 / 100g,null,cupboard,treats_snacks,2024-11-19
Sunbites Sour Cream & Cracked Black Pepper Multipack Snacks ...,£2.20,£1.47 / 100g,null,cupboard,treats_snacks,2024-11-19
Smiths Frazzles Crispy Bacon Multipack Snacks Crisps 6x18g,£1.50,£1.39 / 100g,null,cupboard,treats_snacks,2024-11-19
Sainsbury's Cheese & Onion Multipack Crisps 6x25g,£1.20,80p / 100g,null,cupboard,treats_snacks,2024-11-19
McCoy's Classic Variety Pack Crisps 6x25g,£2.25,£1.50 / 100g,£1.75,cupboard,treats_snacks,2024-11-19
Walkers Prawn Cocktail Multipack Crisps 6x25g,£2.20,£1.47 / 100g,£1.65,cupboard,treats_snacks,2024-11-19
Skips Prawn Cocktail 6x13.1g,£1.50,£1.91 / 100g,null,cupboard,treats_snacks,2024-11-19
Jacob's Mini Cheddars Original Baked Snacks Multipack 12x23g,£3.00,£1.09 / 100g,null,cupboard,treats_snacks,2024-11-19
Walkers Baked Prawn Cocktail Multipack Crisps Snacks 6x22g,£2.20,£1.67 / 100g,null,cupboard,treats_snacks,2024-11-19
Jacob's Mini Cheddars Red Leicester Multipack Snacks 6x23g,£1.75,£1.27 / 100g,null,cupboard,treats_snacks,2024-11-19
Nik Naks Nice 'N' Spicy Crisps 6x20g,£1.50,£1.25 / 100g,null,cupboard,treats_snacks,2024-11-19
Walkers French Fries Variety Multipack Crisps Snacks 12x18g,£3.00,£1.39 / 100g,null,cupboard,treats_snacks,2024-11-19
Hula Hoops Variety Crisps 12x24g,£3.50,£1.22 / 100g,null,cupboard,treats_snacks,2024-11-19
Sainsbury's Variety Multipack Crisps 22x25g,£3.65,66p / 100g,null,cupboard,treats_snacks,2024-11-19
Walkers Ready Salted Crisps 12x25g,£3.00,£1.00 / 100g,null,cupboard,treats_snacks,2024-11-19
Walkers Salt & Shake Multipack Crisps 6x24g,£2.20,£1.53 / 100g,£1.65,cupboard,treats_snacks,2024-11-19
Walkers Classic Variety Multipack Crisps 6x25g,£2.20,£1.47 / 100g,£1.65,cupboard,treats_snacks,2024-11-19
Popchips Barbeque Multipack Crisps 5pk,£2.25,£2.65 / 100g,£1.75,cupboard,treats_snacks,2024-11-19
Sainsbury's Ready Salted Multipack Crisps 12x25g,£2.10,70p / 100g,null,cupboard,treats_snacks,2024-11-19
Smiths Chipsticks Salt & Vinegar Multipack Snacks Crisps 6x1...,£1.50,£1.47 / 100g,null,cupboard,treats_snacks,2024-11-19
Sainsbury's Ridged Steak Multipack Crisps 6x25g,£1.35,90p / 100g,null,cupboard,treats_snacks,2024-11-19
Walkers Meaty Variety Multipack Crisps 20x25g,£4.90,98p / 100g,null,cupboard,treats_snacks,2024-11-19
Sainsbury's Cheesy Curls 6x16g,£1.15,£1.20 / 100g,null,cupboard,treats_snacks,2024-11-19
Walkers Less Salt Lightly Salted Multipack Crisps 6x25g,£2.20,£1.47 / 100g,£1.65,cupboard,treats_snacks,2024-11-19
Walkers Monster Munch Pickled Onion Multipack Crisps Snacks ...,£2.20,£1.47 / 100g,£1.65,cupboard,treats_snacks,2024-11-19
Sainsbury's Salt & Vinegar Multipack Crisps 6x25g,£1.20,80p / 100g,null,cupboard,treats_snacks,2024-11-19
Walkers Roast Chicken Multipack Crisps 6x25g,£2.20,£1.47 / 100g,£1.65,cupboard,treats_snacks,2024-11-19
McCoy's Salt & Vinegar Variety Pack Crisps 6x25g,£2.25,£1.50 / 100g,£1.75,cupboard,treats_snacks,2024-11-19
Snack a Jacks Salt & Vinegar Multipack Rice Cakes Crisps 5x1...,£2.20,£2.50 / 100g,£1.50,cupboard,treats_snacks,2024-11-19
Sainsbury's Assorted Multipack Crisps 6x25g,£1.20,80p / 100g,null,cupboard,treats_snacks,2024-11-19
Walkers Sensations Thai Sweet Chilli Multipack Crisps 5x25g,£2.20,£1.76 / 100g,null,cupboard,treats_snacks,2024-11-19
Walkers Monster Munch Variety Multipack Crisps Snacks 12x20g,£3.00,£1.25 / 100g,null,cupboard,treats_snacks,2024-11-19
Hula Hoops Original Crisps 12x24g,£3.50,£1.22 / 100g,null,cupboard,treats_snacks,2024-11-19
Seabrook Crinkle Cut Crisps Sea Salted 6x25g,£1.45,97p / 100g,null,cupboard,treats_snacks,2024-11-19
Walkers Baked Salt & Vinegar Multipack Crisps Snacks 6x22g,£2.20,£1.67 / 100g,null,cupboard,treats_snacks,2024-11-19
Marmite Yeast Extract Crisps 6x25g,£2.20,£1.47 / 100g,£1.35,cupboard,treats_snacks,2024-11-19
Walkers Smoky Bacon Multipack Crisps 6x25g,£2.20,£1.47 / 100g,£1.65,cupboard,treats_snacks,2024-11-19
Jacob's Mini Cheddars Red Leicester Baked Snacks Multipack 1...,£3.00,£1.09 / 100g,null,cupboard,treats_snacks,2024-11-19
Popchips Sour Cream & Onion Multipack Crisps 5pk,£2.25,£2.65 / 100g,£1.75,cupboard,treats_snacks,2024-11-19
Jacob's Twiglets Original Baked Snacks Multipack 6x23g,£2.35,£1.70 / 100g,null,cupboard,treats_snacks,2024-11-19
Sainsbury's Variety Ridged Multipack Crisps 6x25g,£1.35,90p / 100g,null,cupboard,treats_snacks,2024-11-19
Properchips Barbecue Lentil Chips 5x14g,£2.00,£2.86 / 100g,£1.50,cupboard,treats_snacks,2024-11-19
Proper Sea Salt Lentil Chips x5 14g,£2.00,£2.86 / 100g,£1.50,cupboard,treats_snacks,2024-11-19
Jacob’s Crinklys Cheese & Onion 30% Less Fat Multipack Snack...,£1.80,£1.30 / 100g,£1.25,cupboard,treats_snacks,2024-11-19
Walkers Monster Munch Roast Beef Multipack Crisps Snacks 6x2...,£2.20,£1.67 / 100g,£1.65,cupboard,treats_snacks,2024-11-19
Walkers Cheese & Onion Crisps 12x25g,£3.00,£1.00 / 100g,null,cupboard,treats_snacks,2024-11-19
Discos Variety Pack 6x25.5g,£1.50,98p / 100g,null,cupboard,treats_snacks,2024-11-19
McCoy's Cheddar & Onion Variety Pack Crisps 6x25g,£2.25,£1.50 / 100g,£1.75,cupboard,treats_snacks,2024-11-19
Discos Salt & Vinegar Multipack Crisps x6,£1.50,98p / 100g,null,cupboard,treats_snacks,2024-11-19
Sainsbury's Hot Salsa Dip 300g,£1.40,47p / 100g,null,cupboard,treats_snacks,2024-11-19
Walkers Meaty Variety Crisps 12x25g,£3.00,£1.00 / 100g,null,cupboard,treats_snacks,2024-11-19
Sainsbury's Variety Multipack Crisps 12x25g,£2.10,70p / 100g,null,cupboard,treats_snacks,2024-11-19
Properchips Salt & Vinegar Lentil Chips 5x14g,£2.00,£2.86 / 100g,£1.50,cupboard,treats_snacks,2024-11-19
Skips Prawn Cocktail 14x13.1g,£3.00,£1.64 / 100g,null,cupboard,treats_snacks,2024-11-19
McCoy's Meaty Variety Pack Crisps 6x25g,£2.25,£1.50 / 100g,£1.75,cupboard,treats_snacks,2024-11-19
Walkers Less Salt Mild Cheese & Onion Multipack Crisps 6x25g,£2.20,£1.47 / 100g,£1.65,cupboard,treats_snacks,2024-11-19
Sainsbury's Onion Rings 6x19g,£1.15,£1.01 / 100g,null,cupboard,treats_snacks,2024-11-19
Sainsbury's Prawn Cocktail Multipack Crisps 6x25g,£1.20,80p / 100g,null,cupboard,treats_snacks,2024-11-19
Cheetos Puffs Sweet & Spicy Multipack Snacks Crisps 6x13g,£1.50,£1.92 / 100g,null,cupboard,treats_snacks,2024-11-19
Seabrook Crinkle Cut Crisp Cheese & Onion 6x25g,£1.45,97p / 100g,null,cupboard,treats_snacks,2024-11-19
Walkers Monster Munch BBQ Sauce Multipack Chickpea Crisps 6x...,£2.20,£2.29 / 100g,£1.65,cupboard,treats_snacks,2024-11-19
Jacob’s Crinklys Salt & Vinegar 30% Less Fat Multipack Snack...,£1.80,£1.30 / 100g,£1.25,cupboard,treats_snacks,2024-11-19
Sainsbury's Bacon Crispies 6x20g,£1.15,96p / 100g,null,cupboard,treats_snacks,2024-11-19
Walkers Less Salt a Dash of Salt & Vinegar Multipack Crisps ...,£2.20,£1.47 / 100g,£1.65,cupboard,treats_snacks,2024-11-19
Walkers Crinkles Simply Salted Multipack Crisps x5 23g,£1.65,£1.43 / 100g,null,cupboard,treats_snacks,2024-11-19
Seabrook Crinkle Cut Crisps Variety 6x25g,£1.45,97p / 100g,null,cupboard,treats_snacks,2024-11-19
Walkers Wotsits Cheese Toastie Multipack Chickpea Crisps 6x1...,£2.20,£3.06 / 100g,£1.65,cupboard,treats_snacks,2024-11-19
Doritos Tangy Cheese Tortilla Chips Multipack Crisps 5x30g,£2.20,£1.47 / 100g,null,cupboard,treats_snacks,2024-11-19
McCoy's Thai Sweet Chicken Multipack Crisps 6 Pack,£2.25,£1.50 / 100g,£1.75,cupboard,treats_snacks,2024-11-19
Eat Real Mixed Variety Multipack Chips x5,£2.20,£2.24 / 100g,£1.50,cupboard,treats_snacks,2024-11-19
Organix BBQ Gruffalo Claws Toddler Snack Multipack 12 months...,£2.30,£3.83 / 100g,null,cupboard,treats_snacks,2024-11-19
Seabrook Crinkle Cut Crisps Sea Salt & Vinegar 6x25g,£1.45,97p / 100g,null,cupboard,treats_snacks,2024-11-19
Seabrook Crinkle Cut Crisps Beefy 6x25g,£1.45,97p / 100g,null,cupboard,treats_snacks,2024-11-19
Walkers Wotsits Crispy Bacon Multipack Chickpea Crisps 6x12g,£2.20,£3.06 / 100g,£1.65,cupboard,treats_snacks,2024-11-19
Organix Tomato Noughts & Crosses Organic Baby Puffs Multipac...,£2.30,£3.83 / 100g,£2.00,cupboard,treats_snacks,2024-11-19
Sainsbury's Cheese Balls 6x17g,£1.15,£1.13 / 100g,null,cupboard,treats_snacks,2024-11-19
Snack a Jacks Sour Cream & Chive Multipack Rice Cakes Crisps...,£2.20,£2.50 / 100g,£1.50,cupboard,treats_snacks,2024-11-19
Space Raiders Pickled Onion Multipack Crisps x6 Pack,£1.50,£1.92 / 100g,£1.35,cupboard,treats_snacks,2024-11-19
Seabrook Crinkle Cut Crisps Canadian Ham 6x25g,£1.45,97p / 100g,null,cupboard,treats_snacks,2024-11-19
Seabrook Crinkle Cut Crisps Prawn Cocktail 6x25g,£1.45,97p / 100g,null,cupboard,treats_snacks,2024-11-19
Organix Carrot & Herb Stix Organic Baby Puffs Multipack 10 m...,£2.30,£3.83 / 100g,£2.00,cupboard,treats_snacks,2024-11-19
Cheetos Puffs Cheese Multipack Snacks Crisps 6x13g,£1.50,£1.92 / 100g,null,cupboard,treats_snacks,2024-11-19
Marmite Cheese & Marmite Puffs 6x16.5g,£2.20,£2.22 / 100g,£1.35,cupboard,treats_snacks,2024-11-19
McCoy's Classic Variety Multipack Crisps x12,£3.50,£1.17 / 100g,null,cupboard,treats_snacks,2024-11-19
McCoy's Curry Sauce Flavour Ridge Cut Potato Crisps x6 25g,£2.25,£1.50 / 100g,£1.75,cupboard,treats_snacks,2024-11-19
Jacob's Mini Cheddars Original Multipack Snacks 22x23g,£4.00,79p / 100g,null,cupboard,treats_snacks,2024-11-19
Walkers Crinkles Cheddar Cheese & Onion Multipack Crisps x5 ...,£1.65,£1.43 / 100g,null,cupboard,treats_snacks,2024-11-19
Jacob's Mini Cheddars Roasted Tomato Multipack Baked Snacks ...,£1.75,£1.27 / 100g,null,cupboard,treats_snacks,2024-11-19
Jacob's Mini Cheddars Smoked Cheddar Multipack Baked Snacks ...,£1.75,£1.27 / 100g,null,cupboard,treats_snacks,2024-11-19
McCoy's Epic Eats Flamin Fajita Multipack Crisps x6,£2.25,£1.50 / 100g,null,cupboard,treats_snacks,2024-11-19
Eat Real Salted Lentil Multipack Chips 5x18g,£2.20,£2.44 / 100g,£1.50,cupboard,treats_snacks,2024-11-19
Organix Cheese & Herb Organic Baby Puffs Multipack 10 months...,£2.30,£3.83 / 100g,£2.00,cupboard,treats_snacks,2024-11-19
McCoy's Epic Eats Grilled Cheese Multipack Crisps x6,£2.25,£1.50 / 100g,null,cupboard,treats_snacks,2024-11-19
Jacob's Crinklys Chilli Beef Multipack Snacks 6x23g,£1.80,£1.30 / 100g,£1.25,cupboard,treats_snacks,2024-11-19
Walkers Oven Baked Prawn Cocktail Flavoured Crisp Snacks 37....,£1.10,£2.93 / 100g,null,cupboard,treats_snacks,2024-11-19
Stamford Street Co. Tortilla Chips 200g,57p,29p / 100g,null,cupboard,treats_snacks,2024-11-19
Twiglets Original Baked Snacks Christmas Tub 200g,£2.50,£1.25 / 100g,£2.00,cupboard,treats_snacks,2024-11-19
Walkers Sensations Thai Sweet Chilli Sharing Bag Crisps 150g,£2.50,£1.67 / 100g,null,cupboard,treats_snacks,2024-11-19
"Sainsbury's Gourmet Sea Salt Crisps, Taste the Difference 15...",£1.50,£1.00 / 100g,null,cupboard,treats_snacks,2024-11-19
Jacob's Treeselets 280g,£2.50,89p / 100g,£2.00,cupboard,treats_snacks,2024-11-19
Kettle Chips Sea Salt & Balsamic Vinegar of Modena Sharing C...,£2.40,£1.85 / 100g,null,cupboard,treats_snacks,2024-11-19
Pringles Original Sharing Crisps 185g,£2.25,£1.22 / 100g,£1.50,cupboard,treats_snacks,2024-11-19
Kettle Chips Lightly Salted Sharing Crisps 130g,£2.40,£1.85 / 100g,null,cupboard,treats_snacks,2024-11-19
Pringles Sour Cream & Onion Sharing Crisps 185g,£2.25,£1.22 / 100g,£1.50,cupboard,treats_snacks,2024-11-19
Sainsbury's Tortilla Chips Salted 200g,£1.20,60p / 100g,null,cupboard,treats_snacks,2024-11-19
Kettle Chips Sweet Chilli & Sour Cream Sharing Crisps 130g,£2.40,£1.85 / 100g,null,cupboard,treats_snacks,2024-11-19
Pringles Salt & Vinegar Sharing Crisps 185g,£2.25,£1.22 / 100g,£1.50,cupboard,treats_snacks,2024-11-19
Sainsbury's Tortilla Chips Cool 200g,£1.20,60p / 100g,null,cupboard,treats_snacks,2024-11-19
Sensations Lime & Coriander Chutney Sharing Poppadoms 82.5g,£2.50,£3.03 / 100g,null,cupboard,treats_snacks,2024-11-19
Tyrrells Cider Vinegar & Salt Sharing Crisps 150g,£2.75,£1.83 / 100g,null,cupboard,treats_snacks,2024-11-19
"Sainsbury's Pigs in Blankets Crisps, Taste the Difference 15...",£1.50,£1.00 / 100g,null,cupboard,treats_snacks,2024-11-19
Penn State Sea Salted Sharing Pretzels 175g,£1.50,86p / 100g,null,cupboard,treats_snacks,2024-11-19
Tyrrells Chips Lightly Sea Salted 150g,£2.75,£1.83 / 100g,null,cupboard,treats_snacks,2024-11-19
Sensations Roast Chicken & Thyme Sharing Crisps 150g,£2.50,£1.67 / 100g,null,cupboard,treats_snacks,2024-11-19
Pringles Texas BBQ Sauce Flavour Sharing Crisps 185g,£2.25,£1.22 / 100g,£1.50,cupboard,treats_snacks,2024-11-19
Kettle Chips Mature Cheddar & Red Onion Sharing Crisps 130g,£2.40,£1.85 / 100g,null,cupboard,treats_snacks,2024-11-19
Tyrrells Cheddar Cheese & Chive Sharing Crisps 150g,£2.75,£1.83 / 100g,null,cupboard,treats_snacks,2024-11-19
Properchips Sea Salt Lentil Chips 85g,£2.00,£2.35 / 100g,null,cupboard,treats_snacks,2024-11-19
Tyrrells Sweet Chilli & Red Pepper Sharing Crisps 150g,£2.75,£1.83 / 100g,null,cupboard,treats_snacks,2024-11-19
Kettle Chips Sea Salt & Crushed Black Peppercorns Sharing Cr...,£2.40,£1.85 / 100g,null,cupboard,treats_snacks,2024-11-19
Butterkist Popcorn Sweet & Salted 100g,£2.00,£2.00 / 100g,null,cupboard,treats_snacks,2024-11-19
Sainsbury's Ready Salted Potato Sticks 150g,£1.20,80p / 100g,null,cupboard,treats_snacks,2024-11-19
Sainsbury's Prawn Crackers 80g,£1.45,£1.81 / 100g,null,cupboard,treats_snacks,2024-11-19
Penn State Sour Cream & Chives Sharing Pretzels 175g,£1.50,86p / 100g,null,cupboard,treats_snacks,2024-11-19
"Sainsbury's Cheddar & Spring Onion Crisps, Taste the Differe...",£1.50,£1.00 / 100g,null,cupboard,treats_snacks,2024-11-19
Doritos Cool Original Tortilla Chips Sharing Bag Crisps 180g,£2.50,£1.39 / 100g,£1.65,cupboard,treats_snacks,2024-11-19
Jacob's Mini Cheddars Original Cheese Baked Snacks Christmas...,£2.50,96p / 100g,£2.00,cupboard,treats_snacks,2024-11-19
"Sainsbury's Sea Salt & Cider Vinegar Crisps, Taste the Diffe...",£1.50,£1.00 / 100g,null,cupboard,treats_snacks,2024-11-19
Sainsbury's Mild Salsa Dip 300g,£1.40,47p / 100g,null,cupboard,treats_snacks,2024-11-19
Walkers Wotsits Crunchy Really Cheesy Snacks Crisps 140g,£2.25,£1.88 / 100g,£1.75,cupboard,treats_snacks,2024-11-19
Walkers Baked Salt & Vinegar Multipack Crisps Snacks 6x22g,£2.20,£1.67 / 100g,null,cupboard,treats_snacks,2024-11-19
Marmite Yeast Extract Crisps 6x25g,£2.20,£1.47 / 100g,£1.35,cupboard,treats_snacks,2024-11-19
Sainsbury's Prawn Crackers 70g,£1.30,£1.86 / 100g,null,cupboard,treats_snacks,2024-11-19
Tyrrells Mixed Root Vegetable Sharing Crisps 125g,£2.75,£2.20 / 100g,null,cupboard,treats_snacks,2024-11-19
Popchips Barbeque Sharing Crisps 85g,£2.25,£2.65 / 100g,null,cupboard,treats_snacks,2024-11-19
Sainsbury's Bacon Crispies 140g,£1.15,82p / 100g,null,cupboard,treats_snacks,2024-11-19
Sainsbury's Cheese Savouries 250g,£1.30,52p / 100g,null,cupboard,treats_snacks,2024-11-19
Jacob's Crinklys Cheese & Onion Baked Snacks Christmas Tub 2...,£2.50,£1.25 / 100g,£2.00,cupboard,treats_snacks,2024-11-19
Sainsbury's Cheese Balls 140g,£1.20,86p / 100g,null,cupboard,treats_snacks,2024-11-19
Jacob's Cracker Crisps Sour Cream & Chive 150g,£1.35,90p / 100g,null,cupboard,treats_snacks,2024-11-19
Properchips Barbecue Lentil Chips 5x14g,£2.00,£2.86 / 100g,£1.50,cupboard,treats_snacks,2024-11-19
Sainsbury's Christmas Tree Salted Tortilla Chips 200g,£1.85,93p / 100g,£1.25,cupboard,treats_snacks,2024-11-19
Properchips Barbecue Lentil Chips 85g,£2.00,£2.35 / 100g,null,cupboard,treats_snacks,2024-11-19
Sainsbury's Tortilla Chips Tangy Cheese 200g,£1.20,60p / 100g,null,cupboard,treats_snacks,2024-11-19
Tyrrells Furrows Sea Salted Sharing Crisps 150g,£2.75,£1.83 / 100g,£1.75,cupboard,treats_snacks,2024-11-19
Doritos Tangy Cheese Tortilla Chips Sharing Bag Crisps 180g,£2.50,£1.39 / 100g,£1.65,cupboard,treats_snacks,2024-11-19
Off the Eaten Path Balsamic Vinegar Bean Sticks 100g,£2.50,£2.50 / 100g,null,cupboard,treats_snacks,2024-11-19
Jacob's Cracker Crisps Salt & Balsamic Sharing Bag Snacks 15...,£1.35,90p / 100g,null,cupboard,treats_snacks,2024-11-19
Sainsbury's Mini Poppadoms 100g,£1.40,£1.40 / 100g,null,cupboard,treats_snacks,2024-11-19
"Sainsbury's Turkey Gravy Flavour Crisps, Taste the Differenc...",£1.50,£1.00 / 100g,null,cupboard,treats_snacks,2024-11-19
Sainsbury's Duck & Spiced Plum Flavour Hand Cooked Potato Cr...,£1.50,£1.00 / 100g,null,cupboard,treats_snacks,2024-11-19
Walkers Wotsits Giants Sweet & Spicy Sharing Snacks Crisps 1...,£2.25,£1.73 / 100g,null,cupboard,treats_snacks,2024-11-19
Popchips Sour Cream & Onion Sharing Crisps 85g,£2.25,£2.65 / 100g,null,cupboard,treats_snacks,2024-11-19
Doritos Chilli Heatwave Tortilla Chips Sharing Bag Crisps 18...,£2.50,£1.39 / 100g,£1.65,cupboard,treats_snacks,2024-11-19
Pringles Paprika Sharing Crisps 185g,£2.25,£1.22 / 100g,£1.50,cupboard,treats_snacks,2024-11-19
Sainsbury's Salt & Vinegar Potato Twirls 125g,£1.20,96p / 100g,null,cupboard,treats_snacks,2024-11-19
KP Cheese Footballs Tin 142g,£2.75,£1.96 / 100g,null,cupboard,treats_snacks,2024-11-19
KP Original Salted Peanuts 375g,£4.75,£1.27 / 100g,null,cupboard,treats_snacks,2024-11-19
Sainsbury's Hot Salsa Dip 300g,£1.40,47p / 100g,null,cupboard,treats_snacks,2024-11-19
Pringles Cheese & Onion Sharing Crisps 185g,£2.25,£1.22 / 100g,£1.50,cupboard,treats_snacks,2024-11-19
Walkers Bugles Southern Style BBQ Sharing Snacks 110g,£1.50,£1.36 / 100g,null,cupboard,treats_snacks,2024-11-19
Popchips Sea Salt & Vinegar Sharing Crisps 85g,£2.25,£2.65 / 100g,null,cupboard,treats_snacks,2024-11-19
Sainsbury's Salted Pretzel Stars 300g,£2.25,75p / 100g,null,cupboard,treats_snacks,2024-11-19
Jacob's Cheeselets Cheese Snacks 125g,£1.15,92p / 100g,null,cupboard,treats_snacks,2024-11-19
Sainsbury's Maple Honey Roasted Peanuts & Cashews 350g,£4.00,£1.14 / 100g,£3.50,cupboard,treats_snacks,2024-11-19
Properchips Salt & Vinegar Lentil Chips 85g,£2.00,£2.35 / 100g,null,cupboard,treats_snacks,2024-11-19
Sainsbury's Tortilla Chips Chilli 200g,£1.20,60p / 100g,null,cupboard,treats_snacks,2024-11-19
Properchips Salt & Vinegar Lentil Chips 5x14g,£2.00,£2.86 / 100g,£1.50,cupboard,treats_snacks,2024-11-19
"Sainsbury's Sea Salted Ridge Cut Hand Cooked Crisps, Taste t...",£1.50,£1.00 / 100g,null,cupboard,treats_snacks,2024-11-19
Sainsbury’s Salt & Vinegar Crunchy Sticks 140g,£1.20,86p / 100g,null,cupboard,treats_snacks,2024-11-19
Doritos Dippers Hint of Salt Sharing Tortilla Crisps Chips 2...,£2.50,£1.09 / 100g,null,cupboard,treats_snacks,2024-11-19
Pipers Anglesey Sea Salt Sharing Crisps 150g,£3.00,£2.00 / 100g,£2.00,cupboard,treats_snacks,2024-11-19
Jacob's Twiglets Snacks 150g,£2.70,£1.80 / 100g,£1.50,cupboard,treats_snacks,2024-11-19
Tyrrells Sea Salt & Black Pepper Sharing Crisps 150g,£2.75,£1.83 / 100g,null,cupboard,treats_snacks,2024-11-19
Walkers Sensations Salted & Black Peppercorn Sharing Crisps ...,£2.50,£1.67 / 100g,null,cupboard,treats_snacks,2024-11-19
Sainsbury's Lion Snacks Lightly Salted 6x15g,£1.30,£1.44 / 100g,null,cupboard,treats_snacks,2024-11-19
Cheez-It Double Cheese Thin & Crispy Baked Snacks 150g,£2.00,£1.33 / 100g,£1.50,cupboard,treats_snacks,2024-11-19
"Sainsbury's Thai Sweet Chilli Crisps, Taste The Difference 1...",£1.50,£1.00 / 100g,null,cupboard,treats_snacks,2024-11-19
Tyrrells Lentil Sharing Crisps Sour Cream & Onion 80g,£2.00,£2.50 / 100g,null,cupboard,treats_snacks,2024-11-19
Eat Real Salted Lentil Chips Sharing 95g,£2.00,£2.11 / 100g,null,cupboard,treats_snacks,2024-11-19
Pringles Prawn Cocktail Sharing Crisps 185g,£2.25,£1.22 / 100g,£1.50,cupboard,treats_snacks,2024-11-19
Pringles Smokey Bacon Sharing Crisps 185g,£2.25,£1.22 / 100g,£1.50,cupboard,treats_snacks,2024-11-19
Walkers Sensations Mature Cheddar Cheese & Chilli Crisps 150...,£2.50,£1.67 / 100g,null,cupboard,treats_snacks,2024-11-19
Pringles Hot Smokin' BBQ Ribs Sharing Crisps 160g,£2.25,£1.41 / 100g,£1.85,cupboard,treats_snacks,2024-11-19
Gran Luchito Mexican Tortilla Chips Lightly Salted 170g,£2.65,£1.56 / 100g,null,cupboard,treats_snacks,2024-11-19
Manomasa Manchego & Green Olive Sharing Tortilla Chips 140g,£2.20,£1.57 / 100g,£1.50,cupboard,treats_snacks,2024-11-19
Pipers Lye Cross Cheddar & Onion Sharing Crisps 150g,£3.00,£2.00 / 100g,£2.00,cupboard,treats_snacks,2024-11-19
Popworks Sweet & Salty Sharing Popped Crisps 85g,£2.00,£2.35 / 100g,null,cupboard,treats_snacks,2024-11-19
Sainsbury's Beef Potato Sticks 150g,£1.20,80p / 100g,null,cupboard,treats_snacks,2024-11-19
Tyrrells Lentil Sharing Crisps Sweet Chilli & Red Pepper 80g,£2.00,£2.50 / 100g,null,cupboard,treats_snacks,2024-11-19
Doritos Mild Salsa Sharing Dip 300g,£2.50,83p / 100g,null,cupboard,treats_snacks,2024-11-19
Pipers Great Berwick Longhorn Beef Sharing Crisps 150g,£3.00,£2.00 / 100g,£2.00,cupboard,treats_snacks,2024-11-19
Popchips Sea Salt Sharing Crisps 85g,£2.25,£2.65 / 100g,null,cupboard,treats_snacks,2024-11-19
Off the Eaten Path Sea Salt Bean Sticks 100g,£2.50,£2.50 / 100g,null,cupboard,treats_snacks,2024-11-19
Sainsbury's Jumbo Pigs in Blankets Flavour Puffs 250g,£2.25,90p / 100g,null,cupboard,treats_snacks,2024-11-19
Tyrrells Furrows Sea Salt & Vinegar Sharing Crisps 150g,£2.75,£1.83 / 100g,£1.75,cupboard,treats_snacks,2024-11-19
Eat Real Sea Salt Veggie Straws Sharing 110g,£2.00,£1.82 / 100g,null,cupboard,treats_snacks,2024-11-19
Manomasa Chipotle & Lime 140g,£2.20,£1.57 / 100g,£1.50,cupboard,treats_snacks,2024-11-19
Walkers Monster Munch Giants Pickled Onion Sharing Snacks Cr...,£2.25,£2.65 / 100g,null,cupboard,treats_snacks,2024-11-19
Schär Gluten Free Curvies Original 170g,£3.20,£1.88 / 100g,null,cupboard,treats_snacks,2024-11-19
Skips Prawn Cocktail Sharing Crisps 65g,£1.25,£1.92 / 100g,null,cupboard,treats_snacks,2024-11-19
Sainsbury's Sour Cream & Chive Combo Snacks 150g,£1.85,£1.23 / 100g,null,cupboard,treats_snacks,2024-11-19
"Sainsbury's Brie & Bubbly Flavour Hand Cooked Potato Crisps,...",£1.50,£1.00 / 100g,null,cupboard,treats_snacks,2024-11-19
Doritos Hot Salsa Sharing Dip 300g,£2.50,83p / 100g,null,cupboard,treats_snacks,2024-11-19
Walkers Max Strong Jalapeño & Cheese Sharing Crisps 140g,£2.50,£1.79 / 100g,£1.50,cupboard,treats_snacks,2024-11-19
KP Dry Roasted Peanuts 375g,£4.75,£1.27 / 100g,null,cupboard,treats_snacks,2024-11-19
Old El Paso Gluten Free Crunchy Nacho Chips 185g,£2.15,£1.16 / 100g,null,cupboard,treats_snacks,2024-11-19
Serious Pig Snacking Pickles 40g,£1.50,£3.75 / 100g,null,cupboard,treats_snacks,2024-11-19
Graze Snack Box Dark Chocolate & Cherry with Crunchy Pecans ...,£1.20,£3.00 / 100g,null,cupboard,treats_snacks,2024-11-19
Old El Paso Gluten Free Regular Original Tortillas x6 216g,£3.00,£1.39 / 100g,null,cupboard,treats_snacks,2024-11-19
Pipers Burrow Hill Cider Vinegar & Sea Salt Sharing Crisps 1...,£3.00,£2.00 / 100g,£2.00,cupboard,treats_snacks,2024-11-19
Tyrrells Roasted Chicken & Sage Sharing Crisps 150g,£2.75,£1.83 / 100g,null,cupboard,treats_snacks,2024-11-19
Pipers Trealy Farm Chorizo Sharing Crisps 150g,£3.00,£2.00 / 100g,£2.00,cupboard,treats_snacks,2024-11-19
Sainsbury's Lightly Salted Lentil Triangles 85g,£1.30,£1.53 / 100g,null,cupboard,treats_snacks,2024-11-19
Sainsbury's Glazed Gammon Combo Mix 150g,£1.85,£1.23 / 100g,null,cupboard,treats_snacks,2024-11-19
Forest Feast Slow Roasted Sea Salt & Black Peppercorn Nut Mi...,£3.40,£2.83 / 100g,null,cupboard,treats_snacks,2024-11-19
Walkers Max Punchy Paprika Sharing Crisps 140g,£2.50,£1.79 / 100g,£1.50,cupboard,treats_snacks,2024-11-19
Eat Real Tomato & Basil Hummus Chips Sharing 110g,£2.00,£1.82 / 100g,null,cupboard,treats_snacks,2024-11-19
Walkers Ready Salted Sharing Crisps 150g,£1.50,£1.00 / 100g,null,cupboard,treats_snacks,2024-11-19
Walkers Cheese & Onion Sharing Crisps 150g,£1.50,£1.00 / 100g,null,cupboard,treats_snacks,2024-11-19
Wonderful Roasted Salted XXL Pistachios 115g,£2.15,£1.87 / 100g,null,cupboard,treats_snacks,2024-11-19
Smiths Frazzles Bacon Crisps Sharing Bag 120g,£1.50,£1.25 / 100g,null,cupboard,treats_snacks,2024-11-19
Tyrrells Truffle & Sea Salt Sharing Crisps 135g,£2.75,£2.04 / 100g,null,cupboard,treats_snacks,2024-11-19
Walkers Cheese & Onion Crisps 45g,£1.10,£2.44 / 100g,null,cupboard,treats_snacks,2024-11-19
Sainsbury's Sour Cream & Chive Dip 280g,£1.40,50p / 100g,null,cupboard,treats_snacks,2024-11-19
Cheez-It Cheese Sour Cream & Onion Thin & Crispy Baked Snack...,£2.00,£1.33 / 100g,£1.50,cupboard,treats_snacks,2024-11-19
Walkers Ready Salted Crisps 45g,£1.10,£2.44 / 100g,null,cupboard,treats_snacks,2024-11-19
Graze Snack Box Lemon Drizzle Flapjack 53g,£1.20,£2.40 / 100g,null,cupboard,treats_snacks,2024-11-19
Kettle Sour Cream & Chive Potato Chips 130g,£2.40,£1.85 / 100g,null,cupboard,treats_snacks,2024-11-19
Mr Porky Hand Cooked Pork Scratchings 65g,£1.75,£2.69 / 100g,null,cupboard,treats_snacks,2024-11-19
KP Honey Roast Peanuts 375g,£4.75,£1.27 / 100g,null,cupboard,treats_snacks,2024-11-19
Sainsbury's Free From Lightly Salted Christmas Tree Tortilla...,£1.20,60p / 100g,null,cupboard,treats_snacks,2024-11-19
Pringles Hot Flamin' Cheese Sharing Crisps 160g,£2.25,£1.41 / 100g,£1.85,cupboard,treats_snacks,2024-11-19
Kettle Ridge Cut Asian Chilli Beef Potato Chips 130g,£2.40,£1.85 / 100g,null,cupboard,treats_snacks,2024-11-19
Pringles Hot Mexican Chilli & Lime Sharing Crisps 160g,£2.25,£1.41 / 100g,£1.85,cupboard,treats_snacks,2024-11-19
Pipers Atlas Mountains Wild Thyme & Rosemary Sharing Crisps ...,£3.00,£2.00 / 100g,£2.00,cupboard,treats_snacks,2024-11-19
Doritos Extra Flamin Hot Sharing Bag Crisps 163g,£2.50,£1.53 / 100g,£1.75,cupboard,treats_snacks,2024-11-19
Sainsbury's Ancho & Habanero Chilli Salsa Corn Masa Tortilla...,£1.35,90p / 100g,null,cupboard,treats_snacks,2024-11-19
Sainsbury's Barbecue Lentil Tubes 85g,£1.30,£1.53 / 100g,null,cupboard,treats_snacks,2024-11-19
Howdah Tandoor Chilli Ancient Grain Chips 130g,£2.50,£1.92 / 100g,null,cupboard,treats_snacks,2024-11-19
Doritos Nacho Cheese Sharing Dip 280g,£2.50,89p / 100g,null,cupboard,treats_snacks,2024-11-19
Schär Gluten Free Grissini 3x50g,£2.90,£1.93 / 100g,null,cupboard,treats_snacks,2024-11-19
Kettle Ridge Cut Chorizo & Red Pepper Potato Chips 130g,£2.40,£1.85 / 100g,null,cupboard,treats_snacks,2024-11-19
Laila Plain Mini Poppadoms 75g,80p,£1.07 / 100g,null,cupboard,treats_snacks,2024-11-19
Sainsbury's Mini Poppadoms 70g,£1.25,£1.79 / 100g,null,cupboard,treats_snacks,2024-11-19
Walkers Salt & Vinegar Crisps 45g,£1.10,£2.44 / 100g,null,cupboard,treats_snacks,2024-11-19
Sainsbury's Free From Nacho Tortilla Chips 200g,£1.20,60p / 100g,null,cupboard,treats_snacks,2024-11-19
Doritos Dippers Hint of Paprika Sharing Tortilla Chips 230g,£2.50,£1.09 / 100g,null,cupboard,treats_snacks,2024-11-19
Nik Naks Nice N Spicy Sharing Crisps 95g,£1.25,£1.32 / 100g,null,cupboard,treats_snacks,2024-11-19
Doritos Cool Sour Cream & Chives Sharing Dip 280g,£2.50,89p / 100g,null,cupboard,treats_snacks,2024-11-19
Cofresh Luxury Bombay Mix 200g,£1.50,75p / 100g,null,cupboard,treats_snacks,2024-11-19
Walkers Salt & Vinegar Sharing Crisps 150g,£1.50,£1.00 / 100g,null,cupboard,treats_snacks,2024-11-19
Eat Real Sour Cream & Chive Quinoa Chips Sharing 90g,£2.00,£2.22 / 100g,null,cupboard,treats_snacks,2024-11-19
Sainsbury's Tomato Ketchup Potato Sticks 150g,£1.20,80p / 100g,null,cupboard,treats_snacks,2024-11-19
Walkers Prawn Cocktail Crisps 45g,£1.10,£2.44 / 100g,null,cupboard,treats_snacks,2024-11-19
Wotsits Crunchy Extra Flamin Hot Sharing Bag Crisps 130g,£2.25,£1.73 / 100g,£1.75,cupboard,treats_snacks,2024-11-19
Sainsbury's Smoky Bacon Lentil Triangles 85g,£1.30,£1.53 / 100g,null,cupboard,treats_snacks,2024-11-19
Jacob's Crinklys Cheese & Onion Snacks Share Bag 150g,£2.00,£1.33 / 100g,null,cupboard,treats_snacks,2024-11-19
"Sainsbury's Beef & Caramelised Onion, Taste the Difference",£1.50,£1.00 / 100g,null,cupboard,treats_snacks,2024-11-19
Cheetos Twisted Sweet & Spicy Sharing Bag Crisps 110g,£1.50,£1.36 / 100g,null,cupboard,treats_snacks,2024-11-19
Eat Real Sea Salt & Balsamic Vinegar Hummus Chips Sharing 11...,£2.00,£1.82 / 100g,null,cupboard,treats_snacks,2024-11-19
Sainsbury's Flourish Sea Salt & Vinegar Crunch 120g,£1.55,£1.29 / 100g,null,cupboard,treats_snacks,2024-11-19
McCoy's Steak Flavour Flame Grilled Potato Crisps 45g,£1.10,£2.44 / 100g,null,cupboard,treats_snacks,2024-11-19
Cheez-It Cheese & Chilli Thin & Crispy Baked Snacks 150g,£2.00,£1.33 / 100g,£1.50,cupboard,treats_snacks,2024-11-19
Sainsbury's Prawn Cocktail Combo Mix 150g,£1.85,£1.23 / 100g,null,cupboard,treats_snacks,2024-11-19
Pipers Biggleswade Sweet Chilli Crisps 40g,£1.35,£3.38 / 100g,null,cupboard,treats_snacks,2024-11-19
Jacob's Crinklys Salt & Vinegar Flavour 150g,£2.00,£1.33 / 100g,null,cupboard,treats_snacks,2024-11-19
"Sainsbury's Free From Salted Caramel Crispy Stacker, Taste t...",£2.65,53p / ea,null,cupboard,treats_snacks,2024-11-19
Hula Hoops Salt & Vinegar Flavour Big Hoops Sharp 45g,£1.10,£2.44 / 100g,null,cupboard,treats_snacks,2024-11-19
"Cofresh Bombay Mix Savoury Snack, Special Edition 200g",£1.00,48p / 100g,null,cupboard,treats_snacks,2024-11-19
McCoy's Thai Sweet Chicken Grab Bag Crisps 45g,£1.10,£2.44 / 100g,null,cupboard,treats_snacks,2024-11-19
Howdah Onion Bhaji Crunchy Crescents with Zingy Spices 150g,£2.50,£1.67 / 100g,null,cupboard,treats_snacks,2024-11-19
Kurkure Masala Munch Sharing Snacks Crisps 100g,£1.40,£1.40 / 100g,null,cupboard,treats_snacks,2024-11-19
Proper Ghost Chilli + Yuzu Chickpea Chips 85g,£2.00,£2.35 / 100g,£1.50,cupboard,treats_snacks,2024-11-19
Walkers Max Pizza Hut Texan BBQ Sharing Crisps 140g,£2.50,£1.79 / 100g,£1.50,cupboard,treats_snacks,2024-11-19
Sainsbury's Free From Salted Pretzel Thins 100g,£1.85,£1.85 / 100g,null,cupboard,treats_snacks,2024-11-19
Mister Free'd Avocado Guacamole Flavour Tortilla Chips 135g,£2.00,£1.48 / 100g,£1.35,cupboard,treats_snacks,2024-11-19
Sainsbury's On the Go Roasted & Salted Mixed Nuts 60g,£1.00,£1.67 / 100g,null,cupboard,treats_snacks,2024-11-19
Popworks Sweet BBQ Sharing Popped Crisps 85g,£2.00,£2.35 / 100g,null,cupboard,treats_snacks,2024-11-19
Jammie Dodgers Raspberry Flavour Giant Jammie 50g,£1.00,£2.00 / 100g,null,cupboard,treats_snacks,2024-11-19
Graze Snack Box Cocoa & Vanilla Protein Flapjack 54g,£1.20,£2.26 / 100g,null,cupboard,treats_snacks,2024-11-19
Laila Mini Poppadoms Yoghurt Mint & Coriander 75g,80p,£1.07 / 100g,null,cupboard,treats_snacks,2024-11-19
Pipers Upton Cheyney Jalapeño & Dill Sharing Crisps 150g,£3.00,£2.00 / 100g,£2.00,cupboard,treats_snacks,2024-11-19
Raise Clusters of Nuts & Seeds Maple Pecan 35g,£1.25,£3.57 / 100g,£1.00,cupboard,treats_snacks,2024-11-19
Forest Feast Slow Roasted Heather Honey Peanuts & Cashews 12...,£3.40,£2.83 / 100g,null,cupboard,treats_snacks,2024-11-19
Raise Clusters of Nuts & Seeds Caramel Sea Salt 35g,£1.25,£3.57 / 100g,£1.00,cupboard,treats_snacks,2024-11-19
Blanco Nino White Corn Tortilla Chips with Celestun Salt 170...,£3.00,£1.76 / 100g,null,cupboard,treats_snacks,2024-11-19
Pipers Great Berwick Longhorn Beef Crisps 40g,£1.35,£3.38 / 100g,null,cupboard,treats_snacks,2024-11-19
Kurkure Chilli Chatka 100g,£1.40,£1.40 / 100g,null,cupboard,treats_snacks,2024-11-19
Sainsbury's Paprika Lentil Triangles 85g,£1.30,£1.53 / 100g,null,cupboard,treats_snacks,2024-11-19
Cofresh Thin Sev Savoury Indian Snack 325g,£1.00,31p / 100g,null,cupboard,treats_snacks,2024-11-19
Cofresh Mango Chutney Grills Flavoured Potato Snack 80g,£1.00,£1.25 / 100g,null,cupboard,treats_snacks,2024-11-19
Lorenz Crunchips Paprika 140g,£2.30,£1.64 / 100g,null,cupboard,treats_snacks,2024-11-19
Proper Katsu Curry Flavour Chickpea Chips 85g,£2.00,£2.35 / 100g,£1.50,cupboard,treats_snacks,2024-11-19
Walkers Roast Chicken Crisps 45g,£1.10,£2.44 / 100g,null,cupboard,treats_snacks,2024-11-19
Sainsbury's Free From Turkey & Stuffing Flavour Tortilla Cur...,£1.20,80p / 100g,null,cupboard,treats_snacks,2024-11-19
Schär Gluten Free Curvies BBQ 170g,£3.20,£1.88 / 100g,null,cupboard,treats_snacks,2024-11-19
Walkers Max Extra Flamin Hot Sharing Bag Crisps 130g,£2.50,£1.92 / 100g,£1.75,cupboard,treats_snacks,2024-11-19
Cofresh Light Chilli & Lemon Grills Flavoured Yellow Pea Sna...,75p,88p / 100g,null,cupboard,treats_snacks,2024-11-19
Doritos Cool Original Tortilla Chips Grab Bag Crisps 48g,£1.00,£2.08 / 100g,null,cupboard,treats_snacks,2024-11-19
Pipers Anglesey Sea Salt Crisps 40g,£1.35,£3.38 / 100g,null,cupboard,treats_snacks,2024-11-19
Reese's Dipped Pretzels 120g,£3.95,£3.29 / 100g,null,cupboard,treats_snacks,2024-11-19
Mister Free'd Tortilla Chips Cheezie Cheese Flavour 135g,£2.00,£1.48 / 100g,£1.35,cupboard,treats_snacks,2024-11-19
itsu Crispy Seaweed Thins Sea Salt 5g,£1.00,£20.00 / 100g,null,cupboard,treats_snacks,2024-11-19
McCoy's Ridge Cut Cheddar & Onion Flavour Potato Crisps 45g,£1.10,£2.44 / 100g,null,cupboard,treats_snacks,2024-11-19
Capsicana Tortilla Chips Lightly Salted 170g,£2.35,£1.38 / 100g,£1.80,cupboard,treats_snacks,2024-11-19
Walkers Smoky Bacon Crisps 45g,£1.10,£2.44 / 100g,null,cupboard,treats_snacks,2024-11-19
Pick Up! Original 28g,75p,£2.68 / 100g,null,cupboard,treats_snacks,2024-11-19
Doritos Tangy Cheese Tortilla Chips Grab Bag Crisps 48g,£1.00,£2.08 / 100g,null,cupboard,treats_snacks,2024-11-19
Brave Roasted Chickpeas Sea Salt 35g,£1.00,£2.86 / 100g,null,cupboard,treats_snacks,2024-11-19
Blanco Nino White Corn Tortilla Chips with Ancho Chilli & Ze...,£3.00,£1.76 / 100g,null,cupboard,treats_snacks,2024-11-19
Blanco Nino Creamy Jalapeno White Corn Tortilla Chips Retail...,£3.00,£1.76 / 100g,null,cupboard,treats_snacks,2024-11-19
Proper Jerk Sauce Flavour Chickpea Chips 85g,£2.00,£2.35 / 100g,£1.50,cupboard,treats_snacks,2024-11-19
KP Original Salted Peanuts Snack Pack 30g,£1.10,£3.67 / 100g,70p,cupboard,treats_snacks,2024-11-19
Jaimin Softy Chakli 200g,£1.60,80p / 100g,null,cupboard,treats_snacks,2024-11-19
Discos Salt & Vinegar Grab Bag Crisps 50g,£1.10,£2.20 / 100g,null,cupboard,treats_snacks,2024-11-19
Walkers Baked Sea Salt Snacks Crisps 37.5g,£1.10,£2.93 / 100g,null,cupboard,treats_snacks,2024-11-19
KP Roasted Peanuts Dry Snack Pack 30g,£1.10,£3.67 / 100g,70p,cupboard,treats_snacks,2024-11-19
Proper Chips Sea Salt Lentil Chips 20g,£1.05,£5.25 / 100g,null,cupboard,treats_snacks,2024-11-19
Walkers Sensations Honey Glazed Ham Sharing Bag Crisps 150g,£2.50,£1.67 / 100g,£1.50,cupboard,treats_snacks,2024-11-19
Estrella Sourcream & Onion 130g,£2.65,£2.04 / 100g,£2.50,cupboard,treats_snacks,2024-11-19
Graze Peanut Butter Chocolate Protein Flapjack 50g,£1.20,£2.40 / 100g,null,cupboard,treats_snacks,2024-11-19
Graze Snack Box Punchy Protein Nuts 35g,£1.20,£3.16 / 100g,null,cupboard,treats_snacks,2024-11-19
Sainsbury's On the Go Dark Chocolate Corn Thins 32.5g,80p,£2.42 / 100g,null,cupboard,treats_snacks,2024-11-19
Doritos Chilli Heatwave Tortilla Chips Grab Bag Crisps 48g,£1.00,£2.08 / 100g,null,cupboard,treats_snacks,2024-11-19
Walkers Sensations King Prawn & Marie Rose Sharing Bag Crisp...,£2.50,£1.67 / 100g,£1.50,cupboard,treats_snacks,2024-11-19
Walkers Sensations Thai Sweet Chilli Grab Bag Crisps 40g,£1.00,£2.50 / 100g,null,cupboard,treats_snacks,2024-11-19
Graze Cherry Bakewell Fibre Flapjack 53g,£1.20,£2.40 / 100g,null,cupboard,treats_snacks,2024-11-19
Walkers Max Strong Spicy Prawn Cocktail Grab Bag Crisps 50g,£1.10,£2.20 / 100g,null,cupboard,treats_snacks,2024-11-19
Jaimin Sweet Para 200g,£1.60,80p / 100g,null,cupboard,treats_snacks,2024-11-19
Blanco Nino Smoky Chipotle 170g,£3.00,£1.76 / 100g,null,cupboard,treats_snacks,2024-11-19
Walkers Less Salt Mild Cheese & Onion Crisps 45g,£1.10,£2.44 / 100g,null,cupboard,treats_snacks,2024-11-19
Cofresh Garlic Chakri Indian Savoury Rice Stick 300g,£1.70,57p / 100g,null,cupboard,treats_snacks,2024-11-19
Cofresh Masala Grills Flavoured Potato Snack 80g,£1.00,£1.25 / 100g,null,cupboard,treats_snacks,2024-11-19
Walkers Max Strong Hot Chicken Wings Sharing Crisps 140g,£2.50,£1.79 / 100g,£1.50,cupboard,treats_snacks,2024-11-19
Via Roma Premium Lager 660ml,£2.50,£3.79 / ltr,null,cupboard,treats_snacks,2024-11-19
Walkers Less Salt Lightly Salted Crisps 45g,£1.10,£2.44 / 100g,null,cupboard,treats_snacks,2024-11-19
Popworks Sweet & Salty Popped Crisps 28g,£1.10,£3.93 / 100g,null,cupboard,treats_snacks,2024-11-19
Laila Grills Chilli & Lemon 80g,90p,£1.13 / 100g,null,cupboard,treats_snacks,2024-11-19
Graze Marmite Crunch 28g,£1.20,£4.29 / 100g,null,cupboard,treats_snacks,2024-11-19
Love Corn Sea Salt Delicious Crunchy Corn 45g,£1.10,£2.44 / 100g,null,cupboard,treats_snacks,2024-11-19
Love Corn Salt & Vinegar Crunchy Corn Snack 45g,£1.10,£2.44 / 100g,null,cupboard,treats_snacks,2024-11-19
Walkers Sensations Salt & Black Peppercorn Grab Bag Crisps 4...,£1.10,£2.75 / 100g,null,cupboard,treats_snacks,2024-11-19
itsu Crispy Seaweed Thins Sweet Soy & Sea Salt 5g,£1.00,£20.00 / 100g,null,cupboard,treats_snacks,2024-11-19
Laila Bombay Mix Hot 325g,£1.25,38p / 100g,null,cupboard,treats_snacks,2024-11-19
Love Corn Cheese & Onion Premium Crunchy Corn 45g,£1.10,£2.44 / 100g,null,cupboard,treats_snacks,2024-11-19
The Happy Snack Company Crunchy Roasted Chickpeas Lightly Sa...,£2.90,£2.90 / 100g,null,cupboard,treats_snacks,2024-11-19
Jaimin Dry Fruit Samosa 200g,£1.60,80p / 100g,null,cupboard,treats_snacks,2024-11-19
Graze Honeycomb Oat Boosts 50g,£1.20,£2.40 / 100g,null,cupboard,treats_snacks,2024-11-19
Tayto Smoky Bacon Flavour Potato Crisps 6x25g,£1.95,£7.80 / 100g,null,cupboard,treats_snacks,2024-11-19
Walkers Max Zingy Salt & Malt Vinegar Crisps 50g,£1.10,£2.20 / 100g,null,cupboard,treats_snacks,2024-11-19
Itsu Sweet Chilli Prawn Crackers 19g,80p,£4.21 / 100g,null,cupboard,treats_snacks,2024-11-19
McVitie's Jaffa Cake Jonuts Biscuits Single Serve Pack,65p,£1.51 / 100g,null,cupboard,treats_snacks,2024-11-19
Love Corn Smoked BBQ Roasted Corn Snack 45g,£1.10,£2.44 / 100g,null,cupboard,treats_snacks,2024-11-19
Jaimin Soya Stick 150g,£1.60,£1.07 / 100g,null,cupboard,treats_snacks,2024-11-19
Sainsbury's On the Go Salt & Vinegar Chickpeas 50g,£1.00,£2.00 / 100g,null,cupboard,treats_snacks,2024-11-19
Cheez-It Cheese & Chilli Thin & Crispy Baked Snacks 40g,£1.00,£2.50 / 100g,null,cupboard,treats_snacks,2024-11-19
Sunbites Sun Ripened Sweet Chilli Snacks 28g,£1.10,£3.93 / 100g,null,cupboard,treats_snacks,2024-11-19
Cheez-It Double Cheese Thin & Crispy Baked Snacks 40g,£1.00,£2.50 / 100g,null,cupboard,treats_snacks,2024-11-19
Osem Bissli BBQ Flavored Wheat Snacks 200g,£2.00,£1.00 / 100g,£1.50,cupboard,treats_snacks,2024-11-19
Brave Roasted Chickpeas Sweet Chilli 35g,£1.00,£2.86 / 100g,null,cupboard,treats_snacks,2024-11-19
Walkers Squares Salt & Vinegar Snacks Crisps 40g,£1.10,£2.75 / 100g,null,cupboard,treats_snacks,2024-11-19
Walkers Sensations Mature Cheddar Cheese & Chilli Crisps 40g,£1.10,£2.75 / 100g,null,cupboard,treats_snacks,2024-11-19
Sainsbury's On the Go Wasabi Peas 50g,£1.00,£2.00 / 100g,null,cupboard,treats_snacks,2024-11-19
The Happy Snack Company Crunchy Roasted Fava Beans Red Peppe...,£2.90,£2.90 / 100g,null,cupboard,treats_snacks,2024-11-19
Osem Bamba Peanut Puffs with Creamy Hazelnut Filling 60g,£1.50,£2.50 / 100g,null,cupboard,treats_snacks,2024-11-19
Bibigo Seaweed Snack Sea Salt 4g,£1.00,£25.00 / 100g,null,cupboard,treats_snacks,2024-11-19
Olly's Olives Chilli & Rosemary Green Olives 50g,£1.25,£2.50 / 100g,null,cupboard,treats_snacks,2024-11-19
Osem Bissli Pizza Flavoured Wheat Snacks 70g,£1.00,£1.43 / 100g,null,cupboard,treats_snacks,2024-11-19
Bibigo Seaweed Snack Hot Chilli 4g,£1.00,£25.00 / 100g,null,cupboard,treats_snacks,2024-11-19
St Marys Banana Chips 30g,80p,£2.67 / 100g,null,cupboard,treats_snacks,2024-11-19
Bibigo Seaweed Snack Korean Style BBQ 4g,£1.00,£25.00 / 100g,null,cupboard,treats_snacks,2024-11-19
Walkers Oven Baked Prawn Cocktail Flavoured Crisp Snacks 37....,£1.10,£2.93 / 100g,null,cupboard,treats_snacks,2024-11-19
Laila Balti Mix 325g,£1.25,38p / 100g,null,cupboard,treats_snacks,2024-11-19
Osem Bissli Pizza Flavored Wheat Snacks 200g,£2.00,£1.00 / 100g,£1.50,cupboard,treats_snacks,2024-11-19
Sainsbury's Mini Snack Raisins 12x14g,£1.40,83p / 100g,null,cupboard,seed_nuts,2024-11-19
BEAR Fruit Yoyos Strawberry Multipack x5 20g,£2.85,£2.85 / 100g,£2.10,cupboard,seed_nuts,2024-11-19
Sainsbury's Pumpkin Seeds 100g,£1.20,£12.00 / kg,null,cupboard,seed_nuts,2024-11-19
Fruit Bowl Strawberry Yogurt Flakes 5x21g,£2.25,£2.50 / 100g,null,cupboard,seed_nuts,2024-11-19
Sainsbury's Prunes 500g,£3.85,77p / 100g,null,cupboard,seed_nuts,2024-11-19
Urban Fruit Gently Baked Mango 100g,£2.60,£2.60 / 100g,null,cupboard,seed_nuts,2024-11-19
Dole Pineapple In Juice Fruit Snacks 4x113g,£2.30,£8.85 / kg,£1.95,cupboard,seed_nuts,2024-11-19
BEAR Fruit Yoyos Raspberry Multipack x5 20g,£2.85,£2.85 / 100g,£2.10,cupboard,seed_nuts,2024-11-19
Nakd Cocoa Orange Fruit & Nut Bars 4x35g,£3.00,£2.14 / 100g,£2.20,cupboard,seed_nuts,2024-11-19
Sainsbury's Ready To Eat Dates 200g,£1.80,90p / 100g,null,cupboard,seed_nuts,2024-11-19
Sainsbury's Sunflower Seeds 100g,£1.10,£11.00 / kg,null,cupboard,seed_nuts,2024-11-19
Fruit Bowl Raspberry Yogurt Flakes 5x21g,£2.25,£2.50 / 100g,null,cupboard,seed_nuts,2024-11-19
Dole Mandarins In Juice Fruit Snacks 4x113g,£2.30,£8.52 / kg,£1.95,cupboard,seed_nuts,2024-11-19
"Sainsbury's Mixed Seeds, Cranberries & Goji Berries 100g",£1.35,£1.35 / 100g,null,cupboard,seed_nuts,2024-11-19
Dole Mango In Juice Fruit Snacks 4x113g,£2.30,£8.68 / kg,£1.95,cupboard,seed_nuts,2024-11-19
Dole Peaches In Juice Fruit Snacks 4x113g,£2.30,£8.85 / kg,£1.95,cupboard,seed_nuts,2024-11-19
Organix Apple & Date Fruit Bars Toddler Snacks Multipack 12 ...,£2.80,£2.75 / 100g,null,cupboard,seed_nuts,2024-11-19
Kellogg's Fruit Winders Doubles Apple & Strawberry Rolls 5x1...,£2.00,£2.35 / 100g,£1.50,cupboard,seed_nuts,2024-11-19
BEAR Fruit Yoyos Mango Multipack x5 20g,£2.85,£2.85 / 100g,£2.10,cupboard,seed_nuts,2024-11-19
Sainsbury's Sesame Seeds 100g,£1.20,£12.00 / kg,null,cupboard,seed_nuts,2024-11-19
Fruit Bowl Juicy Yogurt Raisins 5x25g,£2.25,£2.14 / 100g,null,cupboard,seed_nuts,2024-11-19
"The Fruit Factory Strawberry, Apple & Orange Fruit Strings 5...",£2.50,£2.50 / 100g,£2.00,cupboard,seed_nuts,2024-11-19
"The Fruit Factory Strawberry, Apple & Orange Fruit Stars 5x2...",£2.50,£2.50 / 100g,£2.00,cupboard,seed_nuts,2024-11-19
Nakd Berry Delight Fruit & Nut Bars 4x35g,£3.00,£2.14 / 100g,£2.20,cupboard,seed_nuts,2024-11-19
Whitworths Whole Cranberries 130g,£2.00,£1.54 / 100g,£1.60,cupboard,seed_nuts,2024-11-19
Sainsbury's Ready to Eat Dried Apricots 500g,£4.00,80p / 100g,null,cupboard,seed_nuts,2024-11-19
Kellogg's Fruit Winders Strawberry Snack 5x17g,£2.00,£2.35 / 100g,£1.50,cupboard,seed_nuts,2024-11-19
Sunny Raisins Kids Snack 14 Pack,£2.40,£1.22 / 100g,null,cupboard,seed_nuts,2024-11-19
Sainsbury's Figs 500g,£4.80,96p / 100g,null,cupboard,seed_nuts,2024-11-19
Nakd Peanut Delight Fruit & Nut Bars 4 x 35g,£3.00,£2.14 / 100g,£2.20,cupboard,seed_nuts,2024-11-19
Organix Mini Organic Raisin Snack Boxes Toddler Snacks Multi...,£2.80,£1.67 / 100g,null,cupboard,seed_nuts,2024-11-19
BEAR Fruit Yoyos Super Sour Strawberry & Apple Multipack x5 ...,£2.85,£2.85 / 100g,£2.10,cupboard,seed_nuts,2024-11-19
BEAR Fruit Yoyos Blackcurrant Multipack x5 20g,£2.85,£2.85 / 100g,£2.10,cupboard,seed_nuts,2024-11-19
Sainsbury's Banana Chips 100g,£1.10,£1.10 / 100g,null,cupboard,seed_nuts,2024-11-19
Sainsbury's Ready To Eat Prunes 200g,£1.60,80p / 100g,null,cupboard,seed_nuts,2024-11-19
Dole Tropical Fruit In Juice Fruit Snacks 4x113g,£2.30,£8.68 / kg,£1.95,cupboard,seed_nuts,2024-11-19
Whitworths Dates 300g,£2.00,67p / 100g,£1.60,cupboard,seed_nuts,2024-11-19
Fruit Bowl Strawberry Peelers 5x16g,£2.75,£3.44 / 100g,£2.25,cupboard,seed_nuts,2024-11-19
The Fruit Factory Fruit Twists 90g,£2.50,£2.78 / 100g,£2.00,cupboard,seed_nuts,2024-11-19
Sainsbury's Dried Mango 100g,£2.55,£2.55 / 100g,null,cupboard,seed_nuts,2024-11-19
Bear Giant Yoyos Strawberry & Mango 5x20g,£2.85,£2.85 / 100g,£2.10,cupboard,seed_nuts,2024-11-19
Whitworths Figs 175g,£2.00,£1.14 / 100g,£1.60,cupboard,seed_nuts,2024-11-19
Fruit Bowl Raspberry Peelers 5x16g,£2.75,£3.44 / 100g,£2.25,cupboard,seed_nuts,2024-11-19
The Fruit Factory Strawberry Fruit Strings 5x20g,£2.50,£2.50 / 100g,£2.00,cupboard,seed_nuts,2024-11-19
Dole Fruit Salad Cherry In Juice Fruit Snacks 4x113g,£2.30,£8.85 / kg,£1.95,cupboard,seed_nuts,2024-11-19
"Sainsbury's Soft Apricots, SO Organic 250g",£3.80,£1.52 / 100g,null,cupboard,seed_nuts,2024-11-19
The Fruit Factory Strawberry Fruit Hearts 5x20g,£2.50,£2.50 / 100g,£2.00,cupboard,seed_nuts,2024-11-19
Urban Fruit Gently Baked Strawberries 90g,£2.60,£2.89 / 100g,null,cupboard,seed_nuts,2024-11-19
Organix Banana & Date Fruit Bars Toddler Snacks Multipack 12...,£2.80,£2.75 / 100g,null,cupboard,seed_nuts,2024-11-19
Fruit Bowl Blackcurrant Yogurt Flakes 5x21g,£2.25,£2.50 / 100g,null,cupboard,seed_nuts,2024-11-19
Kellogg's Fruit Winders Doubles Strawberry & Blackcurrant Ro...,£2.00,£2.35 / 100g,£1.50,cupboard,seed_nuts,2024-11-19
BEAR Fruit Yoyos Strawberry Family Pack x9 20g,£4.65,£2.58 / 100g,null,cupboard,seed_nuts,2024-11-19
Whitworths Prunes 190g,£2.00,£1.05 / 100g,£1.60,cupboard,seed_nuts,2024-11-19
Bear Fruit Splits Strawberry & Apple x5 100g,£2.85,£2.85 / 100g,£2.10,cupboard,seed_nuts,2024-11-19
BEAR Fruit Yoyos Apple Multipack x5 20g,£2.85,£2.85 / 100g,£2.10,cupboard,seed_nuts,2024-11-19
Nakd Cocoa Delight Fruit & Nut Bars 4x35g,£3.00,£2.14 / 100g,£2.20,cupboard,seed_nuts,2024-11-19
"Sainsbury's Dried Apricots, SO Organic 250g",£4.05,£16.20 / kg,null,cupboard,seed_nuts,2024-11-19
"Sainsbury's Fruit & Nut Mix, SO Organic 300g",£5.10,£1.70 / 100g,null,cupboard,seed_nuts,2024-11-19
Forest Feast Preda Fair Trade Mango 100g,£3.90,£3.90 / 100g,£3.20,cupboard,seed_nuts,2024-11-19
Sainsbury's Dried Pineapple 30g,90p,£3.00 / 100g,null,cupboard,seed_nuts,2024-11-19
"Sainsbury's Prunes, SO Organic 250g",£3.80,£1.52 / 100g,null,cupboard,seed_nuts,2024-11-19
Sainsbury's Figs 200g,£1.92,96p / 100g,null,cupboard,seed_nuts,2024-11-19
Bear Giant Yoyo Apple Blackcurrant 5x20g,£2.85,£2.85 / 100g,£2.10,cupboard,seed_nuts,2024-11-19
"Sainsbury's Mango, SO Organic 100g",£2.80,£2.80 / 100g,null,cupboard,seed_nuts,2024-11-19
Sainsbury's Ready To Eat Apricots 200g,£1.65,83p / 100g,null,cupboard,seed_nuts,2024-11-19
Sunny Raisins Kids Snack 6 Pack,£2.40,£1.07 / 100g,null,cupboard,seed_nuts,2024-11-19
"Sainsbury's Figs, SO Organic 250g",£3.60,£1.44 / 100g,null,cupboard,seed_nuts,2024-11-19
Sainsbury's Golden Linseed 100g,£1.25,£12.50 / kg,null,cupboard,seed_nuts,2024-11-19
Sainsbury's Jumbo Raisins & Cranberries 200g,£2.70,£1.35 / 100g,null,cupboard,seed_nuts,2024-11-19
Bear Fruit Splits Raspberry Pineapple x5 100g,£2.85,£2.85 / 100g,£2.10,cupboard,seed_nuts,2024-11-19
Nakd Salted Caramel Fruit & Nut Bars 4x35g,£3.00,£2.14 / 100g,£2.20,cupboard,seed_nuts,2024-11-19
Urban Fruit Cherries 75g,£2.60,£3.47 / 100g,null,cupboard,seed_nuts,2024-11-19
Sainsbury's Wasabi Peas 200g,£2.20,£1.10 / 100g,null,cupboard,seed_nuts,2024-11-19
Crazy Jack Organic Mango 4x30g,£2.70,£2.25 / 100g,£2.15,cupboard,seed_nuts,2024-11-19
"Sainsbury's Fruit, Nut & Seed Medley 200g",£2.95,£1.48 / 100g,null,cupboard,seed_nuts,2024-11-19
Sainsbury's Festive Fruit & Nut Mix with Caramelised Spiced ...,£4.00,£17.78 / kg,null,cupboard,seed_nuts,2024-11-19
Sainsbury's Tropical Fruit Mix 200g,£2.50,£1.25 / 100g,null,cupboard,seed_nuts,2024-11-19
BEAR Fruit Yoyos Mango Family Pack x9 20g,£4.65,£2.58 / 100g,null,cupboard,seed_nuts,2024-11-19
Whitworths Golden Apricots 140g,£2.00,£1.43 / 100g,£1.60,cupboard,seed_nuts,2024-11-19
Whitworths Strawberry Mango Flavour Fusions 75g,£2.30,£3.07 / 100g,£1.75,cupboard,seed_nuts,2024-11-19
Whitworths Shots 4 Snack Pack Fruity Biscuit 4x25g,£2.00,£2.00 / 100g,null,cupboard,seed_nuts,2024-11-19
Whitworths Sunny Fruit Mix-Ups Apricots & Mango 4x18g,£1.25,£1.74 / 100g,null,cupboard,seed_nuts,2024-11-19
Grace Green Plantain Chips Salted 85g,£1.05,£1.24 / 100g,null,cupboard,seed_nuts,2024-11-19
GoGo Squeez Fruit Smoothie Snack Apple & Strawberry 4x90g,£2.55,71p / 100g,null,cupboard,seed_nuts,2024-11-19
Dole Apple & Cinnamon with Plant Based Cream Dessert 4x123g,£2.50,£5.08 / kg,£1.95,cupboard,seed_nuts,2024-11-19
BEAR Fruit Yoyos Blackcurrant Family Pack x9 20g,£4.65,£2.58 / 100g,null,cupboard,seed_nuts,2024-11-19
Sainsbury's Chopped Apricot 200g,£2.45,£12.25 / kg,null,cupboard,seed_nuts,2024-11-19
Whitworths Shots Snack Pack Berry & White Chocolate 4x25g,£2.00,£2.00 / 100g,£1.65,cupboard,seed_nuts,2024-11-19
Whitworths Shots 4 Snack Pack Raisin & Chocolate 4x25g,£2.00,£2.00 / 100g,£1.65,cupboard,seed_nuts,2024-11-19
"Sainsbury's Almonds, SO Organic 200g",£3.30,£1.65 / 100g,null,cupboard,seed_nuts,2024-11-19
Sainsbury's Tropical Fruit & Nut Mix 200g,£3.60,£1.80 / 100g,null,cupboard,seed_nuts,2024-11-19
Whitworths Shots 4 Snack Pack Chocolate & Hazelnut 4x25g,£2.00,£2.00 / 100g,£1.65,cupboard,seed_nuts,2024-11-19
Urban Fruit Gently Baked Mango & Passionfruit 85g,£2.60,£3.06 / 100g,null,cupboard,seed_nuts,2024-11-19
GoGo Squeez Fruit Smoothie Snack Apple 4x90g,£2.55,71p / 100g,null,cupboard,seed_nuts,2024-11-19
"Sainsbury's Dates, SO Organic 250g",£3.35,£1.34 / 100g,null,cupboard,seed_nuts,2024-11-19
Fudco Dark Green Pumpkin Seeds 250g,£3.00,£12.00 / kg,null,cupboard,seed_nuts,2024-11-19
Cofresh Monkey Nuts 300g,£1.50,50p / 100g,null,cupboard,seed_nuts,2024-11-19
Whitworths Wonder Mix Nutritious Fruit + Nut Mix 200g,£3.50,£1.75 / 100g,£2.50,cupboard,seed_nuts,2024-11-19
Sainsbury's Jumbo Raisins & Cranberries 35g,70p,£2.00 / 100g,null,cupboard,seed_nuts,2024-11-19
GoGo Squeez Fruit Smoothie Snack Apple & Mango 4x90g,£2.55,71p / 100g,null,cupboard,seed_nuts,2024-11-19
"Sainsbury's Lime Infused Mango, Taste the Difference 100g",£3.60,£3.60 / 100g,null,cupboard,seed_nuts,2024-11-19
Whitworths Banana Chips 150g,£2.00,£1.33 / 100g,£1.60,cupboard,seed_nuts,2024-11-19
Fruit Bowl Strawberry & Vanilla Flavour Fruit Twists 5x16g,£2.75,£3.44 / 100g,£2.25,cupboard,seed_nuts,2024-11-19
Whitworths Shots Snack Pack Toffee Pecan 4x25g,£2.00,£2.00 / 100g,£1.65,cupboard,seed_nuts,2024-11-19
Urban Fruit Gently Baked Mango 4x25g,£3.00,£3.00 / 100g,null,cupboard,seed_nuts,2024-11-19
"Sainsbury's Roasted Pistachio Nuts in Shell, SO Organic 200g",£5.10,£2.55 / 100g,null,cupboard,seed_nuts,2024-11-19
Urban Fruit Gently Baked Coconut Chips 4x18g,£2.95,£4.10 / 100g,null,cupboard,seed_nuts,2024-11-19
Bear Tropical Yo Yos 5x20g,£2.85,£2.85 / 100g,£2.10,cupboard,seed_nuts,2024-11-19
Whitworths Coconut Pineapple Flavour Fusions 80g,£2.30,£2.88 / 100g,£1.75,cupboard,seed_nuts,2024-11-19
Urban Fruit Gently Baked Pineapple 100g,£2.60,£2.60 / 100g,null,cupboard,seed_nuts,2024-11-19
Whitworths Watermelon Papaya Flavour Fusions 80g,£2.30,£2.88 / 100g,£1.75,cupboard,seed_nuts,2024-11-19
Sainsbury's On the Go Roasted & Salted Mixed Nuts 60g,£1.00,£1.67 / 100g,null,cupboard,seed_nuts,2024-11-19
Lavazza Qualita Oro 1kg,£20.00,£2.00 / 100g,null,cupboard,seed_nuts,2024-11-19
Whitworths Sunny Fruit Mix-Ups Strawberries & Sultanas 4x18g,£1.25,£1.74 / 100g,null,cupboard,seed_nuts,2024-11-19
"Sainsbury's Almonds, Raisins & Cherries 200g",£2.80,£1.40 / 100g,null,cupboard,seed_nuts,2024-11-19
Raise Clusters of Nuts & Seeds Maple Pecan 35g,£1.25,£3.57 / 100g,£1.00,cupboard,seed_nuts,2024-11-19
Urban Fruit Blueberries 75g,£2.60,£3.47 / 100g,null,cupboard,seed_nuts,2024-11-19
Raise Clusters of Nuts & Seeds Caramel Sea Salt 35g,£1.25,£3.57 / 100g,£1.00,cupboard,seed_nuts,2024-11-19
Fruit Bowl Blueberry & Bubble Gum Flavour Fruity Twists 5x16...,£2.75,£3.44 / 100g,£2.25,cupboard,seed_nuts,2024-11-19
Fruit Bowl Yummy Yogurt Fruit Goals 5x18g,£2.25,£2.50 / 100g,null,cupboard,seed_nuts,2024-11-19
Nature's Finest Pineapple in Juice 400g,£1.70,£7.39 / kg,null,cupboard,seed_nuts,2024-11-19
Sainsbury's Berries & Cherries 100g,£2.65,£2.65 / 100g,null,cupboard,seed_nuts,2024-11-19
Dole Peach & Vanilla with Plant Based Cream Dessert 4x123g,£2.50,£5.08 / kg,£1.95,cupboard,seed_nuts,2024-11-19
Sainsbury's Mixed Almonds 30g,75p,£2.50 / 100g,null,cupboard,seed_nuts,2024-11-19
Whitworths Shots 3 Snack Pack Salted Caramel Nuts 3x25g,£2.00,£2.67 / 100g,£1.65,cupboard,seed_nuts,2024-11-19
Love Corn Sweet & Salty 115g,£2.20,£1.91 / 100g,£1.75,cupboard,seed_nuts,2024-11-19
Whitworths Wonder Mix Nutritious Crunchy Trail Mix 200g,£3.50,£1.75 / 100g,£2.50,cupboard,seed_nuts,2024-11-19
"Sainsbury's Smoky & Sweet Nut Mix, Taste the Difference 175g",£3.00,£1.71 / 100g,null,cupboard,seed_nuts,2024-11-19
Whitworths Clever Cashews 115g,£2.00,£1.74 / 100g,£1.60,cupboard,seed_nuts,2024-11-19
Grace Cassava Exotic Chips 75g,£1.75,£2.33 / 100g,null,cupboard,seed_nuts,2024-11-19
Nature's Finest Pineapple in Juice 4x113g,£2.40,£10.91 / kg,null,cupboard,seed_nuts,2024-11-19
Forest Feast Orchard Prunes 200g,£3.50,£1.75 / 100g,£2.80,cupboard,seed_nuts,2024-11-19
Forest Feast Whole Canadian Cranberries 170g,£3.50,£2.06 / 100g,£2.80,cupboard,seed_nuts,2024-11-19
Kind Fruit & Nut Snack Bar 40g,£1.40,£3.50 / 100g,null,cupboard,seed_nuts,2024-11-19
Fudco Dehydrated Diced Papaya 250g,£2.20,88p / 100g,null,cupboard,seed_nuts,2024-11-19
Forest Feast Williams Pear 120g,£3.50,£2.92 / 100g,£2.80,cupboard,seed_nuts,2024-11-19
Urban Fruit Gently Tumbled Pineapple & Coconut 85g,£2.60,£3.06 / 100g,null,cupboard,seed_nuts,2024-11-19
Kind Maple Pecan Almond Snack Bar 40g,£1.40,£3.50 / 100g,null,cupboard,seed_nuts,2024-11-19
Sainsbury's Food To Go Mango 25g,70p,£2.80 / 100g,null,cupboard,seed_nuts,2024-11-19
Sainsbury's On the Go Fruit & Nut Mix 25g,70p,£2.80 / 100g,null,cupboard,seed_nuts,2024-11-19
The Happy Snack Company Roasted Fava Beans Sea Salt & Balsam...,£2.90,£2.90 / 100g,null,cupboard,seed_nuts,2024-11-19
Sainsbury's On the Go Nut Medley 20g,70p,£3.50 / 100g,null,cupboard,seed_nuts,2024-11-19
Whitworths Shots Chocolate Cluster & Berries 25g,65p,£2.60 / 100g,55p,cupboard,seed_nuts,2024-11-19
Sainsbury's Food To Go Roasted Cashews 23g,70p,£3.04 / 100g,null,cupboard,seed_nuts,2024-11-19
Whitworths Shots Single Snack Toffee Pecan 25g,65p,£2.60 / 100g,55p,cupboard,seed_nuts,2024-11-19
Sainsbury's Wholegrain Malties Cereal 750g,£1.02,14p / 100g,null,cupboard,cereals,2024-11-19
Sainsbury's Wholewheat Biscuits Cereal x24 430g,£1.37,6p / bisc,null,cupboard,cereals,2024-11-19
Sainsbury's Scottish Porridge Oats 1kg,£1.25,13p / 100g,null,cupboard,cereals,2024-11-19
Weetabix Cereal x24,£3.50,15p / bisc,£3.29,cupboard,cereals,2024-11-19
Sainsbury's Multigrain Hoops Cereal 375g,85p,23p / 100g,null,cupboard,cereals,2024-11-19
Sainsbury's Cornflakes Cereal 500g,79p,16p / 100g,null,cupboard,cereals,2024-11-19
Weetabix Cereal x48,£5.50,11p / bisc,null,cupboard,cereals,2024-11-19
Cadbury Brunch Choc Chip 5x28g,£1.35,96p / 100g,null,cupboard,cereals,2024-11-19
Sainsbury's Wholewheat Biscuits Cereal x48 860g,£2.73,6p / bisc,null,cupboard,cereals,2024-11-19
Sainsbury's Scottish Porridge Oats 1.5kg,£1.85,12p / 100g,null,cupboard,cereals,2024-11-19
Sainsbury's Honey Nut Cornflakes 500g,£1.09,22p / 100g,null,cupboard,cereals,2024-11-19
Go Ahead Apple Crispy Fruit Slices Snack Bars Multipack 4x43...,£1.00,57p / 100g,null,cupboard,cereals,2024-11-19
Sainsbury's Wholegrain Bran Flakes 750g,£1.45,19p / 100g,null,cupboard,cereals,2024-11-19
Daily's Porridge Oats 1kg,90p,9p / 100g,null,cupboard,cereals,2024-11-19
Go Ahead Fruit & Oat Bakes Strawberry Biscuit Bars 6x35g,£1.75,83p / 100g,null,cupboard,cereals,2024-11-19
Flahavan's Organic Jumbo Oats 1kg,£2.70,27p / 100g,null,cupboard,cereals,2024-11-19
Scott's Porage Original Porridge Oats 1kg,£2.75,28p / 100g,null,cupboard,cereals,2024-11-19
Sainsbury's Rice Pops 375g,79p,21p / 100g,null,cupboard,cereals,2024-11-19
Sainsbury's Choco Hazelnut Squares Cereal 375g,82p,22p / 100g,null,cupboard,cereals,2024-11-19
"Sainsbury's Porridge Oats, SO Organic 750g",£2.15,29p / 100g,null,cupboard,cereals,2024-11-19
Sainsbury's Choco Hoops Cereal 375g,79p,21p / 100g,null,cupboard,cereals,2024-11-19
Kellogg's Bran Flakes Breakfast Cereal 750g,£3.00,40p / 100g,null,cupboard,cereals,2024-11-19
Sainsbury's Wholegrain Fruit & Fibre 750g,£1.45,19p / 100g,null,cupboard,cereals,2024-11-19
Kellogg's Special K Original Breakfast Cereal 750g,£4.00,53p / 100g,null,cupboard,cereals,2024-11-19
Weetabix Crispy Minis Chocolate Chip 500g,£3.80,76p / 100g,null,cupboard,cereals,2024-11-19
"Sainsbury's Fruit, Nut & Seed Muesli 750g",£2.75,37p / 100g,null,cupboard,cereals,2024-11-19
Belvita Choc Chips Soft Bakes 250g,£2.75,£1.10 / 100g,null,cupboard,cereals,2024-11-19
"Sainsbury's Granola, Raisin, Nut & Honey 1kg",£2.55,26p / 100g,null,cupboard,cereals,2024-11-19
Eat Natural Protein Peanuts Dark Chocolate Fruit & Nut Cerea...,£2.40,£2.00 / 100g,null,cupboard,cereals,2024-11-19
Cheerios Multigrain 390g,£3.00,77p / 100g,null,cupboard,cereals,2024-11-19
Shreddies The Original 460g,£3.00,65p / 100g,null,cupboard,cereals,2024-11-19
Sainsbury's Choco Rice Pops 375g,79p,21p / 100g,null,cupboard,cereals,2024-11-19
Kellogg's Fruit 'n Fibre Original Breakfast Cereal 700g,£3.50,50p / 100g,null,cupboard,cereals,2024-11-19
Go Ahead Yoghurt Breaks Forest Fruit Snack Bars 4x35.5g,£1.75,£1.23 / 100g,null,cupboard,cereals,2024-11-19
Go Ahead Forest Fruit Crispy Fruit Slices Multipack Snack Ba...,£1.00,57p / 100g,null,cupboard,cereals,2024-11-19
Kellogg's Corn Flakes Breakfast Cereal 1kg,£4.00,40p / 100g,null,cupboard,cereals,2024-11-19
Go Ahead Raspberry Crispy Fruit Slices Multipack Snack Bars ...,£1.00,57p / 100g,null,cupboard,cereals,2024-11-19
Kellogg's Rice Krispies Multigrain Shapes Breakfast Cereal 3...,£3.30,94p / 100g,null,cupboard,cereals,2024-11-19
Kellogg's Crunchy Nut Breakfast Cereal 460g,£3.30,72p / 100g,null,cupboard,cereals,2024-11-19
Quaker Porridge Oats 1kg,£2.75,28p / 100g,£2.00,cupboard,cereals,2024-11-19
Kellogg's Special K Red Berries Breakfast Cereal 500g,£4.00,80p / 100g,null,cupboard,cereals,2024-11-19
Nestle Shredded Wheat Bitesize Cereal 720g,£3.50,49p / 100g,null,cupboard,cereals,2024-11-19
Cadbury Brunch Raisin 5x28g,£1.35,96p / 100g,null,cupboard,cereals,2024-11-19
Shredded Wheat Cereal Biscuits x30,£3.75,13p / bisc,null,cupboard,cereals,2024-11-19
Kellogg's Corn Flakes Breakfast Cereal 250g,£2.00,80p / 100g,null,cupboard,cereals,2024-11-19
Weetabix Cereal x12,£2.00,17p / bisc,null,cupboard,cereals,2024-11-19
Eat Natural Dark Chocolate with Cranberries Macadamias Fruit...,£2.40,£2.00 / 100g,null,cupboard,cereals,2024-11-19
Kellogg's Coco Pops Chocolate Breakfast Cereal 650g,£4.00,62p / 100g,null,cupboard,cereals,2024-11-19
Cheerios Multigrain 500g,£3.25,65p / 100g,£2.50,cupboard,cereals,2024-11-19
"Sainsbury's Whole Rolled Porridge Oats, Taste the Difference...",£2.10,28p / 100g,null,cupboard,cereals,2024-11-19
Shreddies The Original 630g,£3.50,56p / 100g,£2.50,cupboard,cereals,2024-11-19
Go Ahead Yogurt Breaks Strawberry Snack Bars 4x35.5g,£1.75,£1.23 / 100g,null,cupboard,cereals,2024-11-19
Kellogg's Frosties Breakfast Cereal 470g,£3.30,70p / 100g,£3.00,cupboard,cereals,2024-11-19
Sainsbury's Balance Cereal 500g,£1.95,39p / 100g,null,cupboard,cereals,2024-11-19
Ready Brek Smooth Porridge Oats Original 450g,£2.20,49p / 100g,null,cupboard,cereals,2024-11-19
Sainsbury's Nutty Muesli 750g,£2.60,35p / 100g,null,cupboard,cereals,2024-11-19
Kellogg's Wheats Blueberry Breakfast Cereal 500g,£1.95,39p / 100g,null,cupboard,cereals,2024-11-19
Kellogg's Wheats Blueberry Breakfast Cereal 500g,£1.95,39p / 100g,null,cupboard,cereals,2024-11-19
Sainsbury's Balance With Red Fruit Cereal 375g,£1.95,52p / 100g,null,cupboard,cereals,2024-11-19
Sainsbury's Honey Hoops Cereal 375g,79p,21p / 100g,null,cupboard,cereals,2024-11-19
Quaker Oat So Simple Original Porridge Sachets 10x27g,£3.50,£1.30 / 100g,£2.25,cupboard,cereals,2024-11-19
Quaker Oat So Simple Golden Syrup Porridge Sachets 20x36g,£4.50,63p / 100g,null,cupboard,cereals,2024-11-19
Alpen Muesli No Added Sugar 550g,£2.85,52p / 100g,null,cupboard,cereals,2024-11-19
Sainsbury's Frosted Flakes Cereal 500g,99p,20p / 100g,null,cupboard,cereals,2024-11-19
Eat Natural Almond Apricot with a Yoghurt Coating Fruit & Nu...,£2.40,£2.00 / 100g,null,cupboard,cereals,2024-11-19
"Sainsbury's Swiss Style Muesli, No Added Salt & Sugar 1kg",£2.75,28p / 100g,null,cupboard,cereals,2024-11-19
Sainsbury's Porridge Pot Golden Syrup 64g,65p,£1.14 / 100g,null,cupboard,cereals,2024-11-19
Sainsbury's Simply Granola 1kg,£2.55,26p / 100g,null,cupboard,cereals,2024-11-19
Kellogg's Crunchy Nut Chocolate Clusters Breakfast Cereal 40...,£3.55,89p / 100g,null,cupboard,cereals,2024-11-19
Kellogg's All-Bran Breakfast Cereal 750g,£3.25,43p / 100g,null,cupboard,cereals,2024-11-19
Nestle Honey Cheerios Cereal 515g,£3.50,68p / 100g,null,cupboard,cereals,2024-11-19
Alpen Muesli No Added Sugar 1.1kg,£4.40,40p / 100g,null,cupboard,cereals,2024-11-19
Sainsbury's Fruity Muesli 750g,£2.75,37p / 100g,null,cupboard,cereals,2024-11-19
Kellogg’s Frosted Wheats Cereal 500g,£1.95,39p / 100g,null,cupboard,cereals,2024-11-19
Eat Natural Protein Peanuts Almonds Salted Caramel Fruit & N...,£2.40,£2.00 / 100g,null,cupboard,cereals,2024-11-19
Stoats Blueberry & Honey Porridge Oat Bars 4x42g,£2.30,£1.37 / 100g,null,cupboard,cereals,2024-11-19
Kellogg’s Raisin Wheats Cereal 450g,£1.95,43p / 100g,null,cupboard,cereals,2024-11-19
Cadbury Brunch Peanut Bars 5x28g,£1.35,96p / 100g,null,cupboard,cereals,2024-11-19
Kellogg's Special K Original Breakfast Cereal 440g,£3.30,75p / 100g,£2.75,cupboard,cereals,2024-11-19
Belvita Breakfast Soft Bakes Blueberry Pack x5 250g,£2.75,£1.10 / 100g,null,cupboard,cereals,2024-11-19
Kellogg's Wheats Apricot Breakfast Cereal 500g,£1.95,39p / 100g,null,cupboard,cereals,2024-11-19
Graze Vegan Sticky Toffee Oat Boosts Snack Bars 4x30g,£2.75,£2.29 / 100g,null,cupboard,cereals,2024-11-19
Fuel10K Protein Boosted Chocolate Chunks Granola 400g,£3.25,81p / 100g,£2.50,cupboard,cereals,2024-11-19
Kellogg's Coco Pops Chocos Chocolate Breakfast Cereal 430g,£3.30,77p / 100g,null,cupboard,cereals,2024-11-19
Lizi's Low Sugar Granola 450g,£4.00,89p / 100g,null,cupboard,cereals,2024-11-19
Nairn's Gluten Free Scottish Porridge Oats 450g,£2.20,49p / 100g,null,cupboard,cereals,2024-11-19
Jordans Crunchy Oat Raisin & Almond Granola Breakfast Cereal...,£3.60,48p / 100g,null,cupboard,cereals,2024-11-19
Shreddies The Coco One 600g,£3.50,58p / 100g,null,cupboard,cereals,2024-11-19
Kellogg's Krave Milk Chocolate Breakfast Cereal 750g,£4.00,53p / 100g,null,cupboard,cereals,2024-11-19
Nestle Shredded Wheat Honey Nut Cereal 500g,£3.00,60p / 100g,null,cupboard,cereals,2024-11-19
"Sainsbury's Granola, Strawberry 1kg",£2.50,25p / 100g,null,cupboard,cereals,2024-11-19
Sainsbury's High Fibre Bran 500g,£2.00,40p / 100g,null,cupboard,cereals,2024-11-19
Nestle Shreddies Original 1100g,£4.00,36p / 100g,null,cupboard,cereals,2024-11-19
Belvita Breakfast Honey & Nut with Choc Chips 225g,£1.25,56p / 100g,null,cupboard,cereals,2024-11-19
Quaker Oat So Simple Golden Syrup Porridge Sachets 10x36g,£3.50,97p / 100g,£2.25,cupboard,cereals,2024-11-19
Sainsbury's Puffed Wheat Cereal 160g,60p,38p / 100g,null,cupboard,cereals,2024-11-19
Weetabix Oatibix Flakes Golden Oat Flakes Cereal 550g,£3.80,69p / 100g,null,cupboard,cereals,2024-11-19
Kellogg's Krave Milk Chocolate Cereal 410g,£3.30,80p / 100g,null,cupboard,cereals,2024-11-19
Kellogg's Special K Juicy Red Berry Snack Bars 6x21.5g,£1.35,£1.05 / 100g,null,cupboard,cereals,2024-11-19
Lizi's High Protein Granola 350g,£4.00,£1.14 / 100g,null,cupboard,cereals,2024-11-19
Quaker Oat So Simple Golden Syrup Porridge Pot 57g,£1.30,£2.28 / 100g,null,cupboard,cereals,2024-11-19
Sainsbury's Maple & Pecan Crisp Cereal 500g,£2.00,40p / 100g,null,cupboard,cereals,2024-11-19
Alpen Original Muesli 550g,£2.85,52p / 100g,null,cupboard,cereals,2024-11-19
Sainsbury's Porridge Pot Original 50g,65p,£1.30 / 100g,null,cupboard,cereals,2024-11-19
Eat Natural Protein Peanuts Orange Dark Chocolate Fruit & Nu...,£2.40,£2.00 / 100g,null,cupboard,cereals,2024-11-19
Belvita Breakfast Milk & Cereals 225g,£1.25,56p / 100g,null,cupboard,cereals,2024-11-19
Sainsbury's Triple Chocolate Crisp 500g,£2.00,40p / 100g,null,cupboard,cereals,2024-11-19
Kellogg's Frosties Breakfast Cereal 925g,£4.50,49p / 100g,null,cupboard,cereals,2024-11-19
Deliciously Ella Cacao & Orange Oat Bars 3x50g,£2.65,£1.77 / 100g,null,cupboard,cereals,2024-11-19
Deliciously Ella Hazelnut Pecan & Maple Oat Bars 3x50g,£2.65,£1.77 / 100g,null,cupboard,cereals,2024-11-19
Cheerios Multigrain 800g,£4.00,50p / 100g,null,cupboard,cereals,2024-11-19
Kellogg's Rice Krispies Breakfast Cereal 430g,£3.30,77p / 100g,£2.75,cupboard,cereals,2024-11-19
Weetabix Chocolate Cereal x24 540g,£3.75,16p / bisc,null,cupboard,cereals,2024-11-19
Quaker Oat Raisin Granola 500g,£3.50,70p / 100g,null,cupboard,cereals,2024-11-19
Sainsbury's Porridge Original 10x27g,£1.35,50p / 100g,null,cupboard,cereals,2024-11-19
Nestle Curiously Cinnamon Cereal 375g,£3.50,93p / 100g,null,cupboard,cereals,2024-11-19
Kellogg's Crunchy Nut Hazelnut & Chocolate Granola 380g,£3.30,87p / 100g,£2.75,cupboard,cereals,2024-11-19
Jordans Country Crisp Breakfast Cereal with Sun Ripe Strawbe...,£3.60,72p / 100g,null,cupboard,cereals,2024-11-19
"Sainsbury's Granola, Tropical 1kg",£2.55,26p / 100g,null,cupboard,cereals,2024-11-19
Cadbury Bournville Brunch Choc Chip 5x28g,£1.35,96p / 100g,null,cupboard,cereals,2024-11-19
Dorset Cereals Simply Nutty Muesli No Added Sugar Breakfast ...,£3.40,61p / 100g,null,cupboard,cereals,2024-11-19
Graze Protein Oat Boosts Honey Cereal Bars 4x30g,£2.75,£1.91 / 100g,null,cupboard,cereals,2024-11-19
Nakd Cocoa Hazelnut Protein Bars 3x45g,£3.00,£2.22 / 100g,£2.20,cupboard,cereals,2024-11-19
Bio & Me Super Seedy & Nutty Gut Loving Granola 360g,£3.95,£1.10 / 100g,null,cupboard,cereals,2024-11-19
Go Ahead FibreJacks Raspberry Multipack Snack Bars 118.9g,£2.00,£1.68 / 100g,null,cupboard,cereals,2024-11-19
Jordans Simply Granola with a Hint of Honey Breakfast Cereal...,£3.60,48p / 100g,null,cupboard,cereals,2024-11-19
Cadbury Brunch Light Honey & Oat 5x26g,£1.35,£1.04 / 100g,null,cupboard,cereals,2024-11-19
Quaker Oat So Simple Big Bowl Original Porridge Sachets 6x38...,£2.50,£1.08 / 100g,null,cupboard,cereals,2024-11-19
Kellogg's Crunchy Nut Original Breakfast Cereal 300g,£2.25,75p / 100g,null,cupboard,cereals,2024-11-19
Weetos Chocolatey Hoops 420g,£3.30,79p / 100g,null,cupboard,cereals,2024-11-19
Kellogg's Crunchy Nut Honey & Nut Clusters Breakfast Cereal ...,£3.55,89p / 100g,null,cupboard,cereals,2024-11-19
Dorset Cereals Simply Delicious Muesli No Added Sugar Breakf...,£3.40,52p / 100g,null,cupboard,cereals,2024-11-19
Kellogg's Just Right Cereal 500g,£3.50,70p / 100g,null,cupboard,cereals,2024-11-19
Dorset Cereals Simply Fruity Muesli Breakfast Cereal630g,£3.40,54p / 100g,null,cupboard,cereals,2024-11-19
Eat Natural Vegan Peanuts Coconut Dark Chocolate Fruit & Nut...,£2.40,£2.00 / 100g,null,cupboard,cereals,2024-11-19
Dorset Cereals Honey Granola Breakfast Cereal 450g,£3.70,82p / 100g,£2.75,cupboard,cereals,2024-11-19
Skinny Whip Chocolate Orange 5x20g,£1.15,£1.15 / 100g,null,cupboard,cereals,2024-11-19
Jordans Super Berry Granola Breakfast Cereal 500g,£4.00,80p / 100g,£3.00,cupboard,cereals,2024-11-19
Deliciously Ella Lemon & Poppy Seed Oat Bars 3x50g,£2.65,£1.77 / 100g,null,cupboard,cereals,2024-11-19
Kellogg's Coco Pops Chocolate Breakfast Cereal 420g,£3.30,79p / 100g,£2.75,cupboard,cereals,2024-11-19
Eat Natural Fibre Dark Chocolate Sea Salt Fruit & Nut Cereal...,£2.40,£2.00 / 100g,null,cupboard,cereals,2024-11-19
FUEL10K Protein Boosted Granola Super Berry 400g,£3.25,81p / 100g,£2.50,cupboard,cereals,2024-11-19
Quaker Oat So Simple Apple & Blueberry Porridge Sachets 10x3...,£3.50,97p / 100g,£2.25,cupboard,cereals,2024-11-19
Jordans Super Nutty Granola Breakfast Cereal 500g,£4.00,80p / 100g,£3.00,cupboard,cereals,2024-11-19
Quaker Jumbo Porridge Oats 1kg,£2.95,30p / 100g,£2.00,cupboard,cereals,2024-11-19
Belvita Choco Hazelnut Flavour Soft Bakes 250g,£2.75,£1.10 / 100g,£1.50,cupboard,cereals,2024-11-19
Sainsbury's Strawberry & White Chocolate Crisp 500g,£2.00,40p / 100g,null,cupboard,cereals,2024-11-19
Weetabix Crunchy Bran Cereal 375g,£3.00,80p / 100g,null,cupboard,cereals,2024-11-19
Kellogg's Sultana Bran 500g,£3.00,60p / 100g,null,cupboard,cereals,2024-11-19
Kellogg's Special K Crunchy Oat Granola Mixed Berries 350g,£3.00,86p / 100g,null,cupboard,cereals,2024-11-19
Jordans Crunchy Oat Granola Tropical Fruits Breakfast Cereal...,£3.60,48p / 100g,null,cupboard,cereals,2024-11-19
Go Free Gluten Free Corn Flakes 375g,£2.50,67p / 100g,£2.00,cupboard,cereals,2024-11-19
Quaker Oat So Simple Apple & Blueberry Porridge Pot 57g,£1.30,£2.28 / 100g,null,cupboard,cereals,2024-11-19
Bio & Me Low Sugar Naturally Gut Loving Granola 360g,£3.95,£1.10 / 100g,null,cupboard,cereals,2024-11-19
Nestle Nesquik Chocolate Cereal 375g,£2.80,75p / 100g,null,cupboard,cereals,2024-11-19
Sainsbury's Nutty Low Sugar Granola 500g,£2.00,40p / 100g,null,cupboard,cereals,2024-11-19
Shreddies The Frosted One 600g,£3.50,58p / 100g,null,cupboard,cereals,2024-11-19
Jordans Country Crisp Breakfast Cereal with Chunky Nuts 500g,£3.60,72p / 100g,null,cupboard,cereals,2024-11-19
Shredded Wheat Red Berries & Vanilla Flavour 450g,£2.00,44p / 100g,£1.75,cupboard,cereals,2024-11-19
Kellogg's Fruit n Fibre Cereal 375g,£2.25,60p / 100g,null,cupboard,cereals,2024-11-19
Belvita Soft Bakes Red Berries 250g,£2.75,£1.10 / 100g,null,cupboard,cereals,2024-11-19
Deliciously Ella Nutty Granola 380g,£3.80,£1.00 / 100g,null,cupboard,cereals,2024-11-19
"Sainsbury's Cornflakes, SO Organic 375g",£1.50,40p / 100g,null,cupboard,cereals,2024-11-19
Kellogg's Krave Chocolate Hazelnut Breakfast Cereal 750g,£4.00,53p / 100g,null,cupboard,cereals,2024-11-19
Jordans No Added Sugar Triple Nut Granola Breakfast Cereal 4...,£3.60,85p / 100g,null,cupboard,cereals,2024-11-19
Quaker Oat So Simple Sultanas & Raisins Porridge Sachets 10x...,£3.50,91p / 100g,£2.25,cupboard,cereals,2024-11-19
Shredded Wheat Bitesize 370g,£2.75,74p / 100g,null,cupboard,cereals,2024-11-19
Kellogg's Bran Flakes Cereal 500g,£2.20,44p / 100g,null,cupboard,cereals,2024-11-19
Quaker Oat So Simple Sweet Cinnamon Porridge Pot 57g,£1.30,£2.28 / 100g,null,cupboard,cereals,2024-11-19
Sainsbury's Berry Low Sugar Granola 500g,£2.00,40p / 100g,null,cupboard,cereals,2024-11-19
Belvita Breakfast Soft Bakes Golden Oats Pack x5 250g,£2.75,£1.10 / 100g,null,cupboard,cereals,2024-11-19
Scott's Porage Old Fashioned Porridge Oats 1kg,£2.95,30p / 100g,null,cupboard,cereals,2024-11-19
Alpen Original Muesli 1.1kg,£4.40,40p / 100g,null,cupboard,cereals,2024-11-19
Jordans Country Crisp Breakfast Cereal with Raspberries 500g,£3.60,72p / 100g,null,cupboard,cereals,2024-11-19
Quaker Oat So Simple Summer Berries Porridge Pot 58g,£1.30,£2.24 / 100g,null,cupboard,cereals,2024-11-19
"Sainsbury's Fruit & Nut Muesli, Taste the Difference 500g",£3.00,60p / 100g,null,cupboard,cereals,2024-11-19
Fibre One 90 Calorie Triple Choc Cake Bars 4x25g,£1.60,£1.60 / 100g,null,cupboard,cereals,2024-11-19
Cookie Crisp 500g,£3.30,66p / 100g,null,cupboard,cereals,2024-11-19
Go Free Gluten Free Honey Nut Flakes 350g,£2.50,71p / 100g,£2.00,cupboard,cereals,2024-11-19
Jordans Crunchy Oat Fruit & Nut Granola Breakfast Cereal 750...,£3.60,48p / 100g,null,cupboard,cereals,2024-11-19
Post Grape Nuts 580g,£3.95,68p / 100g,£3.45,cupboard,cereals,2024-11-19
Jordans No Added Sugar Apple & Berry Granola Breakfast Cerea...,£3.60,85p / 100g,null,cupboard,cereals,2024-11-19
Flahavan's Microwavable Quick Oats 500g,£1.80,36p / 100g,null,cupboard,cereals,2024-11-19
Nature's Path Gluten Free Granola Mixed Berry 312g,£3.50,£1.17 / 100g,null,cupboard,cereals,2024-11-19
Kellogg's Variety Packs x8 196g,£3.15,£1.61 / 100g,null,cupboard,cereals,2024-11-19
Dorset Cereals Gloriously Nutty Muesli No Added Sugar Breakf...,£4.50,90p / 100g,null,cupboard,cereals,2024-11-19
Dorset Cereals Nutty Granola Breakfast Cereal 450g,£3.70,74p / 100g,£2.75,cupboard,cereals,2024-11-19
Graze Banana Protein Bites with Whole Oats 4x30g,£2.75,£2.29 / 100g,null,cupboard,cereals,2024-11-19
Sainsbury's Free From Bran Flakes 300g,£2.10,70p / 100g,null,cupboard,cereals,2024-11-19
Kellogg’s Choco Wheats Cereal 480g,£1.95,41p / 100g,null,cupboard,cereals,2024-11-19
Quaker Oat So Simple Big Bowl Golden Syrup Porridge Sachets ...,£2.50,84p / 100g,null,cupboard,cereals,2024-11-19
Sainsbury's Hot Chocolate Cereal Mix 375g,£1.75,47p / 100g,null,cupboard,cereals,2024-11-19
Dorset Cereals Oat Granola Breakfast Cereal 500g,£3.70,74p / 100g,£2.75,cupboard,cereals,2024-11-19
Nature Valley Crunchy Oats & Honey Family Pack 10x42g,£3.50,83p / 100g,null,cupboard,cereals,2024-11-19
Nakd Peanut Butter Protein Bars 3x45g,£3.00,£2.22 / 100g,£2.20,cupboard,cereals,2024-11-19
Kellogg's Pop Tarts Choctastic Breakfast Pastry Snack 8x48g,£3.00,78p / 100g,null,cupboard,cereals,2024-11-19
Fibre One 90 Calorie Chocolate Fudge Brownies 4x24g,£2.25,£2.34 / 100g,null,cupboard,cereals,2024-11-19
Eat Natural Protein Maple Syrup Pecans Peanuts Fruit & Nut C...,£2.40,£2.00 / 100g,null,cupboard,cereals,2024-11-19
Quaker Oat So Simple Original Porridge Pot 45g,£1.30,£2.89 / 100g,null,cupboard,cereals,2024-11-19
Sainsbury's Porridge Golden Syrup 8x36g,£1.35,47p / 100g,null,cupboard,cereals,2024-11-19
Jordans Popped Oat Crunch Chocolate Breakfast Cereal 425g,£3.60,85p / 100g,null,cupboard,cereals,2024-11-19
Mornflake Superfast Oats 2kg,£3.00,15p / 100g,null,cupboard,cereals,2024-11-19
Kellogg's Krave Chocolate Hazelnut Cereal 410g,£3.30,80p / 100g,null,cupboard,cereals,2024-11-19
Weetabix Cereal x72,£8.00,11p / bisc,null,cupboard,cereals,2024-11-19
Kellogg's Special K Red Berries Breakfast Cereal 330g,£3.30,£1.00 / 100g,£2.75,cupboard,cereals,2024-11-19
Kellogg's Special K Peach & Apricot Cereal 360g,£3.30,92p / 100g,£2.75,cupboard,cereals,2024-11-19
Freee Gluten Free Organic Fibre Flakes 375g,£3.50,93p / 100g,null,cupboard,cereals,2024-11-19
Sainsbury's Mixed Berries Porridge 57g,65p,£1.14 / 100g,null,cupboard,cereals,2024-11-19
Nestle Cheerios Honey Cereal 370g,£3.00,81p / 100g,null,cupboard,cereals,2024-11-19
"Sainsbury's Granola, SO Organic 1kg",£4.00,40p / 100g,null,cupboard,cereals,2024-11-19
"Sainsbury's Fruit & Nut Granola, Taste the Difference 500g",£3.00,60p / 100g,null,cupboard,cereals,2024-11-19
Nestle KitKat Milk Chocolate Cereal 330g,£3.50,£1.06 / 100g,null,cupboard,cereals,2024-11-19
Go Ahead Fibrejacks Apple & Strawberry Snack Bars Multipack ...,£2.00,£1.68 / 100g,null,cupboard,cereals,2024-11-19
Kellogg's Pop Tarts Strawberry Sensation Breakfast Pastry Sn...,£3.00,78p / 100g,null,cupboard,cereals,2024-11-19
Kellogg's Special K Golden Crunchy Golden Clusters Breakfast...,£3.00,83p / 100g,null,cupboard,cereals,2024-11-19
"Alara Fruits & Seeds Muesli, Organic 650g",£3.50,54p / 100g,£2.80,cupboard,cereals,2024-11-19
Quaker Oat Crisp Original Cereal 375g,£2.50,67p / 100g,null,cupboard,cereals,2024-11-19
Kellogg's Special K Crunchy Oat Granola Dark Chocolate Curls...,£3.00,86p / 100g,null,cupboard,cereals,2024-11-19
"Weetabix Cereal, Organic x24",£4.10,17p / bisc,null,cupboard,cereals,2024-11-19
Quaker Porridge To Go Golden Syrup Breakfast Bars 2x55g,£1.75,£1.59 / 100g,£1.25,cupboard,cereals,2024-11-19
Sainsbury's Sweet Cinnamon Porridge 57g,65p,£1.14 / 100g,null,cupboard,cereals,2024-11-19
Kellogg's Crunchy Nut Fruit & Nut Granola 380g,£3.30,87p / 100g,£2.75,cupboard,cereals,2024-11-19
Ambrosia Ready To Eat Golden Syrup Flavour Porridge Pot 210g,£1.30,62p / 100g,null,cupboard,cereals,2024-11-19
Jordans Natural Muesli Breakfast Cereal 1kg,£3.85,39p / 100g,null,cupboard,cereals,2024-11-19
Nakd Bakewell Tart Raw Fruit & Nut Bar 4x35g,£3.00,£2.14 / 100g,£2.20,cupboard,cereals,2024-11-19
Kellogg's Coco Pops Chocolate Breakfast Cereal 295g,£2.25,76p / 100g,null,cupboard,cereals,2024-11-19
Kellogg's Plain Wheats Cereal 500g,£1.95,39p / 100g,null,cupboard,cereals,2024-11-19
Cadbury Brunch Light Orange 5x26g,£1.35,£1.04 / 100g,null,cupboard,cereals,2024-11-19
Kellogg's Mixed Berries Wheats Breakfast Cereal 500g,£1.95,39p / 100g,null,cupboard,cereals,2024-11-19
Stamford Street Co. Muesli 1kg,£2.00,20p / 100g,null,cupboard,cereals,2024-11-19
Kellogg's Frosties Breakfast Cereal 330g,£2.25,68p / 100g,null,cupboard,cereals,2024-11-19
Sainsbury's Free From Cornflakes 300g,£1.75,58p / 100g,null,cupboard,cereals,2024-11-19
Freee Gluten Free Organic Chocolate Stars 300g,£2.70,90p / 100g,null,cupboard,cereals,2024-11-19
Kind Chocolate Chip Cashew Cereal Bars Multipack 3x30g,£3.00,£3.33 / 100g,£2.00,cupboard,cereals,2024-11-19
Belvita Breakfast Honey & Nut with Choc Chips 540g,£2.90,54p / 100g,null,cupboard,cereals,2024-11-19
Nairn's Raisin Apple & Cinnamon Crunchy Oat Bars x8 160g,£2.70,£1.69 / 100g,null,cupboard,cereals,2024-11-19
Kellogg's Crunchy Nut Red Berries Granola 380g,£3.30,87p / 100g,£2.75,cupboard,cereals,2024-11-19
Nature Valley Muffin Cereal Bars Chocolate Chip 4x30g,£2.50,£1.58 / 100g,£1.50,cupboard,cereals,2024-11-19
Bio & Me Toffee Apple Oat Bar 3x38g,£3.25,£2.85 / 100g,null,cupboard,cereals,2024-11-19
Dorset Cereals Tasty Toasted Spelt Flakes Muesli No Added Su...,£4.50,79p / 100g,null,cupboard,cereals,2024-11-19
Nature Valley Muffin Cereal Bars Lemon Poppy Seed 4x30g,£2.50,£1.58 / 100g,£1.50,cupboard,cereals,2024-11-19
Jordans Country Crisp Breakfast Cereal with Honey & Nuts 500...,£3.60,72p / 100g,null,cupboard,cereals,2024-11-19
Jordans Country Crisp Flame Raisins Breakfast Cereal 500g,£3.60,72p / 100g,null,cupboard,cereals,2024-11-19
Fibre One 90 Calorie Birthday Cake Squares 4x24g,£2.25,£2.34 / 100g,null,cupboard,cereals,2024-11-19
Sainsbury's Free From Berry Granola 350g,£2.75,79p / 100g,null,cupboard,cereals,2024-11-19
Sainsbury's Apple & Blueberry Porridge 57g,65p,£1.14 / 100g,null,cupboard,cereals,2024-11-19
Kellogg's Special K Oats & Honey Cereal 420g,£3.30,79p / 100g,£2.75,cupboard,cereals,2024-11-19
Ambrosia Ready To Eat Porridge Original Pot 210g,£1.30,62p / 100g,null,cupboard,cereals,2024-11-19
"Deliciously Ella Almond, Apple & Raisin Granola 400g",£3.80,95p / 100g,null,cupboard,cereals,2024-11-19
Nutri-Brex Gluten Free Cereal x24 375g,£4.35,£1.16 / 100g,null,cupboard,cereals,2024-11-19
Bear Forest Fruit Bars 4x27g,£2.20,£2.04 / 100g,null,cupboard,cereals,2024-11-19
Kellogg's Rice Krispies Breakfast Cereal 310g,£2.25,73p / 100g,null,cupboard,cereals,2024-11-19
Surreal Cocoa High Protein Zero Sugar Gluten Free Cereal 240...,£4.95,£2.06 / 100g,£3.95,cupboard,cereals,2024-11-19
Sainsbury's Balance Flakes Honey & Oats 500g,£2.30,46p / 100g,null,cupboard,cereals,2024-11-19
Quaker Oat So Simple Sweet Cinnamon Porridge Sachets 10x33g,£3.50,£1.06 / 100g,£2.25,cupboard,cereals,2024-11-19
"Quaker Oat So Simple Strawberry, Raspberry & Cranberry Porri...",£3.50,£1.03 / 100g,£2.25,cupboard,cereals,2024-11-19
"Sainsbury's Granola, Berries 500g",£2.30,46p / 100g,null,cupboard,cereals,2024-11-19
Ambrosia Ready To Eat Porridge Pot with Raspberry Layer 210g,£1.30,62p / 100g,null,cupboard,cereals,2024-11-19
Jordans Deluxe Granola Dark Chocolate & Strawberries 500g,£4.00,80p / 100g,£3.00,cupboard,cereals,2024-11-19
MOMA Cranberry & Raisin Gluten Free Jumbo Oat Porridge Pot 7...,£1.30,£1.86 / 100g,£1.00,cupboard,cereals,2024-11-19
Sainsbury's Apple & Blueberry Porridge 8 x 36g (288g),£1.35,47p / 100g,null,cupboard,cereals,2024-11-19
Belvita Breakfast Soft Bakes Apricot Filled Pack x5 250g,£2.75,£1.10 / 100g,£1.50,cupboard,cereals,2024-11-19
Bio & Me Super Berry Oat Bar 3x38g,£3.25,£2.85 / 100g,null,cupboard,cereals,2024-11-19
Sainsbury's Free From Nut & Raisin Granola 350g,£2.75,79p / 100g,null,cupboard,cereals,2024-11-19
Bio & Me Cocoa Hazelnut Granola 360g,£3.95,£1.10 / 100g,null,cupboard,cereals,2024-11-19
Go Free Gluten Free Rice Pops 350g,£2.50,71p / 100g,£2.00,cupboard,cereals,2024-11-19
Kellogg's Special K Milk Chocolate Cereal 360g,£3.30,92p / 100g,£2.75,cupboard,cereals,2024-11-19
Bio & Me Apple & Cinnamon Gut Loving Granola 360g,£3.95,£1.10 / 100g,null,cupboard,cereals,2024-11-19
Quaker Oat Golden Crunch Granola 500g,£3.50,70p / 100g,null,cupboard,cereals,2024-11-19
Sainsbury's Mixed Berries Porridge 8 x 36g (288g),£1.35,47p / 100g,null,cupboard,cereals,2024-11-19
Nakd Strawberry Raspberry Fruit & Fibre Bars 3x44g,£3.00,£2.27 / 100g,£2.20,cupboard,cereals,2024-11-19
Graze Snack Box Lemon Drizzle Flapjack 53g,£1.20,£2.40 / 100g,null,cupboard,cereals,2024-11-19
Eat Natural Cashew Blueberry with a Yoghurt Coating Fruit & ...,£2.40,£2.00 / 100g,null,cupboard,cereals,2024-11-19
Angelic Free From Chocolate Chip Oat Squares Kids Snack 4x30...,£2.50,£2.08 / 100g,null,cupboard,cereals,2024-11-19
Eat Natural Low Sugar Whole Grain Oats Granola Breakfast Cer...,£4.10,91p / 100g,null,cupboard,cereals,2024-11-19
Lizi's Granola Original Nuts & Seeds 450g,£4.00,89p / 100g,null,cupboard,cereals,2024-11-19
Mornflake Oatbran 800g,£2.95,37p / 100g,null,cupboard,cereals,2024-11-19
Nakd Apple Cinnamon Fruit & Fibre Bars 3x44g,£3.00,£2.27 / 100g,£2.20,cupboard,cereals,2024-11-19
Nature Valley Oaty & Crispy Cocoa Bars 5x23g,£2.50,£1.61 / 100g,£1.75,cupboard,cereals,2024-11-19
Jordans Popped Oat Crunch Hint of Honey Breakfast Cereal 425...,£3.60,85p / 100g,null,cupboard,cereals,2024-11-19
Nairn's Honey Crunchy Oat Bars x8 160g,£2.70,£1.69 / 100g,null,cupboard,cereals,2024-11-19
Quaker Oat So Simple Gluten Free Porridge 10x35g,£3.80,£1.09 / 100g,£2.50,cupboard,cereals,2024-11-19
Quaker Oat So Simple Caramelised Biscuit Porridge Pot 57g,£1.30,£2.28 / 100g,null,cupboard,cereals,2024-11-19
Bio & Me Berry Burst Granola 350g,£3.95,£1.13 / 100g,£3.00,cupboard,cereals,2024-11-19
"Sainsbury's Gingerbread Granola, Taste the Difference",£2.80,56p / 100g,null,cupboard,cereals,2024-11-19
Sainsbury's Flourish High Protein Peanut Granola 400g,£2.35,59p / 100g,null,cupboard,cereals,2024-11-19
Nairn's Belgian Chocolate Chunk Crunchy Oat Bars x8 160g,£2.70,£1.69 / 100g,null,cupboard,cereals,2024-11-19
Dorset Cereals Luscious Berry & Cherry Muesli No Added Sugar...,£4.50,75p / 100g,null,cupboard,cereals,2024-11-19
Malt O Meal Marshmallow Mateys 320g,£3.75,£1.17 / 100g,null,cupboard,cereals,2024-11-19
Trek Millionaire Shortbread 3x44g,£4.75,£3.60 / 100g,null,cupboard,cereals,2024-11-19
Alara Organic Crispy Fruit Muesli 550g,£3.50,64p / 100g,£2.80,cupboard,cereals,2024-11-19
Quaker Heavenly Oats Caramel Fudge Porridge Pot 58g,£1.30,£2.24 / 100g,null,cupboard,cereals,2024-11-19
Quaker Oats Hazelnut Chocolate Porridge Pot 58g,£1.30,£2.24 / 100g,null,cupboard,cereals,2024-11-19
Sainsbury's Sweet Cinnamon Porridge 8 x 36g (288g),£1.35,47p / 100g,null,cupboard,cereals,2024-11-19
Bear Carrot Cake Bars 4x27g,£2.20,£2.04 / 100g,null,cupboard,cereals,2024-11-19
Jordans Super Fruity Granola Breakfast Cereal 500g,£4.00,80p / 100g,£3.00,cupboard,cereals,2024-11-19
Sainsbury's Free From Rice Pops 300g,£1.75,58p / 100g,null,cupboard,cereals,2024-11-19
Sainsbury's Free From Rice Pops 300g,£1.75,58p / 100g,null,cupboard,cereals,2024-11-19
Fuel10K Chocolate Flavour Breakfast Milk Drink 330ml,£1.30,39p / 100ml,null,cupboard,cereals,2024-11-19
Surreal Cinnamon High Protein Zero Sugar Gluten Free Cereal ...,£4.95,£2.06 / 100g,£3.95,cupboard,cereals,2024-11-19
"Sainsbury's Belgian Chocolate Praline Granola, Taste the Dif...",£3.00,60p / 100g,null,cupboard,cereals,2024-11-19
FUEL10K Protein Boosted Peanut Crunch Granola 400g,£3.25,81p / 100g,£2.50,cupboard,cereals,2024-11-19
Freee Gluten Free Organic Apricot Oat Bars with Chia 4x35g,£2.80,£2.00 / 100g,null,cupboard,cereals,2024-11-19
Fuel10K High Protein Banana Breakfast Milk Drink 330ml,£1.30,39p / 100ml,null,cupboard,cereals,2024-11-19
Sainsbury's Flourish High Protein Berry Granola 400g,£2.35,59p / 100g,null,cupboard,cereals,2024-11-19
Quaker Oat So Simple Classic Banana Porridge Sachets 10x34.8...,£3.50,£1.01 / 100g,£2.25,cupboard,cereals,2024-11-19
Curiously Cinnamon Churros 360g,£3.50,97p / 100g,£2.50,cupboard,cereals,2024-11-19
Quaker Porridge To Go Mixed Berries Breakfast Bars 2x55g,£1.75,£1.59 / 100g,£1.25,cupboard,cereals,2024-11-19
Fuel10K Strawberry Flavour Breakfast Milk Drink 330ml,£1.30,39p / 100ml,null,cupboard,cereals,2024-11-19
Up & Go Breakfast Drink Strawberry 300ml,£1.25,38p / 100ml,null,cupboard,cereals,2024-11-19
The Paleo Foods Co. Low Sugar Grain-Free Granola 285g,£4.50,£1.58 / 100g,£3.25,cupboard,cereals,2024-11-19
Fibre One 90 Calorie Chocolate Flavour Doughnuts 4x23g,£1.60,£1.74 / 100g,null,cupboard,cereals,2024-11-19
Surreal Frosted High Protein Zero Sugar Gluten Free Cereal 2...,£4.95,£2.06 / 100g,£3.95,cupboard,cereals,2024-11-19
Kellogg's Coco Pops Mega Pops Chocolate Breakfast Cereal 365...,£3.30,90p / 100g,£2.50,cupboard,cereals,2024-11-19
Sainsbury's Free From Chocolate Pops 300g,£1.75,58p / 100g,null,cupboard,cereals,2024-11-19
Deliciously Ella Strawberry & Almond Low Sugar Granola 380g,£3.80,£1.00 / 100g,null,cupboard,cereals,2024-11-19
Quaker Oat So Simple Protein Golden Syrup Porridge Pot 63g,£1.30,£2.06 / 100g,95p,cupboard,cereals,2024-11-19
KIND Fruit & Nut Cereal Bars Multipack 3x30g,£3.00,£3.33 / 100g,£2.00,cupboard,cereals,2024-11-19
Grenade Oreo Protein Bars 3x35g,£5.00,£4.76 / 100g,null,cupboard,cereals,2024-11-19
The Paleo Foods Co. Pecan & Almond Grain-Free Granola 285g,£4.50,£1.58 / 100g,£3.25,cupboard,cereals,2024-11-19
Bio & Me Cashew & Almond Granola 350g,£3.95,£1.13 / 100g,£3.00,cupboard,cereals,2024-11-19
Nature Valley Oaty & Crispy Honey Bars 5x23g,£2.50,£2.17 / 100g,£1.75,cupboard,cereals,2024-11-19
Nestlé Golden Nuggets Cereal 375g,£3.25,87p / 100g,null,cupboard,cereals,2024-11-19
Sainsbury's Scottish Porridge Oats With Wheatbran & Oatbran ...,£1.30,13p / 100g,null,cupboard,cereals,2024-11-19
Kellogg's Special K The Original 300g,£2.25,75p / 100g,null,cupboard,cereals,2024-11-19
Grenade Snack Size Bars Chocolate Chip Salted Caramel Flavou...,£5.00,£4.76 / 100g,null,cupboard,cereals,2024-11-19
Jordans Country Crisp Dark Chocolate Breakfast Cereal 500g,£3.60,72p / 100g,null,cupboard,cereals,2024-11-19
Kellogg's Honey Pops Breakfast Cereal 330g,£2.00,61p / 100g,null,cupboard,cereals,2024-11-19
Quaker Rolled Porridge Oats 500g,£1.50,30p / 100g,null,cupboard,cereals,2024-11-19
Quaker Oats High Protein Peanut Butter Porridge Pot 59g,£1.30,£2.24 / 100g,95p,cupboard,cereals,2024-11-19
Dorset Cereals Berry Granola Breakfast Cereal 450g,£3.70,82p / 100g,£2.75,cupboard,cereals,2024-11-19
Bio & Me Oats & Plenty Apple & Cinnamon 400g,£2.95,74p / 100g,null,cupboard,cereals,2024-11-19
Buttermilk Double Choccy Snack Bars 3x23g,£3.25,£4.71 / 100g,null,cupboard,cereals,2024-11-19
Honey Monster Wheat Puffs 520g,£3.50,67p / 100g,£2.70,cupboard,cereals,2024-11-19
MOMA Golden Syrup Gluten Free Jumbo Oat Porridge Pot 70g,£1.30,£1.86 / 100g,£1.00,cupboard,cereals,2024-11-19
Nesquik Choco Waves 330g,£3.00,91p / 100g,null,cupboard,cereals,2024-11-19
Bio & Me Nice & Nutty Gluten Free Porridge 58g,£1.30,£2.24 / 100g,null,cupboard,cereals,2024-11-19
Fuel10K Vanilla Flavour Breakfast Milk Drink 330ml,£1.30,39p / 100ml,null,cupboard,cereals,2024-11-19
Up & Go Breakfast Shake Vanilla 300ml,£1.25,42p / 100ml,null,cupboard,cereals,2024-11-19
Up & Go Breakfast Shake Banana & Honey 300ml,£1.25,42p / 100ml,null,cupboard,cereals,2024-11-19
Nature Valley Peanut & Chocolate Bars 4x25g,£2.50,£2.50 / 100g,£2.00,cupboard,cereals,2024-11-19
Quaker Golden Syrup Porridge Big Pot 76g,£1.50,£1.97 / 100g,null,cupboard,cereals,2024-11-19
Fuel10K High Protein Chocolate Porridge Pot 70g,£1.30,£1.86 / 100g,£1.00,cupboard,cereals,2024-11-19
Up & Go Breakfast Drink Chocolate 300ml,£1.25,38p / 100ml,null,cupboard,cereals,2024-11-19
Fibre One 90 Calorie Crispy Choc Brownies 4x24g,£2.25,£2.34 / 100g,£1.25,cupboard,cereals,2024-11-19
Quaker Oat So Simple Protein Golden Syrup Porridge Sachets 8...,£3.50,£1.02 / 100g,£2.25,cupboard,cereals,2024-11-19
Bear Cocoa Alpha Bites 350g,£2.80,80p / 100g,null,cupboard,cereals,2024-11-19
Quaker Oats High Protein Strawberries & Cream Porridge Pot 5...,£1.30,£2.20 / 100g,95p,cupboard,cereals,2024-11-19
Fuel10K High Protein Golden Syrup Porridge Pot 70g,£1.30,£1.86 / 100g,£1.00,cupboard,cereals,2024-11-19
Bio & Me Oats & Plenty Super Seedy & Nutty 400g,£2.95,74p / 100g,null,cupboard,cereals,2024-11-19
Quaker Oat So Simple Caramelised Biscuit Porridge Sachets 10...,£3.50,£1.05 / 100g,£2.25,cupboard,cereals,2024-11-19
"Sainsbury's Free From White Chocolate & Raspberry Granola, T...",£3.25,93p / 100g,null,cupboard,cereals,2024-11-19
Kellogg's Pop Tarts S'mores Pastry Snacks 8x48g,£3.00,78p / 100g,null,cupboard,cereals,2024-11-19
Quaker Oats So Simple Hazelnut Chocolate Porridge Sachets 10...,£3.50,96p / 100g,£2.25,cupboard,cereals,2024-11-19
Freee Gluten Free Organic Cinnamon Hoops 300g,£2.70,90p / 100g,null,cupboard,cereals,2024-11-19
The Paleo Foods Co. Peanut Butter Protein Boost Granola 285g,£4.50,£1.58 / 100g,£3.25,cupboard,cereals,2024-11-19
Mornflake Mighty Oats Stoneground Oatmeal 750g,£2.50,33p / 100g,null,cupboard,cereals,2024-11-19
Fuel10K High Protein Salted Caramel Porridge Pot 70g,£1.30,£1.86 / 100g,£1.00,cupboard,cereals,2024-11-19
Bio & Me Spiced Apple Gluten Free Porridge 58g,£1.30,£2.24 / 100g,null,cupboard,cereals,2024-11-19
"Shreddies Raspberry & White Chocolate Flavour, Limited Editi...",£3.40,68p / 100g,null,cupboard,cereals,2024-11-19
Quaker High in Protein Peanut Butter Porridge Sachets 8x43g,£3.50,£1.02 / 100g,£2.25,cupboard,cereals,2024-11-19
Quaker Oat So Simple Protein Original Porridge Sachets 8x37....,£3.50,£1.15 / 100g,£2.25,cupboard,cereals,2024-11-19
Quaker Oat So Simple Protein Original Porridge Pot 49g,£1.30,£2.63 / 100g,95p,cupboard,cereals,2024-11-19
Just Live a Little Gluten Free Maple & Toasted Pecan Granola...,£4.00,£1.11 / 100g,null,cupboard,cereals,2024-11-19
Quaker Oat So Simple Original Porridge Big Pot 60g,£1.50,£2.50 / 100g,null,cupboard,cereals,2024-11-19
Fulfil Chocolate Salted Caramel Flavour Vitamin & Protein Ba...,£2.50,£4.55 / 100g,null,cupboard,cereals,2024-11-19
Lion Caramel & Chocolate 400g,£3.00,75p / 100g,null,cupboard,cereals,2024-11-19
Nakd Cocoa Orange Big Bar 45g,£1.35,£3.00 / 100g,null,cupboard,cereals,2024-11-19
Graze Cherry Bakewell Fibre Flapjack 53g,£1.20,£2.40 / 100g,null,cupboard,cereals,2024-11-19
Fulfil Chocolate Brownie Flavour Vitamin & Protein Bar 40g,£2.00,£5.00 / 100g,null,cupboard,cereals,2024-11-19
Quaker High in Protein Strawberries & Cream Porridge Sachets...,£3.50,99p / 100g,£2.25,cupboard,cereals,2024-11-19
Grenade Oreo White Protein Bar 35g,£2.00,£5.71 / 100g,null,cupboard,cereals,2024-11-19
Eat Natural Protein Peanuts Dark Chocolate Fruit & Nut Bars ...,£1.10,£2.75 / 100g,null,cupboard,cereals,2024-11-19
Nakd Cocoa Hazelnut Protein Bar 45g,£1.35,£3.00 / 100g,null,cupboard,cereals,2024-11-19
Fulfil Chocolate Peanut & Caramel Flavour Vitamin & Protein ...,£2.50,£4.55 / 100g,null,cupboard,cereals,2024-11-19
Grenade Oreo Protein Bar 35g,£2.00,£5.71 / 100g,null,cupboard,cereals,2024-11-19
Nakd Strawberry & Raspberry Fruit & Fibre Bar 44g,£1.35,£3.07 / 100g,null,cupboard,cereals,2024-11-19
Nature Valley Salted Caramel Nut Bars 4x25g,£2.50,£2.50 / 100g,£2.00,cupboard,cereals,2024-11-19
Graze Honeycomb Oat Boosts 50g,£1.20,£2.40 / 100g,null,cupboard,cereals,2024-11-19
Fulfil Milk Chocolate Crunch Flavour Vitamin & Protein Bar 4...,£2.00,£5.00 / 100g,null,cupboard,cereals,2024-11-19
Lizi's Indulgent Moments Caramelised Croquant Granola 350g,£4.50,£1.29 / 100g,null,cupboard,cereals,2024-11-19
Freee Gluten Free Organic Porridge Oats 430g,£3.00,70p / 100g,null,cupboard,cereals,2024-11-19
N?kd Protein Bar Peanut Butter 45g,£1.35,£3.00 / 100g,null,cupboard,cereals,2024-11-19
Squares Chocolatey Rice Krispies 36g,90p,£2.50 / 100g,null,cupboard,cereals,2024-11-19
Lizi's Indulgent Moments Granola Sea Salt Fudge 350g,£4.50,£1.29 / 100g,null,cupboard,cereals,2024-11-19
Fulfil Chocolate Hazelnut Whip Flavour Vitamin & Protein Bar...,£2.00,£5.00 / 100g,null,cupboard,cereals,2024-11-19
Kind Protein Dark Chocolate Nut 50g,£2.20,£4.40 / 100g,null,cupboard,cereals,2024-11-19
Nakd Blueberry Muffin Big Bar 45g,£1.35,£3.00 / 100g,null,cupboard,cereals,2024-11-19
Eat Natural Almond Apricot with a Yoghurt Coating Fruit & Nu...,£1.10,£2.75 / 100g,null,cupboard,cereals,2024-11-19
Kellogg's Nutri-Grain Bakes Raisin 45g,85p,£1.89 / 100g,null,cupboard,cereals,2024-11-19
Deliciously Ella Apple & Raisin Oat Bar 50g,£1.00,£2.00 / 100g,null,cupboard,cereals,2024-11-19
Deliciously Ella Peanut Butter Oat Bar 50g,£1.00,£2.00 / 100g,null,cupboard,cereals,2024-11-19
Trek Peanut Butter Protein Flapjack 50g,£1.65,£3.30 / 100g,null,cupboard,cereals,2024-11-19
Nakd Apple & Cinnamon Fruit & Fibre Bar 44g,£1.35,£3.07 / 100g,null,cupboard,cereals,2024-11-19
Heinz Spaghetti Hoops In Tomato Sauce 205g,90p,£4.39 / kg,null,cupboard,canned,2024-11-19
Sainsbury's Spaghetti Rings In Tomato Sauce 400g,35p,88p / kg,null,cupboard,canned,2024-11-19
Heinz Ravioli In Tomato Sauce 400g,£2.00,£5.00 / kg,null,cupboard,canned,2024-11-19
Heinz Baked Beans & Richmond Pork Sausages 415g,£2.00,£4.82 / kg,null,cupboard,canned,2024-11-19
Sainsbury's Spaghetti In Tomato Sauce 400g,39p,98p / kg,null,cupboard,canned,2024-11-19
Heinz Spaghetti In Tomato Sauce 200g,90p,£4.50 / kg,null,cupboard,canned,2024-11-19
Heinz Spaghetti Hoops In Tomato Sauce 400g,£1.25,£3.13 / kg,£1.00,cupboard,canned,2024-11-19
Sainsbury's Spaghetti Rings & Pork Sausages 400g,95p,£2.38 / kg,null,cupboard,canned,2024-11-19
Heinz Spaghetti Bolognese 400g,£2.00,£5.00 / kg,null,cupboard,canned,2024-11-19
Heinz Spaghetti Hoops Great Value Pack 4x205g,£2.75,£3.35 / kg,null,cupboard,canned,2024-11-19
Heinz Macaroni Cheese 400g,£2.00,£5.00 / kg,null,cupboard,canned,2024-11-19
Heinz Baked Beans & Richmond Pork Sausages 200g,£1.40,£7.00 / kg,null,cupboard,canned,2024-11-19
Heinz Spaghetti In a Rich Tomato Sauce with Richmond Pork Sa...,£2.00,£5.00 / kg,null,cupboard,canned,2024-11-19
Heinz Peppa Pig Pasta Shapes 205g,90p,£4.39 / kg,null,cupboard,canned,2024-11-19
Heinz Ravioli In Tomato Sauce 200g,£1.40,£7.00 / kg,£1.20,cupboard,canned,2024-11-19
Heinz Despicable Me Minions Pasta Shapes in Tomato Sauce 205...,90p,£4.39 / kg,null,cupboard,canned,2024-11-19
Heinz Spaghetti In Tomato Sauce 400g,£1.25,£3.13 / kg,£1.00,cupboard,canned,2024-11-19
Heinz Alphabetti Pasta 400g,£1.25,£3.13 / kg,£1.00,cupboard,canned,2024-11-19
Heinz No Added Sugar Spaghetti Hoops 400g,£1.25,£3.13 / kg,£1.00,cupboard,canned,2024-11-19
Heinz Macaroni Cheese 200g,£1.40,£7.00 / kg,£1.20,cupboard,canned,2024-11-19
Heinz Baked Beans Tikka 390g,£1.40,£3.59 / kg,null,cupboard,canned,2024-11-19
Heinz Spaghetti Bolognese 200g,£1.40,£7.00 / kg,£1.20,cupboard,canned,2024-11-19
Bold Bean Co Classic Baked Beans 325g,£3.50,£10.77 / kg,£2.65,cupboard,canned,2024-11-19
Heinz Baked Beans Jalfrezi 390g,£1.40,£3.59 / kg,null,cupboard,canned,2024-11-19
Heinz Peppa Pig Pasta Shapes Snap Pots 4x190g,£3.25,£4.28 / kg,null,cupboard,canned,2024-11-19
Heinz Spaghetti In a Rich Tomato Sauce with Richmond Pork Sa...,£1.40,£7.00 / kg,null,cupboard,canned,2024-11-19
Heinz Spaghetti Great Value Pack 4 x 200g,£3.00,£3.75 / kg,null,cupboard,canned,2024-11-19
Heinz Disney Frozen Pasta Shapes Snap Pots 4x190g,£3.25,£4.28 / kg,null,cupboard,canned,2024-11-19
Bold Bean Co Smoky Chilli Baked Beans 325g,£3.50,£10.77 / kg,£2.65,cupboard,canned,2024-11-19
Heinz Spaghetti Carbonara Pasta 400g,£1.70,£4.25 / kg,null,cupboard,canned,2024-11-19
Princes Corned Beef 340g,£3.50,£1.03 / 100g,null,cupboard,canned,2024-11-19
Sainsbury's Lean Cooked Ham 200g,£1.80,90p / 100g,null,cupboard,canned,2024-11-19
Spam Chopped Pork & Ham 340g,£3.50,£1.03 / 100g,£3.00,cupboard,canned,2024-11-19
Princes Corned Beef 200g,£2.85,£1.43 / 100g,null,cupboard,canned,2024-11-19
Princes Reduced Salt Corned Beef 340g,£3.50,£1.03 / 100g,null,cupboard,canned,2024-11-19
Sainsbury's Chopped Pork With Ham 200g,£1.80,90p / 100g,null,cupboard,canned,2024-11-19
Spam Chopped Pork & Ham 200g,£3.25,£1.63 / 100g,null,cupboard,canned,2024-11-19
Princes Corned Beef 130g,£1.45,£1.12 / 100g,null,cupboard,canned,2024-11-19
Sainsbury's Salmon & Haddock Paste 75g,60p,80p / 100g,null,cupboard,canned,2024-11-19
Princes Lean Corned Beef 200g,£3.60,£1.80 / 100g,null,cupboard,canned,2024-11-19
Pek Chopped Pork 300g,£2.50,83p / 100g,£2.00,cupboard,canned,2024-11-19
Spam Chopped Pork & Ham Lite Tin 200g,£3.25,£1.63 / 100g,null,cupboard,canned,2024-11-19
Tulip Premium Cured Chicken Breast 200g,£2.05,£1.03 / 100g,null,cupboard,canned,2024-11-19
"Sainsbury's Lean Ham, Can 340g",£3.15,93p / 100g,null,cupboard,canned,2024-11-19
Princes Cured Ham 325g,£2.90,89p / 100g,null,cupboard,canned,2024-11-19
Grant's Premium Stewed Steak 392g,£2.75,£7.02 / kg,null,cupboard,canned,2024-11-19
Spam Chopped Pork & Ham 200g,£3.25,£1.63 / 100g,null,cupboard,canned,2024-11-19
Stagg Low Fat Vegetable Chili Medium 400g,£2.25,£5.63 / kg,null,cupboard,canned,2024-11-19
Ye Olde Oak Gammon Ham 340g,£3.65,£1.12 / 100g,null,cupboard,canned,2024-11-19
Spam Bacon 200g,£3.25,£1.63 / 100g,null,cupboard,canned,2024-11-19
Princes Meatballs in Tomato Sauce 370g,£1.20,32p / 100g,£1.00,cupboard,canned,2024-11-19
Princes Meatballs in Gravy 370g,£1.20,32p / 100g,£1.00,cupboard,canned,2024-11-19
Princes Ham 200g,£2.40,£1.20 / 100g,null,cupboard,canned,2024-11-19
Fray Bentos Chicken Curry Pie 425g,£3.00,£7.06 / kg,£2.00,cupboard,canned,2024-11-19
Spichlerzl Rusiecki Premium Sausage Gently Spiced with Garli...,£3.00,£1.07 / 100g,null,cupboard,canned,2024-11-19
Pamapol Tyrolska Konserwa Tak Smakuje Klasyka 300g,£2.20,73p / 100g,null,cupboard,canned,2024-11-19
Princes Tuna Chunks in Spring Water 4x145g,£4.25,£1.04 / 100g,£3.50,cupboard,canned,2024-11-19
Princes Drained & Ready to Use Tuna Steak with a Little Spri...,£5.25,£1.59 / 100g,null,cupboard,canned,2024-11-19
Sainsbury's Mackerel Fillets in Olive Oil 125g (90g*),95p,76p / 100g,null,cupboard,canned,2024-11-19
"Sainsbury's Wild Pacific Red Salmon, Skinless & Boneless 105...",£2.60,£2.48 / 100g,null,cupboard,canned,2024-11-19
Sainsbury's Sardines in Tomato Sauce 120g,60p,50p / 100g,null,cupboard,canned,2024-11-19
Sainsbury's Tuna Steak in Spring Water 3x120g,£3.90,£1.08 / 100g,null,cupboard,canned,2024-11-19
Sainsbury's Mackerel Fillets in Tomato Sauce 125g,95p,76p / 100g,null,cupboard,canned,2024-11-19
Sainsbury's Wild Pacific Pink Salmon 212g,£1.38,65p / 100g,null,cupboard,canned,2024-11-19
Sainsbury's Anchovy Fillets in Olive Oil 50g (30g*),£1.15,£2.30 / 100g,null,cupboard,canned,2024-11-19
John West Tuna Chunks in Spring Water 4x125g,£4.70,94p / 100g,null,cupboard,canned,2024-11-19
Sainsbury's Mackerel Fillets in Spicy Tomato Sauce 125g,95p,76p / 100g,null,cupboard,canned,2024-11-19
Sainsbury's Wild Pacific Red Salmon 212g,£3.20,£1.51 / 100g,null,cupboard,canned,2024-11-19
Princes Tuna Chunks in Sunflower Oil 4x145g,£4.25,£1.04 / 100g,£3.50,cupboard,canned,2024-11-19
Sainsbury's Mackerel Fillets in Brine 125g (86g*),95p,76p / 100g,null,cupboard,canned,2024-11-19
"John West Sardines in Olive Oil, Boneless 95g (67g*)",£1.45,£1.53 / 100g,null,cupboard,canned,2024-11-19
Princes Tuna Chunks in Brine 4x145g,£4.25,£1.04 / 100g,£3.50,cupboard,canned,2024-11-19
Sainsbury's Tuna Chunks in Spring Water 3x80g,£2.20,92p / 100g,null,cupboard,canned,2024-11-19
John West Tuna Steak with Spring Water 3x60g,£3.40,£1.89 / 100g,null,cupboard,canned,2024-11-19
Glenryck Pilchards in Tomato Sauce 155g,70p,45p / 100g,null,cupboard,canned,2024-11-19
John West Tuna Chunks with a Little Spring Water 100g,£5.00,£1.52 / 100g,£3.50,cupboard,canned,2024-11-19
John West Tuna Chunks in Brine 4x125g,£4.70,94p / 100g,null,cupboard,canned,2024-11-19
"Sainsbury's Wild Pacific Red Salmon, Skinless & Boneless 170...",£4.25,£4.05 / 100g,null,cupboard,canned,2024-11-19
"Sainsbury's Albacore Tuna Steak In Extra Virgin Olive Oil, T...",£2.85,£1.78 / 100g,null,cupboard,canned,2024-11-19
"John West Sardines in Tomato Sauce, Boneless 95g",£1.35,£1.42 / 100g,null,cupboard,canned,2024-11-19
Princes Drained & Ready to Use Tuna Steak with a Little Sunf...,£5.25,£1.59 / 100g,null,cupboard,canned,2024-11-19
Sainsbury's Anchovy Fillets in Olive Oil 100g (60g*),£2.35,£2.35 / 100g,null,cupboard,canned,2024-11-19
Sainsbury's Tuna Steak in Sunflower Oil 3x120g,£4.10,£1.14 / 100g,null,cupboard,canned,2024-11-19
Princes Mackerel Fillets in Olive Oil 125g (90g*),£1.75,£1.40 / 100g,null,cupboard,canned,2024-11-19
John West Tuna Chunks in Sunflower Oil 4x125g,£4.70,94p / 100g,null,cupboard,canned,2024-11-19
Sainsbury's Mackerel Fillets in Sunflower Oil 125g (86g*),95p,76p / 100g,null,cupboard,canned,2024-11-19
Sainsbury's Sardines in Brine 120g (90g*),60p,50p / 100g,null,cupboard,canned,2024-11-19
John West Wild Pacific Red Salmon 213g,£3.70,£1.74 / 100g,null,cupboard,canned,2024-11-19
Princes Mackerel Fillets in Tomato Sauce 125g,£1.75,£1.40 / 100g,null,cupboard,canned,2024-11-19
Princes Tuna Chunks in Spring Water 3x80g (3x56g*),£2.75,£1.15 / 100g,null,cupboard,canned,2024-11-19
"Sainsbury's Wild Pacific Pink Salmon, Skinless & Boneless 17...",£2.40,£1.41 / 100g,null,cupboard,canned,2024-11-19
"Sainsbury's Albacore Tuna Steak In Spring Water, Taste the D...",£2.55,£1.59 / 100g,null,cupboard,canned,2024-11-19
John West No Drain Fridge Pot Tuna Steak with a Little Sprin...,£5.00,£1.52 / 100g,null,cupboard,canned,2024-11-19
Princes Mackerel Fillets in Spicy Tomato Sauce 125g,£1.75,£1.40 / 100g,null,cupboard,canned,2024-11-19
Sainsbury's Sardines Skinless & Boneless in Olive Oil 90g,£1.30,£1.44 / 100g,null,cupboard,canned,2024-11-19
Parsons Cockles 155g,£1.75,£1.13 / 100g,null,cupboard,canned,2024-11-19
Sainsbury's Mackerel Fillets in Sweets Teriyaki Dressing 125...,95p,76p / 100g,null,cupboard,canned,2024-11-19
Glenryck Pilchards in Tomato Sauce 400g,£1.30,33p / 100g,null,cupboard,canned,2024-11-19
John West Tuna Steak with Sunflower Oil 3x60g,£3.40,£1.89 / 100g,null,cupboard,canned,2024-11-19
"John West Tuna with a Twist, Lime & Black Pepper 85g",£1.50,£1.76 / 100g,null,cupboard,canned,2024-11-19
John West Sardines in Tomato Sauce 120g,£1.10,92p / 100g,null,cupboard,canned,2024-11-19
Princes Tuna Chunks In Springwater 145g,£1.75,£1.21 / 100g,null,cupboard,canned,2024-11-19
John West No Drain Fridge Pot Tuna Steak with a Sunflower Oi...,£5.00,£1.52 / 100g,null,cupboard,canned,2024-11-19
Sainsbury's Mackerel Fillets in Spicy Jerk Sauce 125g,95p,76p / 100g,null,cupboard,canned,2024-11-19
Sainsbury's Tuna Steak in Brine 3x120g,£3.90,£1.08 / 100g,null,cupboard,canned,2024-11-19
John West Spreadables Tuna Mayonnaise Corn 80g,£1.25,£1.56 / 100g,null,cupboard,canned,2024-11-19
Princes Drained & Ready to Use Tuna Steak with a Little Brin...,£5.25,£1.59 / 100g,null,cupboard,canned,2024-11-19
"Sainsbury's Wild Pacific Pink Salmon, Skinless & Boneless 10...",£2.05,£1.95 / 100g,null,cupboard,canned,2024-11-19
Sainsbury's Tuna Chunks in Brine 145g,65p,64p / 100g,null,cupboard,canned,2024-11-19
Sainsbury's Salmon & Haddock Paste 75g,60p,80p / 100g,null,cupboard,canned,2024-11-19
Sainsbury's Mackerel Fillets in Sriracha Hot Sauce 125g,95p,76p / 100g,null,cupboard,canned,2024-11-19
John West Tuna Chunks with a Little Sunflower Oil 100g,£5.00,£1.67 / 100g,£3.50,cupboard,canned,2024-11-19
Sainsbury's Wild Pacific Red Salmon 105g,£2.60,£2.48 / 100g,null,cupboard,canned,2024-11-19
John West Infusions Tuna Lemon & Thyme 80g,£1.80,£2.25 / 100g,null,cupboard,canned,2024-11-19
Princes Mackerel Fillets in Mustard Sauce 125g,£1.75,£1.40 / 100g,null,cupboard,canned,2024-11-19
Sainsbury's Mackerel Fillets in Smoky BBQ Sauce 125g,95p,76p / 100g,null,cupboard,canned,2024-11-19
Ortiz El Velero Yellow Fin Tuna in Olive Oil 112g,£4.35,£3.88 / 100g,£3.50,cupboard,canned,2024-11-19
Sainsbury's Wild Pacific Pink Salmon 105g,£1.60,£1.52 / 100g,null,cupboard,canned,2024-11-19
John West Tuna Steak No Drain with Brine 3x60g,£3.40,£1.89 / 100g,null,cupboard,canned,2024-11-19
Fish! Tuna Chunks in Brine 4x145g,£3.20,78p / 100g,null,cupboard,canned,2024-11-19
John West Infusions Tuna Chilli & Garlic 80g,£1.80,£2.25 / 100g,null,cupboard,canned,2024-11-19
John West No Drain Fridge Pot Tuna Steak with a Little Olive...,£5.00,£1.52 / 100g,null,cupboard,canned,2024-11-19
John West On the Go Italian Tuna Pasta Salad 220g,£2.60,£1.18 / 100g,£2.00,cupboard,canned,2024-11-19
"John West Light Lunch, French Tuna Salad 220g",£2.60,£1.18 / 100g,£2.00,cupboard,canned,2024-11-19
Sainsbury's Mackerel Creamy Korma 125g,95p,76p / 100g,null,cupboard,canned,2024-11-19
Parmentier Sardines in Olive Oil & Provencal Herbs 135g,£2.00,£1.48 / 100g,null,cupboard,canned,2024-11-19
"John West Light Lunch, Mediterranean Style Tuna Salad 220g",£2.60,£1.18 / 100g,£2.00,cupboard,canned,2024-11-19
John West Kipper Fillets Oil 145g,£2.00,£1.38 / 100g,null,cupboard,canned,2024-11-19
Sainsbury's Tuna Chunks in Brine 3x80g,£2.20,92p / 100g,null,cupboard,canned,2024-11-19
John West No Drain Fridge Pot Tuna Steak with a Little Brine...,£5.00,£1.52 / 100g,null,cupboard,canned,2024-11-19
John West No Drain Fridge Pot Tuna Steak with a Little Brine...,£2.00,£1.82 / 100g,null,cupboard,canned,2024-11-19
Sainsbury's Anchovy Fillets in Olive Oil with Herbs & Garlic...,£1.15,£2.30 / 100g,null,cupboard,canned,2024-11-19
"John West Sardines in Sunflower Oil, Boneless 95g (67g*)",£1.50,£1.58 / 100g,null,cupboard,canned,2024-11-19
Princes Tuna In Sunflower Oil 145g,£1.75,£1.21 / 100g,null,cupboard,canned,2024-11-19
Sainsbury's Taste the Difference Smoked Scottish Mackerel wi...,£2.25,£2.05 / 100g,null,cupboard,canned,2024-11-19
Ortiz Bonito Tuna In Olive Oil 158g,£6.30,£3.99 / 100g,£5.05,cupboard,canned,2024-11-19
La Monegasque Anchovy Fillets In Olive Oil 100g,£2.50,£2.50 / 100g,null,cupboard,canned,2024-11-19
Princes Mackerel Fillets in a Hot Chilli Dressing 125g,£1.75,£1.40 / 100g,null,cupboard,canned,2024-11-19
Parsons Pickled Mussels 155g,£1.30,84p / 100g,null,cupboard,canned,2024-11-19
Sainsbury's Tuna Drained & Ready Oil 120g,£1.60,£1.33 / 100g,null,cupboard,canned,2024-11-19
Parmentier Sardines with Chilli in Olive Oil 135g,£2.00,£1.48 / 100g,null,cupboard,canned,2024-11-19
Princes Tuna Chunks In Brine 145g,£1.75,£1.21 / 100g,null,cupboard,canned,2024-11-19
Sainsbury's Tuna Drained & Ready Brine 120g,£1.50,£1.25 / 100g,null,cupboard,canned,2024-11-19
John West Soft Cod Roe 100g,£1.70,£1.70 / 100g,null,cupboard,canned,2024-11-19
Princes Tuna Chunks in Sunflower Oil 3x80g (3x56g),£2.75,£1.15 / 100g,null,cupboard,canned,2024-11-19
John West Infusions Tuna Basil 80g,£1.80,£2.25 / 100g,null,cupboard,canned,2024-11-19
John West Infusions Tuna Sweet Chilli 280g,£1.80,£2.25 / 100g,null,cupboard,canned,2024-11-19
Princes Tuna Chunks in Brine 3x80g (3x56g*),£2.75,£1.15 / 100g,null,cupboard,canned,2024-11-19
"John West Light Lunch, Mexican Style Tuna Salad 220g",£2.60,£1.18 / 100g,£2.00,cupboard,canned,2024-11-19
John West Sild in Tomato Sauce 110g,£1.65,£1.50 / 100g,£1.50,cupboard,canned,2024-11-19
Parmentier Sardines in Tomato Sauce 135g,£2.00,£1.48 / 100g,null,cupboard,canned,2024-11-19
John West On the Go Honey & Ginger Super Tuna Salad 220g,£2.70,£1.23 / 100g,null,cupboard,canned,2024-11-19
John West Smoked Oysters in Sunflower Oil 85g (65g*),£3.00,£3.53 / 100g,null,cupboard,canned,2024-11-19
John West Sardines in Sunflower Oil 120g (90g*),£1.20,£1.00 / 100g,null,cupboard,canned,2024-11-19
Sainsbury's Tuna Chunks in Olive Oil 145g,69p,48p / 100g,null,cupboard,canned,2024-11-19
John West Infusions Tuna with Tangy Jalapeno 80g,£1.80,£2.25 / 100g,null,cupboard,canned,2024-11-19
John West Sild in Sunflower Oil 110g (75g*),£1.65,£1.50 / 100g,£1.50,cupboard,canned,2024-11-19
John West On the Go Harissa Spiced Super Tuna Salad 220g,£2.70,£1.23 / 100g,null,cupboard,canned,2024-11-19
Ortiz El Velero White Tuna in Olive Oil 112g,£5.20,£4.64 / 100g,£4.15,cupboard,canned,2024-11-19
Sainsbury's Wild Pacific Red Salmon No Added Salt 212g,£3.50,£1.65 / 100g,null,cupboard,canned,2024-11-19
Graal Mackerel Fillets in Tomato Sauce 170g,£1.30,76p / 100g,null,cupboard,canned,2024-11-19
John West Tuna Chunks with a Little Brine 100g,£5.00,£1.67 / 100g,£3.50,cupboard,canned,2024-11-19
John West Skinless & Boneless Salmon Pot 80g,£2.25,£2.81 / 100g,£1.75,cupboard,canned,2024-11-19
Sainsbury's Taste the Difference Smoked Scottish Mackerel Sw...,£2.25,£2.05 / 100g,null,cupboard,canned,2024-11-19
Princes Red Wild Pacific Salmon 213g,£3.50,£1.64 / 100g,£3.00,cupboard,canned,2024-11-19
John West Anchovy Fillets 95g,£3.05,£3.21 / 100g,null,cupboard,canned,2024-11-19
John West Smoked Mussels in Vegetable Oil 85g (65g*),£3.00,£3.53 / 100g,£2.50,cupboard,canned,2024-11-19
John West Herring Fillets in Tomato Sauce 160g,£1.90,£1.31 / 100g,£1.50,cupboard,canned,2024-11-19
Princes Mackerel Fillets in Sunflower Oil 125g,£1.75,£1.40 / 100g,null,cupboard,canned,2024-11-19
John West Wild Pacific Pink Salmon 213g,£3.00,£1.41 / 100g,null,cupboard,canned,2024-11-19
John West Tuna Chunks in Spring Water 125g,£1.50,£1.20 / 100g,£1.15,cupboard,canned,2024-11-19
La Monegasque Anchovy Fillets Garlic & Herbs 100g,£2.50,£2.50 / 100g,null,cupboard,canned,2024-11-19
Princes Pink Wild Pacific Salmon 213g,£3.00,£1.41 / 100g,null,cupboard,canned,2024-11-19
John West Tuna Chunks in Sunflower Oil 125g,£1.50,£1.20 / 100g,£1.15,cupboard,canned,2024-11-19
Princes Sandwich Tuna in Spring Water 3x140g,£2.65,63p / 100g,null,cupboard,canned,2024-11-19
"Sainsbury's Ventresca Tuna Fillets In Olive Oil, Taste the D...",£4.90,£4.26 / 100g,null,cupboard,canned,2024-11-19
Sainsbury's Peach Slices In Fruit Juice 411g,£1.10,£4.89 / kg,null,cupboard,canned,2024-11-19
Sainsbury's Pineapple Chunks in Fruit Juice 425g,£1.10,£4.07 / kg,null,cupboard,canned,2024-11-19
Stamford Street Co. Peach Slices in Light Syrup 411g,33p,£1.38 / kg,null,cupboard,canned,2024-11-19
BEAR Fruit Yoyos Strawberry Multipack x5 20g,£2.85,£2.85 / 100g,£2.10,cupboard,canned,2024-11-19
Sainsbury's Pineapple Slices in Juice 227g,80p,£5.71 / kg,null,cupboard,canned,2024-11-19
Sainsbury's Prunes in Fruit Juice 410g,£1.15,£2.80 / kg,null,cupboard,canned,2024-11-19
Del Monte Fruit Cocktail In Juice 415g (250g Drained),£1.20,£4.80 / kg,null,cupboard,canned,2024-11-19
Sainsbury's Prunes 500g,£3.85,77p / 100g,null,cupboard,canned,2024-11-19
"Sainsbury's Prunes, Pitted, in Juice 290g",£1.10,£6.29 / kg,null,cupboard,canned,2024-11-19
Sainsbury's Apricot Halves in Fruit Juice 411g,£1.10,£4.58 / kg,null,cupboard,canned,2024-11-19
Dole Pineapple In Juice Fruit Snacks 4x113g,£2.30,£8.85 / kg,£1.95,cupboard,canned,2024-11-19
Del Monte Peach Slices In Juice 415g (250g Drained),£1.20,£4.80 / kg,null,cupboard,canned,2024-11-19
Sainsbury's Pineapple Slices in Juice 425g,£1.10,£4.07 / kg,null,cupboard,canned,2024-11-19
Dole Mandarins In Juice Fruit Snacks 4x113g,£2.30,£8.52 / kg,£1.95,cupboard,canned,2024-11-19
Dole Mango In Juice Fruit Snacks 4x113g,£2.30,£8.68 / kg,£1.95,cupboard,canned,2024-11-19
Ella's Kitchen Organic the Red One Smoothie Multipack Baby F...,£3.85,86p / 100g,null,cupboard,canned,2024-11-19
Dole Peaches In Juice Fruit Snacks 4x113g,£2.30,£8.85 / kg,£1.95,cupboard,canned,2024-11-19
"The Fruit Factory Strawberry, Apple & Orange Fruit Strings 5...",£2.50,£2.50 / 100g,£2.00,cupboard,canned,2024-11-19
"The Fruit Factory Strawberry, Apple & Orange Fruit Stars 5x2...",£2.50,£2.50 / 100g,£2.00,cupboard,canned,2024-11-19
Whitworths Whole Cranberries 130g,£2.00,£1.54 / 100g,£1.60,cupboard,canned,2024-11-19
Dole Peach In Strawberry Jelly Fruit Snacks 4x123g,£2.30,47p / 100g,£1.95,cupboard,canned,2024-11-19
Sunny Raisins Kids Snack 14 Pack,£2.40,£1.22 / 100g,null,cupboard,canned,2024-11-19
Dole Tropical Gold Premium Pineapple Chunks In Juice 227g,£1.00,£4.41 / kg,null,cupboard,canned,2024-11-19
Sainsbury's Figs 500g,£4.80,96p / 100g,null,cupboard,canned,2024-11-19
Del Monte Pear Halves In Juice 415g (230g Drained),£1.20,£5.22 / kg,null,cupboard,canned,2024-11-19
Sainsbury's Pitted Black Cherries in Light Syrup 425g,£1.35,£6.28 / kg,null,cupboard,canned,2024-11-19
Nature's Finest Pitted Prunes in Juice 700g,£3.20,£4.57 / kg,null,cupboard,canned,2024-11-19
Dole Tropical Fruit In Juice Fruit Snacks 4x113g,£2.30,£8.68 / kg,£1.95,cupboard,canned,2024-11-19
Del Monte Mandarins in Juice 298g,£1.20,£6.86 / kg,null,cupboard,canned,2024-11-19
Whitworths Dates 300g,£2.00,67p / 100g,£1.60,cupboard,canned,2024-11-19
Sainsbury's Ruby Red Grapefruit Segments In Fruit Juice 539g,£1.45,£5.00 / kg,null,cupboard,canned,2024-11-19
Ella's Kitchen Organic the Purple One Smoothie Multipack Bab...,£3.85,86p / 100g,null,cupboard,canned,2024-11-19
"Sainsbury's Grapefruit Segments In Juice, Unsweetened 539g",£1.45,£4.83 / kg,null,cupboard,canned,2024-11-19
Whitworths Figs 175g,£2.00,£1.14 / 100g,£1.60,cupboard,canned,2024-11-19
Summer Pride Lychees in Light Syrup 425g,£1.50,£7.50 / kg,null,cupboard,canned,2024-11-19
Del Monte Peach Slices In Light Syrup 227g,90p,£3.96 / kg,null,cupboard,canned,2024-11-19
Dole Fruit Salad Cherry In Juice Fruit Snacks 4x113g,£2.30,£8.85 / kg,£1.95,cupboard,canned,2024-11-19
Del Monte Peach Slices Light Syrup 420g (250g Drained),£1.20,£2.86 / kg,null,cupboard,canned,2024-11-19
Nature's Finest Mandarin in Juice 390g,£1.90,£7.92 / kg,£1.70,cupboard,canned,2024-11-19
BEAR Fruit Yoyos Strawberry Family Pack x9 20g,£4.65,£2.58 / 100g,null,cupboard,canned,2024-11-19
Whitworths Prunes 190g,£2.00,£1.05 / 100g,£1.60,cupboard,canned,2024-11-19
Nature's Finest Peach in Juice 700g,£3.20,£4.57 / kg,null,cupboard,canned,2024-11-19
Del Monte Fruit Cocktail In Light Syrup 227g,90p,£3.96 / kg,null,cupboard,canned,2024-11-19
Dole Mixed Fruit In Peach Jelly Fruit Snacks 4x123g,£2.30,47p / 100g,£1.95,cupboard,canned,2024-11-19
Dole Tropical Gold Premium Pineapple Slices In Juice 227g,£1.00,£4.41 / kg,null,cupboard,canned,2024-11-19
Del Monte Mango Slices in Light Syrup 425g,£1.20,£2.82 / kg,null,cupboard,canned,2024-11-19
Sainsbury's Dried Pineapple 30g,90p,£3.00 / 100g,null,cupboard,canned,2024-11-19
"Sainsbury's Prunes, SO Organic 250g",£3.80,£1.52 / 100g,null,cupboard,canned,2024-11-19
Princes Rhubarb In Light Syrup 540g,£1.60,£2.96 / kg,null,cupboard,canned,2024-11-19
Del Monte Fruit Cocktail In Light Syrup 420g,£1.20,£2.86 / kg,null,cupboard,canned,2024-11-19
"Sainsbury's Figs, SO Organic 250g",£3.60,£1.44 / 100g,null,cupboard,canned,2024-11-19
Sainsbury's Peach Slices In Fruit Juice 213g,70p,£5.60 / kg,null,cupboard,canned,2024-11-19
Odysea Preserved Beldi Lemons 360g (200g*),£3.00,£8.33 / kg,null,cupboard,canned,2024-11-19
Sainsbury's Raspberries in Light Syrup 300g,£1.90,£6.33 / kg,null,cupboard,canned,2024-11-19
Nature's Finest Peach in Juice 400g,£1.90,£8.26 / kg,£1.70,cupboard,canned,2024-11-19
Summer Pride Jackfruit in Water 400g,£1.85,£7.40 / kg,null,cupboard,canned,2024-11-19
Sainsbury's Pineapple Pieces in Juice 227g,80p,£5.71 / kg,null,cupboard,canned,2024-11-19
Nature's Finest Mango in Juice 400g,£1.90,£4.75 / kg,null,cupboard,canned,2024-11-19
Nature's Finest Mandarin in Juice 4x113g,£2.40,£5.31 / kg,null,cupboard,canned,2024-11-19
BEAR Fruit Yoyos Mango Family Pack x9 20g,£4.65,£2.58 / 100g,null,cupboard,canned,2024-11-19
Del Monte Prunes in Juice 410g,£1.20,£2.93 / kg,null,cupboard,canned,2024-11-19
Nature's Finest Peach in Juice 4x120g,£2.40,£5.00 / kg,null,cupboard,canned,2024-11-19
Del Monte Apricots In Light Syrup 420,£1.20,£2.86 / kg,null,cupboard,canned,2024-11-19
Dole Apple & Cinnamon with Plant Based Cream Dessert 4x123g,£2.50,£5.08 / kg,£1.95,cupboard,canned,2024-11-19
Nature's Finest Mandarin in Juice 700g,£3.20,£4.57 / kg,null,cupboard,canned,2024-11-19
Princes Fillings & Toppings Black Cherry 410g,£1.80,£4.39 / kg,£1.25,cupboard,canned,2024-11-19
Nature's Finest Fruit Cocktail In Juice 4x120g,£2.40,£5.00 / kg,null,cupboard,canned,2024-11-19
Sainsbury's Blackcurrants in Fruit Juice 290g,£1.30,£11.30 / kg,null,cupboard,canned,2024-11-19
Sainsbury's Red Plums in Light Syrup 567g,£1.40,£4.67 / kg,null,cupboard,canned,2024-11-19
Nature's Finest Tropical Fruits In Juice 400g,£1.90,£8.26 / kg,null,cupboard,canned,2024-11-19
Whitworths Banana Chips 150g,£2.00,£1.33 / 100g,£1.60,cupboard,canned,2024-11-19
Sainsbury's Apricot Halves In Light Syrup 411g,£1.10,£4.58 / kg,null,cupboard,canned,2024-11-19
Nature's Finest Tropical Fruits in Juice 700g,£3.20,£8.53 / kg,null,cupboard,canned,2024-11-19
Princes Fruit Filling Apple 395g,£1.80,£4.56 / kg,£1.25,cupboard,canned,2024-11-19
Del Monte Pear Halves In Syrup 420g (230g Drained),£1.20,£5.22 / kg,null,cupboard,canned,2024-11-19
Sainsbury's Peach Halves In Syrup 411g,£1.10,£4.58 / kg,null,cupboard,canned,2024-11-19
Sainsbury's Pear Halves In Light Syrup 411g,£1.10,£2.68 / kg,null,cupboard,canned,2024-11-19
Princes Strawberries in Light Syrup 410g,£1.60,£3.90 / kg,null,cupboard,canned,2024-11-19
Nature's Finest Pineapple in Juice 400g,£1.70,£7.39 / kg,null,cupboard,canned,2024-11-19
Sainsbury's Berries & Cherries 100g,£2.65,£2.65 / 100g,null,cupboard,canned,2024-11-19
Dole Peach & Vanilla with Plant Based Cream Dessert 4x123g,£2.50,£5.08 / kg,£1.95,cupboard,canned,2024-11-19
Dole Tropical Gold Pineapple Slices In 100% Pineapple Juice ...,£1.20,£4.41 / kg,null,cupboard,canned,2024-11-19
Dole Tropical Gold Pineapple Chunks In 100% Pineapple Juice ...,£1.20,£4.41 / kg,null,cupboard,canned,2024-11-19
Nature's Finest Pineapple in Juice 4x113g,£2.40,£10.91 / kg,null,cupboard,canned,2024-11-19
Kingsfood Hot Dog Sausages x8 400g (184g*),70p,£1.75 / kg,null,cupboard,canned,2024-11-19
Wikinger 8 Hot Dogs Bockwurst Style in Brine 550g,£2.00,£3.64 / kg,null,cupboard,canned,2024-11-19
Sainsbury's Chicken In White Sauce 392g,£2.40,£6.12 / kg,null,cupboard,canned,2024-11-19
Stagg Classic Chilli Con Carne 400g,£2.25,£5.63 / kg,null,cupboard,canned,2024-11-19
Fray Bentos Meatballs In Tomato Sauce 380g,£1.20,£3.16 / kg,null,cupboard,canned,2024-11-19
Sainsbury's Stewed Steak In Gravy 392g,£2.55,£6.51 / kg,null,cupboard,canned,2024-11-19
Wikinger Hot Dogs x5 380g,£1.70,£4.47 / kg,null,cupboard,canned,2024-11-19
Sainsbury's Chilli Con Carne 392g,£2.40,£6.12 / kg,null,cupboard,canned,2024-11-19
Ye Olde Oak Hot Dogs x8 400g (184g*),£1.00,£2.50 / kg,null,cupboard,canned,2024-11-19
Sainsbury's Minced Beef & Onion 392g,£2.40,£6.12 / kg,null,cupboard,canned,2024-11-19
Sainsbury's Chicken Balti 392g,£2.40,£6.12 / kg,null,cupboard,canned,2024-11-19
Stamford Street Co. Chicken Curry 392g,£1.49,£3.80 / kg,null,cupboard,canned,2024-11-19
Fray Bentos Steak & Kidney Pie 425g,£3.00,£7.06 / kg,£2.00,cupboard,canned,2024-11-19
Fray Bentos Meatballs In Gravy 380g,£1.20,£3.16 / kg,null,cupboard,canned,2024-11-19
Dino's Famous Little Franks Beechwood Smoked Pork Hot Dogs x...,£3.50,64p / 100g,null,cupboard,canned,2024-11-19
Sainsbury's Chicken Jalfrezi 392g,£2.40,£6.12 / kg,null,cupboard,canned,2024-11-19
Sainsbury's Chicken Korma 392g,£2.40,£6.12 / kg,null,cupboard,canned,2024-11-19
Fray Bentos Chicken Meatballs in Barbecue Sauce 380g,£1.20,£3.16 / kg,null,cupboard,canned,2024-11-19
Fray Bentos Steak & Gravy 425g,£3.00,£7.06 / kg,£2.00,cupboard,canned,2024-11-19
Wikinger Hot Dogs x8 1030g,£3.00,£2.91 / kg,null,cupboard,canned,2024-11-19
Ye Olde Oak Jumbo Hot Dogs 560g (300g*),£1.40,£2.50 / kg,null,cupboard,canned,2024-11-19
Bunlimited 4 Classic Hot Dogs 280g,£2.70,£9.64 / kg,null,cupboard,canned,2024-11-19
Ye Olde Oak US Style Hot Dogs Jar x8 525g (360g*),£2.15,£4.10 / kg,null,cupboard,canned,2024-11-19
Stagg Dynamite Hot Chilli 400g,£2.25,£5.63 / kg,null,cupboard,canned,2024-11-19
Sainsbury's Flourish Vegetable Chilli Bean Non Carne 392g,£2.40,£6.12 / kg,null,cupboard,canned,2024-11-19
Fray Bentos Meaty Puds Just Steak 200g,£2.50,£12.50 / kg,null,cupboard,canned,2024-11-19
Sainsbury's Beef Madras Curry 392g,£2.40,£6.12 / kg,null,cupboard,canned,2024-11-19
Sainsbury's Beef Casserole 392g,£2.40,£6.12 / kg,null,cupboard,canned,2024-11-19
Sainsbury's Chip Shop Curry Sauce 392g,£2.40,£6.12 / kg,null,cupboard,canned,2024-11-19
Sainsbury's Mild Beef Curry 392g,£2.40,£6.12 / kg,null,cupboard,canned,2024-11-19
Sainsbury's Flourish Very Veggie Curry 392g,£2.40,£6.12 / kg,null,cupboard,canned,2024-11-19
Sainsbury's Irish Stew 392g,£2.40,£6.12 / kg,null,cupboard,canned,2024-11-19
Grant's Irish Stew 392g,£1.80,£4.59 / kg,null,cupboard,canned,2024-11-19
Hunger Breaks All Day Breakfast 395g,£2.25,£5.70 / kg,null,cupboard,canned,2024-11-19
Fray Bentos Minced Beef & Onion Pies 425g,£3.00,£7.06 / kg,£2.00,cupboard,canned,2024-11-19
Fray Bentos Steak & Kidney Pudding 400g,£3.20,£8.00 / kg,null,cupboard,canned,2024-11-19
Sainsbury's Bombay Potatoes 392g,£2.40,£6.12 / kg,null,cupboard,canned,2024-11-19
Sainsbury's Flourish Lentil & Chickpea Dhal 395g,£2.40,£6.08 / kg,null,cupboard,canned,2024-11-19
Hunger Breaks The Full Monty 395g,£2.25,£5.70 / kg,null,cupboard,canned,2024-11-19
Sainsbury's Beef Bolognese 392g,£2.40,£6.12 / kg,null,cupboard,canned,2024-11-19
Ye Olde Oak US Style Hot Dogs x6 400g (200g*),£1.45,£3.63 / kg,null,cupboard,canned,2024-11-19
Pamapol Bigos Domowy (Stew) 500g,£2.15,£4.30 / kg,null,cupboard,canned,2024-11-19
Brooklyn Dino's Famous Big Dogs Beechwood Smoked Pork 720g,£5.00,69p / 100g,null,cupboard,canned,2024-11-19
Pamapol Flaczki (Beef Tripe) 500g,£2.45,£4.90 / kg,£1.95,cupboard,canned,2024-11-19
Batchelors Super Noodles Chicken Flavour 90g,£1.00,£11.11 / kg,null,cupboard,canned,2024-11-19
Pot Noodle Chicken & Mushroom 90g,£1.10,£12.22 / kg,null,cupboard,canned,2024-11-19
Ko-Lee Instant Noodles Chicken Flavour 70g,28p,£4.00 / kg,null,cupboard,canned,2024-11-19
Sainsbury's Mild Salsa 200g,£1.35,68p / 100g,null,cupboard,canned,2024-11-19
Merchant Gourmet Puy Lentils & French Green Lentils Simply C...,£2.15,£8.60 / kg,null,cupboard,canned,2024-11-19
Pot Noodle Original Curry 90g,£1.10,£12.22 / kg,null,cupboard,canned,2024-11-19
Pot Noodle Beef & Tomato 90g,£1.10,£12.22 / kg,null,cupboard,canned,2024-11-19
"Batchelors Pasta 'n' Sauce, Cheese & Broccoli 99g",£1.00,£10.10 / kg,90p,cupboard,canned,2024-11-19
Pot Noodle King Pot Chicken & Mushroom 114g,£1.40,£12.28 / kg,£1.00,cupboard,canned,2024-11-19
Jacob's Biscuits For Cheese Variety Assortment x7 450g,£4.50,£1.00 / 100g,£4.00,cupboard,canned,2024-11-19
"Batchelors Super Noodles Pot, Chicken 75g",£1.00,£13.33 / kg,null,cupboard,canned,2024-11-19
Merchant Gourmet Tomatoey French Puy & Green Lentils 250g,£2.15,£8.60 / kg,null,cupboard,canned,2024-11-19
Pot Noodle Sticky Rib 90g,£1.10,£12.22 / kg,null,cupboard,canned,2024-11-19
Nissin Soba Chilli Wok Style Instant Cup Noodles Pot 92g,£1.70,£18.48 / kg,null,cupboard,canned,2024-11-19
Pot Noodle Chinese Chow Mein 90g,£1.10,£12.22 / kg,null,cupboard,canned,2024-11-19
"Sainsbury's Savoury Rice, Golden Vegetable 105g",60p,£5.71 / kg,null,cupboard,canned,2024-11-19
"Batchelors Super Noodles, BBQ Beef 90g",£1.00,£11.11 / kg,null,cupboard,canned,2024-11-19
Nissin Soba Classic Wok Style Instant Cup Noodles Pot 90g,£1.70,£18.89 / kg,null,cupboard,canned,2024-11-19
Merchant Gourmet Smoky Spanish Rice & Grains 250g,£2.15,£8.60 / kg,null,cupboard,canned,2024-11-19
Merchant Gourmet Simply Cooked Red & White Quinoa 250g,£2.15,£8.60 / kg,null,cupboard,canned,2024-11-19
Mug Shot Pasta Tomato & Herb 64g,£1.00,£15.63 / kg,50p,cupboard,canned,2024-11-19
Nissin Soba Teriyaki Wok Style Instant Cup Noodles Pot 90g,£1.70,£18.89 / kg,null,cupboard,canned,2024-11-19
"Batchelors Super Noodles, Curry 90g",£1.00,£11.11 / kg,null,cupboard,canned,2024-11-19
Mug Shot Pasta Roast Chicken Soup 55g,£1.00,£18.18 / kg,50p,cupboard,canned,2024-11-19
Mug Shot Noodles Macaroni Cheese 68g,£1.00,£14.71 / kg,50p,cupboard,canned,2024-11-19
Mug Shot Noodles Chicken & Sweetcorn 54g,£1.00,£18.52 / kg,50p,cupboard,canned,2024-11-19
Merchant Gourmet 3 Bean & Lentil Chilli 280g,£2.50,£8.93 / kg,null,cupboard,canned,2024-11-19
Mug Shot Noodles Creamy Cheese 68g,£1.00,£14.71 / kg,50p,cupboard,canned,2024-11-19
"Batchelors Pasta 'n' Sauce, Cheese, Leek & Ham 99g",£1.00,£10.10 / kg,90p,cupboard,canned,2024-11-19
Pot Noodle Bombay Bad Boy 90g,£1.10,£12.22 / kg,null,cupboard,canned,2024-11-19
Mug Shot Noodles Sweet & Sour 67g,£1.00,£14.93 / kg,50p,cupboard,canned,2024-11-19
"Batchelors Pasta 'n' Sauce, Macaroni Cheese 108g",£1.00,£10.10 / kg,90p,cupboard,canned,2024-11-19
Pot Noodle King Pot Beef & Tomato 114g,£1.40,£12.28 / kg,£1.00,cupboard,canned,2024-11-19
Pot Noodle King Original Curry 114g,£1.40,£12.28 / kg,£1.00,cupboard,canned,2024-11-19
Merchant Gourmet Simply Cooked Glorious Grains with Red Rice...,£2.15,£8.60 / kg,null,cupboard,canned,2024-11-19
"Batchelors Pasta 'n' Sauce, Chicken & Mushroom 99g",£1.00,£10.10 / kg,90p,cupboard,canned,2024-11-19
itsu Satay Rice Noodle Pot 64g,£1.85,£28.91 / kg,£1.50,cupboard,canned,2024-11-19
Nissin Soba Classic Wok Style Stir Fry Noodles 109g,£1.20,£11.01 / kg,£1.00,cupboard,canned,2024-11-19
Pot Noodle King Pot Bombay Bad Boy 114g,£1.40,£12.28 / kg,£1.00,cupboard,canned,2024-11-19
Nissin Soba Chilli Wok Style Stir Fry Noodles 111g,£1.20,£10.91 / kg,£1.00,cupboard,canned,2024-11-19
Merchant Gourmet Thai Green Lentil Curry 280g,£2.50,£8.93 / kg,null,cupboard,canned,2024-11-19
itsu Sesame Ramen Big Bowl Noodles 93g,£2.50,£2.69 / kg,null,cupboard,canned,2024-11-19
itsu Chilli Miso Rice Noodle Pot 63g,£1.85,£29.37 / kg,£1.50,cupboard,canned,2024-11-19
Nissin Soba Yakitori Chicken Wok Style Instant Cup Noodles P...,£1.70,£19.10 / kg,null,cupboard,canned,2024-11-19
Nissin Soba Teriyaki Wok Style Stir Fry Noodles 110g,£1.20,£10.91 / kg,£1.00,cupboard,canned,2024-11-19
Nissin Soba Japanese Curry Wok Style Instant Cup Noodles Pot...,£1.70,£18.89 / kg,null,cupboard,canned,2024-11-19
Merchant Gourmet Mexican Inspired Grains 250g,£2.15,£8.60 / kg,null,cupboard,canned,2024-11-19
Mug Shot Italian Inspired Pasta Creamy Carbonara 60g,£1.00,£16.67 / kg,50p,cupboard,canned,2024-11-19
"Batchelors Super Noodles, Bacon 90g",£1.00,£11.11 / kg,null,cupboard,canned,2024-11-19
"Batchelors Pasta 'n' Sauce, Tomato, Onion & Herb 110g",£1.00,£10.10 / kg,90p,cupboard,canned,2024-11-19
Merchant Gourmet Spicy Cajun Style Lentils & Red Kidney Bean...,£2.15,£8.60 / kg,null,cupboard,canned,2024-11-19
Merchant Gourmet Microwave Ready to eat Beluga Lentils 250g,£2.15,£8.60 / kg,null,cupboard,canned,2024-11-19
"Batchelors Super Noodles, Chow Mein 90g",£1.00,£11.11 / kg,null,cupboard,canned,2024-11-19
"Batchelors Super Noodles, Southern Fried Chicken 90g",£1.00,£11.11 / kg,null,cupboard,canned,2024-11-19
Merchant Gourmet Lentil & Chickpea Tagine 280g,£2.50,£8.93 / kg,null,cupboard,canned,2024-11-19
Jacob's Savours Crackers Assortment 250g,£4.00,£1.60 / 100g,£3.50,cupboard,canned,2024-11-19
"Batchelors Pasta 'n' Sauce, Cheese & Pancetta 110g",£1.00,£10.10 / kg,90p,cupboard,canned,2024-11-19
Idahoan Perfect Mash Bacon & Cheese Snack Pot 55g,£1.50,£27.27 / kg,£1.00,cupboard,canned,2024-11-19
itsu Classic Soy Big Bowl Noodles 101g,£2.50,£19.39 / kg,null,cupboard,canned,2024-11-19
Idahoan Perfect Mash Bubble & Squeak Snack Pot 55g,£1.50,£27.27 / kg,£1.00,cupboard,canned,2024-11-19
Batchelors Super Noodles Japanese Katsu Curry Flavour 90g,£1.00,£11.11 / kg,null,cupboard,canned,2024-11-19
Nissin Soba Sukiyaki Beef Wok Style Instant Cup Noodles Pot ...,£1.70,£19.10 / kg,null,cupboard,canned,2024-11-19
"Batchelors Super Noodles Pot, BBQ Beef 75g",£1.00,£13.33 / kg,null,cupboard,canned,2024-11-19
Nissin Soba Peking Duck Wok Style Instant Cup Noodles Pot 87...,£1.70,£19.54 / kg,null,cupboard,canned,2024-11-19
Tilda Tasty Sides Indian Black Dhal 250g,£2.00,£8.00 / kg,null,cupboard,canned,2024-11-19
Vifon Golden Chicken Noodle Soup 70g,70p,£10.00 / kg,null,cupboard,canned,2024-11-19
Pot Noodle Katsu Curry Instant Snack 100g,£1.40,£14.00 / kg,£1.00,cupboard,canned,2024-11-19
itsu Spicy Ramen Rice Noodles 64g,£1.85,£22.92 / kg,£1.50,cupboard,canned,2024-11-19
Maggi 3 Minute Instant Noodles Chicken Flavour 4x59g,£1.50,£6.36 / kg,null,cupboard,canned,2024-11-19
Sainsbury's Chicken Flavour Instant Noodles 90g,50p,£5.56 / kg,null,cupboard,canned,2024-11-19
Kabuto Noodles Chilli Chicken Flavour Ramen 65g,£1.65,£25.38 / kg,£1.30,cupboard,canned,2024-11-19
Naked Thai Style Green Curry Egg Noodles 78g,£1.20,£15.38 / kg,75p,cupboard,canned,2024-11-19
Pot Noodle Thai Green Curry Instant Snack 117g,£1.40,£11.97 / kg,£1.00,cupboard,canned,2024-11-19
Nissin Soba Classic Instant Wok Style Noodles Big Pot 113g,£2.30,£20.35 / kg,£1.75,cupboard,canned,2024-11-19
Nissin Soba Chilli Instant Wok Style Noodles Big Pot 115g,£2.30,£20.35 / kg,£1.75,cupboard,canned,2024-11-19
Idahoan Perfect Mash Roasted Garlic 109g,£1.50,£13.76 / kg,£1.20,cupboard,canned,2024-11-19
Nissin Soba Teriyaki Instant Wok Style Noodles Big Pot 113g,£2.30,£20.35 / kg,£1.75,cupboard,canned,2024-11-19
Mama Oriental Style Instant Noodles Shrimp Creamy Tom Yum Fl...,95p,£10.56 / kg,null,cupboard,canned,2024-11-19
Nissin Cup Noodles Seafood Japanese Style 75g,£1.75,£23.33 / kg,£1.25,cupboard,canned,2024-11-19
Batchelors Super Noodles Curry Flavour 75g,£1.00,£13.33 / kg,null,cupboard,canned,2024-11-19
Nissin Yakitori Chicken Big Wok Style Soba Cup Noodles 113g,£2.30,£20.35 / kg,£1.75,cupboard,canned,2024-11-19
Nissin Cup Noodles Katsu Curry 67g,£1.75,£26.12 / kg,£1.25,cupboard,canned,2024-11-19
Tilda Tasty Sides Mexican Fajita 250g,£2.00,£8.00 / kg,null,cupboard,canned,2024-11-19
Tilda Tasty Sides Thai Green Curry 250g,£2.00,£8.00 / kg,null,cupboard,canned,2024-11-19
Sainsbury's BBQ Beef Flavour Instant Noodles 90g,50p,£5.56 / kg,null,cupboard,canned,2024-11-19
Nissin Cup Noodles Spicy Hot Chilli 66g,£1.75,£26.52 / kg,£1.25,cupboard,canned,2024-11-19
Pot Noodle Lost The Pot Noodle Champion Chicken 85g,50p,£5.88 / kg,null,cupboard,canned,2024-11-19
itsu Katsu Rice Noodle Pot 63g,£1.85,£29.37 / kg,£1.50,cupboard,canned,2024-11-19
Kabuto Noodles Katsu Curry 65g,£1.65,£25.38 / kg,£1.30,cupboard,canned,2024-11-19
Naked Ultimate Malaysian Style Chicken Laksa Flavour Ramen 8...,£1.50,£18.75 / kg,£1.00,cupboard,canned,2024-11-19
Pot Noodle Lost The Pot Noodle Smokin BBQ 85g,50p,£5.88 / kg,null,cupboard,canned,2024-11-19
Mama Oriental Style Instant Noodles Hot & Spicy Flavour 90g,95p,£10.56 / kg,null,cupboard,canned,2024-11-19
"Batchelors Super Noodles, Chicken & Mushroom 90g",£1.00,£11.11 / kg,null,cupboard,canned,2024-11-19
Nissin Soba Yakitori Chicken Wok Style Stir Fry Noodles 110g,£1.20,£10.91 / kg,£1.00,cupboard,canned,2024-11-19
Pot Noodle Chilli Chicken Instant Snack 100g,£1.40,£14.00 / kg,£1.00,cupboard,canned,2024-11-19
Pot Noodle Lost The Pot Noodle Chip Shop Curry 85g,50p,£5.88 / kg,null,cupboard,canned,2024-11-19
Batchelors Chinese Salt & Pepper Chicken Flavour Super Noodl...,£1.00,£11.11 / kg,null,cupboard,canned,2024-11-19
"Batchelors Fiery Chilli & Lime Flavour Super Noodles, Limite...",£1.00,£13.33 / kg,null,cupboard,canned,2024-11-19
Naked Ultimate Japanese Style Miso & Chilli Flavour Ramen 80...,£1.50,£18.75 / kg,£1.00,cupboard,canned,2024-11-19
Kabuto Noodles Vegetable Laksa 65g,£1.65,£25.38 / kg,£1.30,cupboard,canned,2024-11-19
Kabuto Noodles Singapore Noodles 65g,£1.65,£25.38 / kg,£1.30,cupboard,canned,2024-11-19
Batchelors Pasta 'n' Sauce Spicy Tomato Pasta Pot 65g,£1.00,£15.38 / kg,null,cupboard,canned,2024-11-19
Sainsbury's Vegetable Flavour Instant Noodles 90g,50p,£5.56 / kg,null,cupboard,canned,2024-11-19
Kabuto Noodles Original Stir in Sauce 90g,£2.15,£23.89 / kg,null,cupboard,canned,2024-11-19
Kabuto Noodles Chilli Stir in Sauce 90g,£2.15,£23.89 / kg,null,cupboard,canned,2024-11-19
Mama Kimchi Flavour Oriental Style Instant Noodles 90g,95p,£10.56 / kg,null,cupboard,canned,2024-11-19
Tropical Sun Crunchy Coconut Peanuts 330g,£4.00,£1.21 / 100g,£3.50,cupboard,canned,2024-11-19
Sainsbury's Red Kidney Beans in Water 400g (240g*),49p,£2.04 / kg,null,cupboard,canned,2024-11-19
Stamford Street Co. Baked Beans in Tomato Sauce 400g,27p,68p / kg,null,cupboard,canned,2024-11-19
Sainsbury's Chickpeas in Water 400g (240g*),49p,£2.09 / kg,null,cupboard,canned,2024-11-19
Sainsbury's Baked Beans In Tomato Sauce 200g,26p,£1.30 / kg,null,cupboard,canned,2024-11-19
Sainsbury's Black Beans in Water 400g (235g*),49p,£2.09 / kg,null,cupboard,canned,2024-11-19
Sainsbury's Cannellini Beans In Water 400g (235g*),48p,£2.04 / kg,null,cupboard,canned,2024-11-19
Sainsbury's Baked Beans in Tomato Sauce 400g,40p,£1.00 / kg,null,cupboard,canned,2024-11-19
Branston Baked Beans 4x410g,£2.50,£1.52 / kg,null,cupboard,canned,2024-11-19
Heinz Baked Beans in a Rich Tomato Sauce 415g,£1.40,£3.37 / kg,£1.10,cupboard,canned,2024-11-19
Sainsbury's Baked Beans In Tomato Sauce With Sausages 400g,57p,£1.43 / kg,null,cupboard,canned,2024-11-19
Sainsbury's Reduced Sugar & Salt Baked Beans In Tomato Sauce...,40p,£1.00 / kg,null,cupboard,canned,2024-11-19
"Sainsbury's Baked Beans In Reduced Sugar & Salt, Tomato Sauc...",26p,£1.30 / kg,null,cupboard,canned,2024-11-19
Sainsbury's Green Lentils In Water 400g (265g*),55p,£2.08 / kg,null,cupboard,canned,2024-11-19
Heinz Baked Beans in a Rich Tomato Sauce 200g,£1.00,£5.00 / kg,null,cupboard,canned,2024-11-19
Sainsbury's Red Kidney Beans in Chilli Sauce 400g,£1.00,£2.50 / kg,null,cupboard,canned,2024-11-19
Sainsbury's Baked Beans 6x400g,£2.40,£1.00 / kg,null,cupboard,canned,2024-11-19
Sainsbury's Reduced Sugar & Salt Baked Beans In Tomato Sauce...,£1.60,£1.00 / kg,null,cupboard,canned,2024-11-19
KTC Chick Peas 400g,65p,£1.63 / kg,null,cupboard,canned,2024-11-19
Sainsbury's Baked Beans In Tomato Sauce 4x400g,£1.60,£1.00 / kg,null,cupboard,canned,2024-11-19
Heinz Baked Beans in Tomato Sauce 4x200g,£2.75,£3.44 / kg,null,cupboard,canned,2024-11-19
Sainsbury's Mixed Beans in Mild Chilli Sauce 395g,95p,£2.41 / kg,null,cupboard,canned,2024-11-19
Heinz Baked Beans Snap Pots 4 x 200g,£3.50,£4.38 / kg,null,cupboard,canned,2024-11-19
Branston Baked Beans 410g,£1.00,£2.44 / kg,null,cupboard,canned,2024-11-19
Heinz Baked Beans in a Rich Tomato Sauce 150g,65p,£4.33 / kg,null,cupboard,canned,2024-11-19
Napolina Butter Beans 400g (240g*),£1.00,£4.17 / kg,null,cupboard,canned,2024-11-19
Stamford Street Co. Spaghetti Rings in Tomato Sauce 400g,19p,48p / kg,null,cupboard,canned,2024-11-19
"Sainsbury's Black Beans Carton, SO Organic 380g (230g*)",£1.05,£2.76 / kg,null,cupboard,canned,2024-11-19
"Sainsbury's Chickpeas, SO Organic 380g (230g*)",£1.05,£4.57 / kg,null,cupboard,canned,2024-11-19
Merchant Gourmet Puy Lentils & French Green Lentils Simply C...,£2.15,£8.60 / kg,null,cupboard,canned,2024-11-19
Laila Red Split Lentils 1kg,£2.00,£2.00 / kg,null,cupboard,canned,2024-11-19
Heinz Baked Beans in a Rich Tomato Sauce 6x200g,£4.25,£3.54 / kg,£3.60,cupboard,canned,2024-11-19
Sainsbury's Borlotti Beans In Water 400g (235g*),59p,£2.51 / kg,null,cupboard,canned,2024-11-19
"Sainsbury's Red Kidney Beans Carton, SO Organic 380g (230g*)",£1.05,£4.57 / kg,null,cupboard,canned,2024-11-19
Sainsbury's Red Kidney Beans in Water 215g (130g*),50p,£3.85 / kg,null,cupboard,canned,2024-11-19
Sainsbury's Mixed Bean Salad 400g (265g*),95p,£2.38 / kg,null,cupboard,canned,2024-11-19
"Sainsbury's Butter Beans Carton, SO Organic 380g, (230g*)",£1.05,£4.57 / kg,null,cupboard,canned,2024-11-19
Bold Bean Co Queen Chickpeas 570g,£3.25,£8.13 / kg,£2.45,cupboard,canned,2024-11-19
Heinz Baked Beans & Richmond Pork Sausages 415g,£2.00,£4.82 / kg,null,cupboard,canned,2024-11-19
Sainsbury's Haricot Beans In Water 400g (265g*),59p,£2.23 / kg,null,cupboard,canned,2024-11-19
Heinz Five Mixed Beans 415g,£1.40,£3.37 / kg,null,cupboard,canned,2024-11-19
Napolina Chick Peas 400g (240g*),£1.00,£4.17 / kg,null,cupboard,canned,2024-11-19
Branston Baked Beans 220g,75p,£3.41 / kg,null,cupboard,canned,2024-11-19
"Sainsbury's Baked Beans, SO Organic 400g",£1.00,£2.50 / kg,null,cupboard,canned,2024-11-19
Bold Bean Co Queen Butter Beans 570g,£3.25,£8.13 / kg,£2.45,cupboard,canned,2024-11-19
Merchant Gourmet Tomatoey French Puy & Green Lentils 250g,£2.15,£8.60 / kg,null,cupboard,canned,2024-11-19
Sainsbury's Quinoa 300g,£2.80,£9.33 / kg,null,cupboard,canned,2024-11-19
Sainsbury's Butter Beans In Water 215g (125g*),50p,£2.33 / kg,null,cupboard,canned,2024-11-19
Heinz No Added Sugar Baked Beans in a Rich Tomato Sauce 4 x ...,£3.75,£2.26 / kg,null,cupboard,canned,2024-11-19
Napolina Red Kidney Beans 400g (240g*),£1.00,£4.17 / kg,null,cupboard,canned,2024-11-19
Sainsbury's Black Eye Beans Water 400g (235g*),59p,£2.51 / kg,null,cupboard,canned,2024-11-19
Branston Baked Beans in a Rich & Tasty Tomato Sauce 6x410g,£3.75,£1.52 / kg,null,cupboard,canned,2024-11-19
"Sainsbury's Green Lentils, SO Organic 380g (230g*)",£1.05,£4.57 / kg,null,cupboard,canned,2024-11-19
Heinz No Added Sugar Baked Beans in a Rich Tomato Sauce 200g,£1.00,£5.00 / kg,null,cupboard,canned,2024-11-19
Heinz No Added Sugar Baked Beans in a Rich Tomato Sauce 415g,£1.40,£3.37 / kg,£1.10,cupboard,canned,2024-11-19
Heinz Spaghetti Hoops in Tomato Sauce 4 x 400g,£3.00,£1.88 / kg,null,cupboard,canned,2024-11-19
Merchant Gourmet Smoky Spanish Rice & Grains 250g,£2.15,£8.60 / kg,null,cupboard,canned,2024-11-19
Merchant Gourmet Simply Cooked Red & White Quinoa 250g,£2.15,£8.60 / kg,null,cupboard,canned,2024-11-19
Sainsbury's Cracked Bulgur Wheat 500g,£2.00,£4.00 / kg,null,cupboard,canned,2024-11-19
Merchant Gourmet Porcini Mushrooms 30g,£3.75,£1.25 / 10g,null,cupboard,canned,2024-11-19
Heinz No Added Sugar Beans in a Rich Tomato Sauce 4x200g,£3.50,£4.38 / kg,null,cupboard,canned,2024-11-19
Merchant Gourmet 3 Bean & Lentil Chilli 280g,£2.50,£8.93 / kg,null,cupboard,canned,2024-11-19
Heinz Baked Beans Barbecue 390g,£1.40,£3.59 / kg,null,cupboard,canned,2024-11-19
Branston Baked Beans & Sausages 405g,£1.50,£3.70 / kg,null,cupboard,canned,2024-11-19
Sainsbury's Red Lentils 1kg,£2.50,£2.50 / kg,null,cupboard,canned,2024-11-19
"Sainsbury's Red Lentils, SO Organic 500g",£2.10,£4.20 / kg,null,cupboard,canned,2024-11-19
Napolina Cannellini Beans 400g (240g*),£1.00,£4.17 / kg,null,cupboard,canned,2024-11-19
Bold Bean Co Organic White Beans 570g,£3.25,£8.13 / kg,£2.45,cupboard,canned,2024-11-19
Merchant Gourmet Simply Cooked Glorious Grains with Red Rice...,£2.15,£8.60 / kg,null,cupboard,canned,2024-11-19
Heinz Baked Beans & Richmond Pork Sausages 200g,£1.40,£7.00 / kg,null,cupboard,canned,2024-11-19
Sainsbury's Chickpeas 215g (130g*),50p,£3.85 / kg,null,cupboard,canned,2024-11-19
Napolina Five Bean Salad in Vinaigrette 400g,£1.00,£2.50 / kg,null,cupboard,canned,2024-11-19
Sainsbury's Dried Green Lentils 500g,£1.90,£3.80 / kg,null,cupboard,canned,2024-11-19
Sainsbury's White Red & Black Quinoa 300g,£3.00,£10.00 / kg,null,cupboard,canned,2024-11-19
Heinz Spaghetti In Tomato Sauce 4x400g,£3.00,£1.88 / kg,null,cupboard,canned,2024-11-19
Sainsbury's Polenta 400g,£1.90,£4.75 / kg,null,cupboard,canned,2024-11-19
Merchant Gourmet Thai Green Lentil Curry 280g,£2.50,£8.93 / kg,null,cupboard,canned,2024-11-19
Heinz Baked Beans No Added Sugar in a Rich Tomato Sauce Grea...,£4.25,£3.54 / kg,£3.60,cupboard,canned,2024-11-19
Merchant Gourmet Mexican Inspired Grains 250g,£2.15,£8.60 / kg,null,cupboard,canned,2024-11-19
Heinz Baked Beans Fiery Chilli 390g,£1.40,£3.59 / kg,null,cupboard,canned,2024-11-19
Heinz Baked Beans No Added Sugar in a Rich Tomato Sauce Grea...,£3.00,£3.75 / kg,null,cupboard,canned,2024-11-19
Batchelors Bigga Dried Peas Selected Marrowfats 250g,90p,£3.60 / kg,null,cupboard,canned,2024-11-19
Sainsbury's Dried Red Lentils 500g,£2.00,£4.00 / kg,null,cupboard,canned,2024-11-19
Merchant Gourmet Spicy Cajun Style Lentils & Red Kidney Bean...,£2.15,£8.60 / kg,null,cupboard,canned,2024-11-19
Merchant Gourmet Microwave Ready to eat Beluga Lentils 250g,£2.15,£8.60 / kg,null,cupboard,canned,2024-11-19
Merchant Gourmet Lentil & Chickpea Tagine 280g,£2.50,£8.93 / kg,null,cupboard,canned,2024-11-19
Branston Reduced Sugar & Salt Baked Beans 410g,£1.00,£2.44 / kg,null,cupboard,canned,2024-11-19
Merchant Gourmet Sabarot Puy Lentils 300g,£3.60,£12.00 / kg,null,cupboard,canned,2024-11-19
Merchant Gourmet Fiery Jamaican Style Grains & Pulses 250g,£2.15,£8.60 / kg,null,cupboard,canned,2024-11-19
Heinz Spaghetti Hoops Snap Pots 4x190g,£3.00,£3.95 / kg,null,cupboard,canned,2024-11-19
Merchant Gourmet Wholegrain Spelt 250g,£2.15,£8.60 / kg,null,cupboard,canned,2024-11-19
Sainsbury's Lentilles Vertes Bag 500g,£2.25,£4.50 / kg,null,cupboard,canned,2024-11-19
Heinz Baked Beans Tikka 390g,£1.40,£3.59 / kg,null,cupboard,canned,2024-11-19
Sainsbury's Soup & Stew Mix 500g,£2.00,£4.00 / kg,null,cupboard,canned,2024-11-19
Laila Chickpeas 1kg,£2.25,£2.25 / kg,null,cupboard,canned,2024-11-19
Tilda Tasty Sides Indian Black Dhal 250g,£2.00,£8.00 / kg,null,cupboard,canned,2024-11-19
Sainsbury's Buckwheat 500g,£2.50,£5.00 / kg,null,cupboard,canned,2024-11-19
Sainsbury's Dried Yellow Split Peas 500g,£1.15,£2.30 / kg,null,cupboard,canned,2024-11-19
Bold Bean Co Classic Baked Beans 325g,£3.50,£10.77 / kg,£2.65,cupboard,canned,2024-11-19
Laila Green Lentils 1kg,£2.60,£2.60 / kg,null,cupboard,canned,2024-11-19
Laila Red Split Lentils 2kg,£4.00,£2.00 / kg,null,cupboard,canned,2024-11-19
Heinz Cathedral City Cheesy Tinned Baked Beans 390g,£1.80,£4.62 / kg,null,cupboard,canned,2024-11-19
Heinz Baked Beans Jalfrezi 390g,£1.40,£3.59 / kg,null,cupboard,canned,2024-11-19
Laila Chana Dal 1kg,£2.00,£2.00 / kg,null,cupboard,canned,2024-11-19
Sainsbury's Chickpeas 500g,£1.90,£3.80 / kg,null,cupboard,canned,2024-11-19
Sainsbury's Dried Pinto Beans Bag 500g,£2.00,£4.00 / kg,null,cupboard,canned,2024-11-19
KTC Kala Chana 400g,65p,£1.63 / kg,null,cupboard,canned,2024-11-19
Hunger Breaks All Day Breakfast 395g,£2.25,£5.70 / kg,null,cupboard,canned,2024-11-19
Sainsbury's Cannellini Beans Bag 500g,£2.00,£4.00 / kg,null,cupboard,canned,2024-11-19
Laila Mung Dal Yellow 1kg,£2.25,£2.25 / kg,null,cupboard,canned,2024-11-19
Tilda Tasty Sides Thai Green Curry 250g,£2.00,£8.00 / kg,null,cupboard,canned,2024-11-19
Hunger Breaks The Full Monty 395g,£2.25,£5.70 / kg,null,cupboard,canned,2024-11-19
Bold Bean Co Smoky Chilli Baked Beans 325g,£3.50,£10.77 / kg,£2.65,cupboard,canned,2024-11-19
Sainsbury's Split Green Peas 500g,£1.50,£3.00 / kg,null,cupboard,canned,2024-11-19
Laila Red Kidney Beans 2kg,£4.00,£2.00 / kg,null,cupboard,canned,2024-11-19
Laila Red Kidney Beans 1kg,£2.25,£2.25 / kg,null,cupboard,canned,2024-11-19
Laila Green Lentils 2kg,£4.90,£2.45 / kg,null,cupboard,canned,2024-11-19
"Sainsbury's Quick Cook Salad Grain Mix, Inspired to Cook 250...",£2.00,£8.00 / kg,null,cupboard,canned,2024-11-19
Laila Chana Dal 2kg,£4.00,£2.00 / kg,null,cupboard,canned,2024-11-19
Laila Red Split Lentils 5kg,£9.00,£1.80 / kg,null,cupboard,canned,2024-11-19
Laila Chana Dal 5kg,£7.95,£1.59 / kg,null,cupboard,canned,2024-11-19
Sainsbury's Cream Of Tomato Soup 400g,62p,16p / 100g,null,cupboard,canned,2024-11-19
Heinz Cream of Tomato Soup x4 400g,£3.75,23p / 100g,null,cupboard,canned,2024-11-19
Heinz Cream of Tomato Soup 400g,£1.70,43p / 100g,null,cupboard,canned,2024-11-19
Sainsbury's Cream Of Chicken Soup 400g,62p,16p / 100g,null,cupboard,canned,2024-11-19
Sainsbury's Vegetable Soup 400g,62p,16p / 100g,null,cupboard,canned,2024-11-19
Heinz Cream of Chicken Soup 400g,£1.70,43p / 100g,null,cupboard,canned,2024-11-19
Sainsbury's Cream Of Mushroom Soup 400g,62p,16p / 100g,null,cupboard,canned,2024-11-19
Heinz Vegetable Soup 400g,£1.70,43p / 100g,null,cupboard,canned,2024-11-19
Sainsbury's Leek & Potato Soup 400g,62p,16p / 100g,null,cupboard,canned,2024-11-19
Heinz Cream Of Mushroom Soup 400g,£1.70,43p / 100g,null,cupboard,canned,2024-11-19
"Sainsbury's Tomato & Three Bean Soup, Be Good To Yourself 40...",62p,16p / 100g,null,cupboard,canned,2024-11-19
Sainsbury's Minestrone Soup 400g,62p,16p / 100g,null,cupboard,canned,2024-11-19
"Sainsbury's Tomato & Spicy Lentil Soup, Be Good To Yourself ...",62p,16p / 100g,null,cupboard,canned,2024-11-19
Heinz Oxtail Soup 400g,£1.70,43p / 100g,null,cupboard,canned,2024-11-19
Sainsbury's Chicken & Mushroom Soup 400g,62p,16p / 100g,null,cupboard,canned,2024-11-19
Heinz Chicken & Vegetable Chunky Big Soup 400g,£2.00,50p / 100g,null,cupboard,canned,2024-11-19
Sainsbury's Oxtail Soup 400g,62p,16p / 100g,null,cupboard,canned,2024-11-19
Heinz Chicken Noodle Soup 400g,£1.70,43p / 100g,null,cupboard,canned,2024-11-19
Sainsbury's Tomato & Basil Soup 400g,62p,16p / 100g,null,cupboard,canned,2024-11-19
Sainsbury's Carrot & Coriander Soup 400g,62p,16p / 100g,null,cupboard,canned,2024-11-19
Sainsbury's Chunky Chicken & Vegetable Soup 400g,£1.10,28p / 100g,null,cupboard,canned,2024-11-19
Heinz Minestrone Soup 400g,£1.70,43p / 100g,null,cupboard,canned,2024-11-19
Heinz Classic Cream of Chicken Soup 4x400g,£3.75,23p / 100g,null,cupboard,canned,2024-11-19
Heinz Lentil Soup 400g,£1.70,43p / 100g,null,cupboard,canned,2024-11-19
Sainsbury's Broccoli & Stilton Soup 400g,62p,16p / 100g,null,cupboard,canned,2024-11-19
Heinz Beef & Vegetable Chunky Big Soup 400g,£2.00,50p / 100g,null,cupboard,canned,2024-11-19
"Batchelors Cup a Soup, Chicken & Vegetable with Croutons x4 ...",£1.50,£1.36 / 100g,null,cupboard,canned,2024-11-19
Heinz Mulligatawny Soup 400g,£1.70,43p / 100g,null,cupboard,canned,2024-11-19
Sainsbury's Cream Of Tomato Soup 4x400g,£2.45,15p / 100g,null,cupboard,canned,2024-11-19
"Batchelors Cup a Soup, Potato & Leek x4 107g",£1.50,£1.40 / 100g,£1.20,cupboard,canned,2024-11-19
"Batchelors Cup a Soup, Cream of Mushroom with Croutons x4 99...",£1.50,£1.52 / 100g,£1.20,cupboard,canned,2024-11-19
Sainsbury's Chunky Beef & Vegetable Soup 400g,£1.10,28p / 100g,null,cupboard,canned,2024-11-19
Batchelors Cup a Soup Minestrone with Croutons x4 94g,£1.60,£1.70 / 100g,£1.20,cupboard,canned,2024-11-19
Heinz Limited Edition Cream Of Tomato Soup With A Hint Of Ba...,£1.70,43p / 100g,null,cupboard,canned,2024-11-19
"Baxters Favourites, Lentil & Bacon Soup 400g",£1.90,48p / 100g,null,cupboard,canned,2024-11-19
"Batchelors Cup a Soup, Cream of Vegetable with Croutons x4 1...",£1.50,£1.25 / 100g,£1.20,cupboard,canned,2024-11-19
Sainsbury's Scotch Broth Soup 400g,62p,16p / 100g,null,cupboard,canned,2024-11-19
Heinz Country Vegetable Big Soup 400g,£2.00,50p / 100g,null,cupboard,canned,2024-11-19
Nissin Demae Ramen Chicken Flavour Japanese Noodlesoup 100g,75p,£7.50 / kg,65p,cupboard,canned,2024-11-19
"Batchelors Cup a Soup, Cream of Asparagus with Croutons x4 1...",£1.50,£1.28 / 100g,£1.20,cupboard,canned,2024-11-19
Heinz Classic Pea & Ham Soup 400g,£1.70,43p / 100g,null,cupboard,canned,2024-11-19
Heinz Cream of Tomato Soup 300g,£1.20,40p / 100g,null,cupboard,canned,2024-11-19
Campbell's Condensed Cream of Mushroom Soup 294g,£1.50,51p / 100g,null,cupboard,canned,2024-11-19
"Batchelors Cup a Soup, Chicken & Leek x4 86g",£1.50,£1.74 / 100g,null,cupboard,canned,2024-11-19
Sainsbury's Chicken Noodle Soup 400g,62p,16p / 100g,null,cupboard,canned,2024-11-19
Heinz Beef Broth Soup 400g,£1.70,43p / 100g,null,cupboard,canned,2024-11-19
Heinz Steak & Potato Chunky Big Soup 400g,£2.00,50p / 100g,null,cupboard,canned,2024-11-19
"Heinz Classics, Carrot & Coriander 400g",£1.70,43p / 100g,null,cupboard,canned,2024-11-19
"Sainsbury's Leek & Barbers Cheddar Soup, Taste the Differenc...",£3.00,50p / 100g,null,cupboard,canned,2024-11-19
Campbell's Condensed Cream Of Chicken Soup 295g,£1.50,51p / 100g,null,cupboard,canned,2024-11-19
Baxters Carrot & Butterbean Soup 400g,£2.00,50p / 100g,£1.60,cupboard,canned,2024-11-19
Mug Shot Pasta Roast Chicken Soup 55g,£1.00,£18.18 / kg,50p,cupboard,canned,2024-11-19
"Baxters Favourites, Cream Of Tomato Soup 400g",£1.90,48p / 100g,null,cupboard,canned,2024-11-19
Baxters Favourites Chicken Broth Soup 400g,£1.90,48p / 100g,null,cupboard,canned,2024-11-19
itsu Miso Easy Traditional Soup 5x21g,£2.00,£1.90 / 100g,null,cupboard,canned,2024-11-19
Heinz Chicken & Mushroom Soup 400g,£1.70,43p / 100g,null,cupboard,canned,2024-11-19
Nissin Demae Ramen Sesame Flavour Japanese Noodlesoup 100g,75p,£7.50 / kg,65p,cupboard,canned,2024-11-19
"Baxters Vegetarian, Spicy Parsnip Soup 400g",£2.00,50p / 100g,£1.60,cupboard,canned,2024-11-19
Homepride Chilli Con Carne Sauce 485g,£2.50,52p / 100g,null,cupboard,canned,2024-11-19
"Baxters Vegetarian, Country Garden Soup 400g",£2.00,50p / 100g,£1.60,cupboard,canned,2024-11-19
"Batchelors Cup a Soup, Broccoli & Cauliflower x4 101g",£1.50,£1.49 / 100g,£1.20,cupboard,canned,2024-11-19
"Batchelors Cup a Soup, Tomato & Vegetable with Croutons x4 1...",£1.50,£1.44 / 100g,£1.20,cupboard,canned,2024-11-19
"Baxters Favourites, Minestrone Soup 400g",£1.90,48p / 100g,null,cupboard,canned,2024-11-19
Nongshim Shin Ramyun Noodle Soup Gourmet Spicy 5x120g,£5.00,£8.33 / kg,null,cupboard,canned,2024-11-19
Batchelors Cup a Soup Chicken Sachets x4 81g,£1.50,£1.85 / 100g,null,cupboard,canned,2024-11-19
Heinz French Onion Soup 400g,£1.70,43p / 100g,null,cupboard,canned,2024-11-19
Heinz Plant Based Vegan Creamy Tomato Soup 400g,£1.70,43p / 100g,null,cupboard,canned,2024-11-19
"Baxters Favourites, Scotch Broth Soup 400g",£1.90,48p / 100g,null,cupboard,canned,2024-11-19
Heinz Lamb & Vegetable Chunky Big Soup 400g,£2.00,50p / 100g,null,cupboard,canned,2024-11-19
Sainsbury's Hunters Chicken Sauce 530g,£1.20,23p / 100g,null,cupboard,canned,2024-11-19
"Baxters Favourites, French Onion Soup 400g",£1.90,48p / 100g,null,cupboard,canned,2024-11-19
Heinz Classic Scotch Broth 400g,£1.70,43p / 100g,null,cupboard,canned,2024-11-19
Heinz Spring Vegetable Soup 400g,£1.70,43p / 100g,null,cupboard,canned,2024-11-19
"Baxters Chef Selections, Cream Of Asparagus Soup 400g",£2.70,68p / 100g,null,cupboard,canned,2024-11-19
Sainsbury's Vegetable Soup in a Cup with Croutons x5 23g,95p,83p / 100g,null,cupboard,canned,2024-11-19
Chicken Tonight Spanish Chicken 500g,£1.75,35p / 100g,null,cupboard,canned,2024-11-19
Sainsbury's Mulligatawny Soup 400g,62p,16p / 100g,null,cupboard,canned,2024-11-19
Knorr Dry Packet Soup Super Chicken Noodle 51g,£1.25,£2.45 / 100g,null,cupboard,canned,2024-11-19
"Baxters Healthy, Lentil & Vegetable Soup 400g",£2.00,50p / 100g,£1.60,cupboard,canned,2024-11-19
"Batchelors Cup a Soup, Chicken Noodle x4 94g",£1.50,£1.60 / 100g,null,cupboard,canned,2024-11-19
Chicken Tonight Honey & Mustard 500g,£1.75,35p / 100g,null,cupboard,canned,2024-11-19
Sainsbury's Cream Of Chicken Cup Soup 120g,95p,79p / 100g,null,cupboard,canned,2024-11-19
Ainsley Harriott Aromatic Thai Chicken & Lemongrass Cup Soup...,£1.30,£1.88 / 100g,null,cupboard,canned,2024-11-19
Sainsbury's Chunky Country Vegetable Soup 400g,£1.10,28p / 100g,null,cupboard,canned,2024-11-19
Heinz Cream of Chicken Cup Packet Soup x4 68g,£1.50,£2.21 / 100g,null,cupboard,canned,2024-11-19
Sainsbury's Pea & Ham Soup 400g,62p,16p / 100g,null,cupboard,canned,2024-11-19
Homepride Curry Sauce 400g,£2.80,70p / 100g,null,cupboard,canned,2024-11-19
Heinz No Added Sugar Cream of Tomato Soup 400g,£1.70,43p / 100g,null,cupboard,canned,2024-11-19
"Baxters Favourites, Cock-a-leekie Soup 400g",£1.90,48p / 100g,null,cupboard,canned,2024-11-19
Sainsbury's Be Good to Yourself Chicken Noodle Cup Soup 5x13...,95p,£1.46 / 100g,null,cupboard,canned,2024-11-19
Heinz Spicy Parsnip Soup 400g,£1.70,43p / 100g,null,cupboard,canned,2024-11-19
Sainsbury's Be Good to Yourself Tomato & Basil Cup Soup x5 1...,95p,£1.15 / 100g,null,cupboard,canned,2024-11-19
Ainsley Harriott Szechuan Hot & Sour Cup Soup x3 60g,£1.30,£2.17 / 100g,null,cupboard,canned,2024-11-19
Sainsbury's Mushroom Soup in a Cup with Croutons x5 23g,95p,83p / 100g,null,cupboard,canned,2024-11-19
Heinz Weight Watchers Tomato Soup 295g,£1.20,41p / 100g,null,cupboard,canned,2024-11-19
Heinz Smokey Bacon & Potato Soup 400g,£1.70,43p / 100g,null,cupboard,canned,2024-11-19
Heinz Chicken & Leek Chunky Big Soup 400g,£2.00,50p / 100g,null,cupboard,canned,2024-11-19
Heinz Broccoli & Stilton Soup 400g,£1.70,43p / 100g,null,cupboard,canned,2024-11-19
Sainsbury's Creamy White Wine Cooking Sauce 485g,£1.20,25p / 100g,null,cupboard,canned,2024-11-19
Sainsbury's Creamy Mushroom Cooking Sauce 460g,£1.20,26p / 100g,null,cupboard,canned,2024-11-19
Yutaka Miso Soup 90g (5x18g),£1.90,£2.11 / 100g,null,cupboard,canned,2024-11-19
Batchelors Cup a Soup Beef & Tomato Sachets x4 88g,£1.50,£1.70 / 100g,null,cupboard,canned,2024-11-19
Batchelors Cup a Soup Tomato Sachets x4 93g,£1.50,£1.61 / 100g,£1.20,cupboard,canned,2024-11-19
Batchelors Cup a Soup Golden Vegetable Sachets x4 82g,£1.50,£1.83 / 100g,£1.20,cupboard,canned,2024-11-19
Heinz Sausage & Vegetable Chunky Big Soup 400g,£2.00,50p / 100g,null,cupboard,canned,2024-11-19
Stamford Street Co. Vegetable Soup 400g,55p,14p / 100g,null,cupboard,canned,2024-11-19
Sainsbury's Minestrone Cup Soup with Croutons 115g,95p,83p / 100g,null,cupboard,canned,2024-11-19
Sainsbury's Cream of Tomato Soup in a Cup x5 24g,95p,79p / 100g,null,cupboard,canned,2024-11-19
"Batchelors Cup a Soup, Tomato & Basil x4 104g",£1.50,£1.44 / 100g,£1.20,cupboard,canned,2024-11-19
Heinz Curried Butternut Squash Soup 400g,£1.70,43p / 100g,null,cupboard,canned,2024-11-19
Chicken Tonight Leek and Bacon One Pan Cooking Sauce 500g,£1.75,35p / 100g,null,cupboard,canned,2024-11-19
Heinz Vegetable Cup Packet Soup x4 76g,£1.50,£1.97 / 100g,null,cupboard,canned,2024-11-19
Campbell's Condensed Cream Of Tomato Soup 295g,£1.50,51p / 100g,null,cupboard,canned,2024-11-19
"Baxters Chef Selections, Beef Consomme Soup 400g",£2.70,68p / 100g,null,cupboard,canned,2024-11-19
"Baxters Super Good Pea, Broccoli and Basil Pesto Soup 400g",£2.20,55p / 100g,£1.00,cupboard,canned,2024-11-19
Crosse & Blackwell Ltd Winter Vegetable 400g,£1.20,30p / 100g,£1.00,cupboard,canned,2024-11-19
Homepride White Wine & Cream Cooking Sauce 400g,£2.80,70p / 100g,null,cupboard,canned,2024-11-19
Yutaka Organic Miso Paste 300g,£3.30,£1.10 / 100g,null,cupboard,canned,2024-11-19
Ainsley Harriott Sweet & Spicy Caribbean Cup Soup 60g,£1.30,£2.17 / 100g,null,cupboard,canned,2024-11-19
Batchelors Cup a Soup Oxtail Instant Sachets x4 78g,£1.50,£1.92 / 100g,null,cupboard,canned,2024-11-19
"Sainsbury's Miso Paste, Inspired to Cook 100g",£1.80,£1.80 / 100g,null,cupboard,canned,2024-11-19
Knorr Florida Spring Vegetable Dry Packet Soup 48g,£1.25,£2.84 / 100g,null,cupboard,canned,2024-11-19
Homepride Curry Sauce 485g,£2.50,52p / 100g,null,cupboard,canned,2024-11-19
Heinz Minestrone Cup Packet Soup 4x18g,£1.50,£2.08 / 100g,null,cupboard,canned,2024-11-19
"Sainsbury's Chicken & Sweetcorn Chowder, Taste the Differenc...",£1.60,42p / 100g,null,cupboard,canned,2024-11-19
"Sainsbury's Chunky Chicken, Leek & Bacon Soup 400g",£1.10,28p / 100g,null,cupboard,canned,2024-11-19
"Sainsbury's Spiced Pumpkin Soup, Taste the Difference 400g",£1.40,35p / 100g,null,cupboard,canned,2024-11-19
Batchelors Slim a Soup Minestrone with Croutons Sachets x4 6...,£1.50,£2.46 / 100g,null,cupboard,canned,2024-11-19
Itsu Miso' Easy Chilli Miso 3x20g,£2.00,£3.17 / 100g,null,cupboard,canned,2024-11-19
Baxters Super Good Chicken Noodle Soup 400g,£2.20,55p / 100g,£1.00,cupboard,canned,2024-11-19
Chicken Tonight Mushroom Sauce 500g,£1.75,35p / 100g,null,cupboard,canned,2024-11-19
Homepride Red Wine Cooking Sauce 400g,£2.80,70p / 100g,null,cupboard,canned,2024-11-19
"Baxters Chef Selections, Lobster Bisque Soup 400g",£3.70,93p / 100g,null,cupboard,canned,2024-11-19
Baxters Favourites Royal Game 400g,£1.90,48p / 100g,null,cupboard,canned,2024-11-19
Baxters Super Good Mexican Chicken & Lime 400g,£2.20,55p / 100g,£1.00,cupboard,canned,2024-11-19
Chicken Tonight Creamy White Wine 500g,£1.75,35p / 100g,null,cupboard,canned,2024-11-19
Sainsbury's Be Good to Yourself Thai Style Chicken Cup Soup ...,95p,£1.27 / 100g,null,cupboard,canned,2024-11-19
Baxters Favourites Cream of Chicken 400g,£1.90,48p / 100g,null,cupboard,canned,2024-11-19
Baxters Carrot & Coriander Soup 400g,£2.00,50p / 100g,£1.60,cupboard,canned,2024-11-19
Homepride Chasseur Cooking Sauce 400g,£2.80,70p / 100g,null,cupboard,canned,2024-11-19
Baxters Favourites Highlanders Beef Broth 400g,£1.90,48p / 100g,null,cupboard,canned,2024-11-19
"Baxters Chef Selections, Cullen Skink Soup 400g",£3.95,99p / 100g,null,cupboard,canned,2024-11-19
Batchelors Slim a Soup Creamy Vegetable Sachets x4 59g,£1.50,£2.54 / 100g,null,cupboard,canned,2024-11-19
Baxter's Vegetarian Honeyed Root Vegetable Sou,£2.00,50p / 100g,£1.60,cupboard,canned,2024-11-19
Baxters Plant Based Sri Lankan Sweet Potato 380g,£2.20,58p / 100g,£1.00,cupboard,canned,2024-11-19
"Sainsbury's Tomato & Basil Pesto Soup, Taste the Difference ...",£1.60,42p / 100g,null,cupboard,canned,2024-11-19
Batchelors Cup a Soup Cheese & Broccoli Sachets x4 92g,£1.50,£1.63 / 100g,£1.20,cupboard,canned,2024-11-19
Baxters Vegetarian Mediterranean Tomato 400g,£2.00,50p / 100g,£1.60,cupboard,canned,2024-11-19
Nongshim Soon Veggie Cup Noodle 67g,£1.20,£17.91 / kg,null,cupboard,canned,2024-11-19
"Sainsbury's Petits Pois & Creme Fraiche Soup, Taste the Diff...",£1.60,40p / 100g,null,cupboard,canned,2024-11-19
Homepride Barbecue Cooking Sauce 400g,£2.80,70p / 100g,null,cupboard,canned,2024-11-19
"Sainsbury's Thai Green Vegetable Soup, Taste the Difference ...",£1.60,42p / 100g,null,cupboard,canned,2024-11-19
Knorr Thick Vegetable Dry Packet Soup 75g,£1.25,£1.67 / 100g,null,cupboard,canned,2024-11-19
Baxters Mushroom Consomme 400g,£2.50,63p / 100g,null,cupboard,canned,2024-11-19
Crosse & Blackwell Ltd Spicy Parsnip & Carrot 400g,£1.20,30p / 100g,£1.00,cupboard,canned,2024-11-19
Crosse & Blackwell Ltd Cream of Tomato 400g,£1.20,30p / 100g,£1.00,cupboard,canned,2024-11-19
Vifon Mild Chicken Flavour Instant Noodle Soup 65g,70p,£1.00 / 100g,null,cupboard,canned,2024-11-19
Crosse & Blackwell Ltd Cream of Roasted Mushroom 400g,£1.20,30p / 100g,£1.00,cupboard,canned,2024-11-19
Baxters Chef Selections Hot Smoked Salmon Chowder 400g,£3.95,99p / 100g,null,cupboard,canned,2024-11-19
Crosse & Blackwell Ltd Minestrone 400g,£1.20,30p / 100g,£1.00,cupboard,canned,2024-11-19
Baxters Vegetarian Indian Spiced Cauliflower 380g,£2.00,50p / 100g,£1.60,cupboard,canned,2024-11-19
Amino Spicy Chicken Instant Noodle Soup with Chilli & Black ...,70p,£1.21 / 100g,45p,cupboard,canned,2024-11-19
S&B Japanese Instant Tofu Miso Soup 3x10g,£2.50,£8.33 / 100g,null,cupboard,canned,2024-11-19
Telma Mushroom Cup Soup 2x21.5g,£1.25,£2.91 / 100g,null,cupboard,canned,2024-11-19
Vifon Mild Tomato Instant Noodle Soup 70g,70p,£1.00 / 100g,55p,cupboard,canned,2024-11-19
Rakusen's Thick Pea Soup 400g,£1.35,34p / 100g,null,cupboard,canned,2024-11-19
Telma Tomato Cup Soup with Croutons 2x31g,£1.25,£2.02 / 100g,null,cupboard,canned,2024-11-19
Roi Thai Massaman Curry Soup 500ml,£3.00,60p / 100ml,null,cupboard,canned,2024-11-19
Roi Thai Panang Curry Soup 500ml,£3.00,60p / 100ml,null,cupboard,canned,2024-11-19
"Sainsbury's Tomato Puree, Double Concentrate 200g",59p,£2.95 / kg,null,cupboard,canned,2024-11-19
Stamford Street Co. Chopped Tomatoes in Tomato Juice 400g,39p,98p / kg,null,cupboard,canned,2024-11-19
Sainsbury's Chopped Tomatoes Can 400g,47p,£1.18 / kg,null,cupboard,canned,2024-11-19
Sainsbury's Passata 500g,55p,£1.10 / kg,null,cupboard,canned,2024-11-19
Napolina Chopped Tomatoes 4x400g,£3.00,£1.88 / kg,null,cupboard,canned,2024-11-19
Sainsbury's Italian Chopped Tomatoes 4×400g,£1.88,£1.18 / kg,null,cupboard,canned,2024-11-19
Mutti Finely Chopped Tomatoes 400g,£1.50,£3.75 / kg,null,cupboard,canned,2024-11-19
Sainsbury's Italian Plum Tomatoes 400g,47p,£1.18 / kg,null,cupboard,canned,2024-11-19
Napolina Tomato Passata 500g,£1.20,£2.40 / kg,null,cupboard,canned,2024-11-19
Stamford Street Co. Peeled Plum Tomatoes in Tomato Juice 400...,39p,98p / kg,null,cupboard,canned,2024-11-19
Gia Garlic Puree 90g,95p,£10.56 / kg,null,cupboard,canned,2024-11-19
Sainsbury's Chopped Tomatoes 227g,40p,£1.76 / kg,null,cupboard,canned,2024-11-19
Napolina Tomato Passata 690g,£1.50,£2.17 / kg,£1.30,cupboard,canned,2024-11-19
Sainsbury's Italian Pomodorini Cherry Tomatoes in rich tomat...,£1.25,£3.13 / kg,null,cupboard,canned,2024-11-19
Mutti Double Concentrate Tomato Puree 130g,£1.50,£11.54 / kg,null,cupboard,canned,2024-11-19
Napolina Chopped Tomatoes 400g,£1.00,£2.50 / kg,75p,cupboard,canned,2024-11-19
KTC Chopped Tomatoes 400g,65p,£1.63 / kg,null,cupboard,canned,2024-11-19
Napolina Tomato Puree 142g,£1.20,£8.45 / kg,null,cupboard,canned,2024-11-19
Napolina Peeled Plum Tomatoes 4x400g,£3.00,£1.88 / kg,null,cupboard,canned,2024-11-19
"Sainsbury's Passata, SO Organic 680g",£1.70,£2.50 / kg,null,cupboard,canned,2024-11-19
Sainsbury's SO Organic Italian Organic Chopped Tomatoes in T...,£1.20,£3.00 / kg,null,cupboard,canned,2024-11-19
Sainsbury's Chopped Tomatoes With Basil & Oregano 390g,80p,£2.05 / kg,null,cupboard,canned,2024-11-19
Sainsbury's Italian Passata with Basil 500g,£1.00,£2.00 / kg,null,cupboard,canned,2024-11-19
Sainsbury's Marinated Sundried Tomatoes 140g,£3.00,£2.14 / 100g,null,cupboard,canned,2024-11-19
Mutti Finely Chopped Tomatoes 4x400g,£5.60,£3.50 / kg,null,cupboard,canned,2024-11-19
Sainsbury's Premium Peeled Plum Tomatoes 227g,40p,£1.76 / kg,null,cupboard,canned,2024-11-19
Sainsbury's Premium Peeled Plum Tomatoes 4x400g,£1.88,£1.18 / kg,null,cupboard,canned,2024-11-19
"Sainsbury's Italian Tomato Puree Double Concentrated, Inspir...",£1.25,£4.01 / kg,null,cupboard,canned,2024-11-19
Gia Sun Dried Tomato Puree 70g,95p,£11.88 / kg,null,cupboard,canned,2024-11-19
Cirio Chopped Tomatoes 400g,£1.30,£3.25 / kg,null,cupboard,canned,2024-11-19
Sainsbury's Italian Passata with Garlic 500g,£1.00,£2.00 / kg,null,cupboard,canned,2024-11-19
Sainsbury's Italian Tomato Purée Double Concentrate 142g,70p,£4.93 / kg,null,cupboard,canned,2024-11-19
Napolina Peeled Plum Tomatoes 400g,£1.00,£2.50 / kg,75p,cupboard,canned,2024-11-19
"Sainsbury's Sunsoaked Tomatoes with Oregano & Garlic, Taste ...",£3.50,£1.32 / 100g,null,cupboard,canned,2024-11-19
Cirio Passata Rustica Crushed Tomatoes 2x350g,£3.10,£4.43 / kg,£2.00,cupboard,canned,2024-11-19
Mutti Peeled Tomatoes 400g,£1.50,£3.75 / kg,null,cupboard,canned,2024-11-19
"Sainsbury's Italian Datterini Cherry Tomato Purée, Taste the...",£1.40,£9.33 / kg,null,cupboard,canned,2024-11-19
Mutti Organic Polpa Chopped Tomatoes 400g,£1.85,£4.63 / kg,null,cupboard,canned,2024-11-19
Sainsbury's Tomato Puree With Garlic 200g,£1.10,£5.50 / kg,null,cupboard,canned,2024-11-19
"Sainsbury's Rustica Italian Passata, Taste the Difference 43...",£1.60,£3.72 / kg,null,cupboard,canned,2024-11-19
"Cirio Tomato Puree, Double Concentrated 4x70g",£2.70,£9.64 / kg,£2.00,cupboard,canned,2024-11-19
Sainsbury's Sun Dried Tomato Paste 90g,£1.70,£18.89 / kg,null,cupboard,canned,2024-11-19
Cirio Toscana Passata 700g,£2.20,£3.14 / kg,null,cupboard,canned,2024-11-19
Cirio Chopped Tomatoes 4x400g,£4.70,£2.94 / kg,£3.00,cupboard,canned,2024-11-19
Cirio Plum Peeled Tomatoes 400g,£1.30,£3.25 / kg,null,cupboard,canned,2024-11-19
Mutti Cherry Tomatoes 400g,£2.00,£5.00 / kg,null,cupboard,canned,2024-11-19
Mutti Passata from Tuscany 400g,£2.60,£6.50 / kg,null,cupboard,canned,2024-11-19
Sainsbury's Peeled Italian Datterini Baby plum Tomatoes in r...,£1.25,£3.13 / kg,null,cupboard,canned,2024-11-19
Mutti Passata Organic 560g,£3.40,£6.07 / kg,null,cupboard,canned,2024-11-19
Mutti Peeled Tomatoes Organic 400g,£1.85,£4.63 / kg,null,cupboard,canned,2024-11-19
Napolina Chopped Tomatoes 227g,90p,£3.96 / kg,null,cupboard,canned,2024-11-19
Mutti Finely Chopped Tomatoes with Garlic 400g,£1.70,£4.25 / kg,null,cupboard,canned,2024-11-19
Sainsbury's Chopped Tomatoes With Herbs 227g,45p,£1.98 / kg,null,cupboard,canned,2024-11-19
KTC Peeled Plum Tomatoes 400g,65p,£1.63 / kg,null,cupboard,canned,2024-11-19
Mutti Tomato Puree Double Concentrated Organic 185g,£2.35,£12.70 / kg,null,cupboard,canned,2024-11-19
Mutti Finely Chopped Tomatoes with Basil 400g,£1.70,£4.25 / kg,null,cupboard,canned,2024-11-19
Cirio Peeled Plum Tomatoes x4 400g,£4.70,£2.94 / kg,£3.00,cupboard,canned,2024-11-19
Mutti Passata from Emilia Romagna 400g,£2.60,£6.50 / kg,null,cupboard,canned,2024-11-19
Sainsbury's Red Kidney Beans in Water 400g (240g*),49p,£2.04 / kg,null,cupboard,canned,2024-11-19
Sainsbury's Chickpeas in Water 400g (240g*),49p,£2.09 / kg,null,cupboard,canned,2024-11-19
Sainsbury's Black Beans in Water 400g (235g*),49p,£2.09 / kg,null,cupboard,canned,2024-11-19
Sainsbury's Cannellini Beans In Water 400g (235g*),48p,£2.04 / kg,null,cupboard,canned,2024-11-19
Green Giant Original Sweet Corn x4 198g,£3.35,£5.08 / kg,null,cupboard,canned,2024-11-19
Sainsbury's Green Lentils In Water 400g (265g*),55p,£2.08 / kg,null,cupboard,canned,2024-11-19
Sainsbury's Naturally Sweet Sweetcorn in Water 325g (260g*),65p,£2.50 / kg,null,cupboard,canned,2024-11-19
Sainsbury's Red Kidney Beans in Chilli Sauce 400g,£1.00,£2.50 / kg,null,cupboard,canned,2024-11-19
Sainsbury's Sweetcorn 3x198g (157g*),£1.45,£3.08 / kg,null,cupboard,canned,2024-11-19
Batchelors Original Mushy Peas 300g,75p,£2.50 / kg,null,cupboard,canned,2024-11-19
Stamford Street Co. Mushy Peas 300g,31p,£1.03 / kg,null,cupboard,canned,2024-11-19
Sainsbury's Mixed Beans in Mild Chilli Sauce 395g,95p,£2.41 / kg,null,cupboard,canned,2024-11-19
Sainsbury's Garden Peas In Water 300g (185g*),75p,£4.05 / kg,null,cupboard,canned,2024-11-19
Napolina Butter Beans 400g (240g*),£1.00,£4.17 / kg,null,cupboard,canned,2024-11-19
"Sainsbury's Black Beans Carton, SO Organic 380g (230g*)",£1.05,£2.76 / kg,null,cupboard,canned,2024-11-19
"Sainsbury's Chickpeas, SO Organic 380g (230g*)",£1.05,£4.57 / kg,null,cupboard,canned,2024-11-19
Stamford Street Co. Potatoes in Water 540g,36p,£1.04 / kg,null,cupboard,canned,2024-11-19
Merchant Gourmet Puy Lentils & French Green Lentils Simply C...,£2.15,£8.60 / kg,null,cupboard,canned,2024-11-19
Laila Red Split Lentils 1kg,£2.00,£2.00 / kg,null,cupboard,canned,2024-11-19
Sainsbury's Peeled New Potatoes In Water 300g (195g*),80p,£4.10 / kg,null,cupboard,canned,2024-11-19
Green Giant Original Sweetcorn 198g,£1.00,£6.06 / kg,null,cupboard,canned,2024-11-19
Sainsbury's Sliced Carrots in Water 300g (180g*),55p,£3.06 / kg,null,cupboard,canned,2024-11-19
Batchelors Bigga Marrowfat Peas 300g (180g*),75p,£4.17 / kg,null,cupboard,canned,2024-11-19
Sainsbury's Borlotti Beans In Water 400g (235g*),59p,£2.51 / kg,null,cupboard,canned,2024-11-19
Farrow's Giant Marrowfat Peas 300g (180g*),85p,£2.83 / kg,null,cupboard,canned,2024-11-19
"Sainsbury's Red Kidney Beans Carton, SO Organic 380g (230g*)",£1.05,£4.57 / kg,null,cupboard,canned,2024-11-19
Batchelors Chip Shop Style Mushy Peas 300g,75p,£2.50 / kg,null,cupboard,canned,2024-11-19
Sainsbury's Baby Carrots In Water 300g (180g*),60p,£3.33 / kg,null,cupboard,canned,2024-11-19
Green Giant Salt Free Sweet Corn 4x198g (4x165g*),£3.35,£5.08 / kg,null,cupboard,canned,2024-11-19
Sainsbury's Red Kidney Beans in Water 215g (130g*),50p,£3.85 / kg,null,cupboard,canned,2024-11-19
Sainsbury's Mixed Bean Salad 400g (265g*),95p,£2.38 / kg,null,cupboard,canned,2024-11-19
"Sainsbury's Butter Beans Carton, SO Organic 380g, (230g*)",£1.05,£4.57 / kg,null,cupboard,canned,2024-11-19
Sainsbury's Cous Cous 500g,£1.20,£2.40 / kg,null,cupboard,canned,2024-11-19
Bold Bean Co Queen Chickpeas 570g,£3.25,£8.13 / kg,£2.45,cupboard,canned,2024-11-19
Sainsbury's Marrowfat Processed Peas 300g (180g*),35p,£1.17 / kg,null,cupboard,canned,2024-11-19
Idahoan Perfect Mash Buttery 109g,£1.45,£13.30 / kg,£1.20,cupboard,canned,2024-11-19
Sainsbury's Haricot Beans In Water 400g (265g*),59p,£2.23 / kg,null,cupboard,canned,2024-11-19
Napolina Chick Peas 400g (240g*),£1.00,£4.17 / kg,null,cupboard,canned,2024-11-19
Sainsbury's Giant Couscous 300g,£1.50,£5.00 / kg,null,cupboard,canned,2024-11-19
Bold Bean Co Queen Butter Beans 570g,£3.25,£8.13 / kg,£2.45,cupboard,canned,2024-11-19
Merchant Gourmet Tomatoey French Puy & Green Lentils 250g,£2.15,£8.60 / kg,null,cupboard,canned,2024-11-19
Sainsbury's Quinoa 300g,£2.80,£9.33 / kg,null,cupboard,canned,2024-11-19
Sainsbury's Butter Beans In Water 215g (125g*),50p,£2.33 / kg,null,cupboard,canned,2024-11-19
Sainsbury's Cous Cous Coriander & Lemon 110g,70p,£6.36 / kg,null,cupboard,canned,2024-11-19
Napolina Red Kidney Beans 400g (240g*),£1.00,£4.17 / kg,null,cupboard,canned,2024-11-19
Sainsbury's Black Eye Beans Water 400g (235g*),59p,£2.51 / kg,null,cupboard,canned,2024-11-19
Sainsbury's Cous Cous 1kg,£2.30,£2.30 / kg,null,cupboard,canned,2024-11-19
Sainsbury's Roasted Vegetable Couscous 110g,70p,£6.36 / kg,null,cupboard,canned,2024-11-19
Sainsbury's Pearl Barley 500g,£1.00,£2.00 / kg,null,cupboard,canned,2024-11-19
"Sainsbury's Green Lentils, SO Organic 380g (230g*)",£1.05,£4.57 / kg,null,cupboard,canned,2024-11-19
Sainsbury's Peeled New Potatoes In Water 560g (360g*),£1.10,£3.06 / kg,null,cupboard,canned,2024-11-19
Sainsbury's Chip Shop Style Mushy Peas 300g,50p,£1.67 / kg,null,cupboard,canned,2024-11-19
Merchant Gourmet Smoky Spanish Rice & Grains 250g,£2.15,£8.60 / kg,null,cupboard,canned,2024-11-19
Merchant Gourmet Simply Cooked Red & White Quinoa 250g,£2.15,£8.60 / kg,null,cupboard,canned,2024-11-19
Green Giant Salt Free Sweet Corn 198g (165g*),£1.00,£6.06 / kg,null,cupboard,canned,2024-11-19
Sainsbury's Cracked Bulgur Wheat 500g,£2.00,£4.00 / kg,null,cupboard,canned,2024-11-19
Merchant Gourmet Porcini Mushrooms 30g,£3.75,£1.25 / 10g,null,cupboard,canned,2024-11-19
Sainsbury's Mixed Vegetables in Water 300g (195g*),60p,£3.08 / kg,null,cupboard,canned,2024-11-19
La Doria Ratatouille 390g,£1.25,£3.21 / kg,null,cupboard,canned,2024-11-19
Merchant Gourmet 3 Bean & Lentil Chilli 280g,£2.50,£8.93 / kg,null,cupboard,canned,2024-11-19
Ainsley Harriott Moroccan Medley Cous Cous 100g,90p,£9.00 / kg,null,cupboard,canned,2024-11-19
Sainsbury's Sliced Button Mushrooms 290g (156g*),£1.40,£4.83 / kg,null,cupboard,canned,2024-11-19
Green Giant Original Sweet Corn 340g (285g*),£1.25,£4.39 / kg,null,cupboard,canned,2024-11-19
Sainsbury's Red Lentils 1kg,£2.50,£2.50 / kg,null,cupboard,canned,2024-11-19
"Sainsbury's Red Lentils, SO Organic 500g",£2.10,£4.20 / kg,null,cupboard,canned,2024-11-19
Sainsbury's Instant Mashed Potato 160g,£1.00,£6.25 / kg,null,cupboard,canned,2024-11-19
Napolina Cannellini Beans 400g (240g*),£1.00,£4.17 / kg,null,cupboard,canned,2024-11-19
Ainsley Harriott Roasted Vegetable Cous Cous 100g,90p,£9.00 / kg,null,cupboard,canned,2024-11-19
Sainsbury's Petit Pois & Baby Carrots 400g,£1.55,£5.85 / kg,null,cupboard,canned,2024-11-19
Bold Bean Co Organic White Beans 570g,£3.25,£8.13 / kg,£2.45,cupboard,canned,2024-11-19
Idahoan Perfect Mash Cheddar Cheese Flavoured 109g,£1.45,£13.30 / kg,£1.20,cupboard,canned,2024-11-19
Sainsbury's Cut Green Beans In Water 400g,£1.35,£6.00 / kg,null,cupboard,canned,2024-11-19
Merchant Gourmet Simply Cooked Glorious Grains with Red Rice...,£2.15,£8.60 / kg,null,cupboard,canned,2024-11-19
Sainsbury's Tender Broad Beans In Water 300g (195g*),75p,£3.85 / kg,null,cupboard,canned,2024-11-19
Sainsbury's Sundried Tomato & Garlic Couscous 110g,70p,£6.36 / kg,null,cupboard,canned,2024-11-19
Sainsbury's Chickpeas 215g (130g*),50p,£3.85 / kg,null,cupboard,canned,2024-11-19
Merchant Gourmet Bean Medley x5 240g,£2.20,£9.17 / kg,null,cupboard,canned,2024-11-19
Napolina Five Bean Salad in Vinaigrette 400g,£1.00,£2.50 / kg,null,cupboard,canned,2024-11-19
Green Giant Original Sweet Corn 3x340g (3x285g*),£3.45,£4.04 / kg,null,cupboard,canned,2024-11-19
Sainsbury's Dried Green Lentils 500g,£1.90,£3.80 / kg,null,cupboard,canned,2024-11-19
Ainsley Harriott Spice Sensation Cous Cous 100g,90p,£9.00 / kg,null,cupboard,canned,2024-11-19
Green Giant Salad Crisp Sweet Corn 160g (140g*),95p,£6.79 / kg,null,cupboard,canned,2024-11-19
Sainsbury's White Red & Black Quinoa 300g,£3.00,£10.00 / kg,null,cupboard,canned,2024-11-19
Ainsley Harriott Sundried Tomato & Garlic Cous Cous 100g,90p,£9.00 / kg,null,cupboard,canned,2024-11-19
Sainsbury's Polenta 400g,£1.90,£4.75 / kg,null,cupboard,canned,2024-11-19
Merchant Gourmet Thai Green Lentil Curry 280g,£2.50,£8.93 / kg,null,cupboard,canned,2024-11-19
Merchant Gourmet Aromatic Persian Style Quinoa & Green Lenti...,£2.15,£8.60 / kg,null,cupboard,canned,2024-11-19
Sainsbury's Fluffy & Nutty Wholewheat Cous Cous 300g,£1.20,£4.00 / kg,null,cupboard,canned,2024-11-19
Sainsbury's Popping Corn 500g,£2.00,£4.00 / kg,null,cupboard,canned,2024-11-19
Sainsbury's Whole Button Mushrooms In Water 290g (156g*),£1.40,£8.97 / kg,null,cupboard,canned,2024-11-19
Napolina Lentils in Water 400g,£1.00,£3.77 / kg,null,cupboard,canned,2024-11-19
Sainsbury's Artichoke Hearts in Water 400g,£2.45,£10.21 / kg,null,cupboard,canned,2024-11-19
Merchant Gourmet Mexican Inspired Grains 250g,£2.15,£8.60 / kg,null,cupboard,canned,2024-11-19
Batchelors Bigga Dried Peas Selected Marrowfats 250g,90p,£3.60 / kg,null,cupboard,canned,2024-11-19
Sainsbury's Dried Red Lentils 500g,£2.00,£4.00 / kg,null,cupboard,canned,2024-11-19
Merchant Gourmet Spicy Cajun Style Lentils & Red Kidney Bean...,£2.15,£8.60 / kg,null,cupboard,canned,2024-11-19
Foresight Pease Pudding 220g,50p,£2.27 / kg,null,cupboard,canned,2024-11-19
Merchant Gourmet Microwave Ready to eat Beluga Lentils 250g,£2.15,£8.60 / kg,null,cupboard,canned,2024-11-19
Batchelors Smash Instant Mashed Potato The Original 360g,£3.60,£10.00 / kg,null,cupboard,canned,2024-11-19
Merchant Gourmet Jumbo Chickpeas 240g,£2.20,£9.17 / kg,null,cupboard,canned,2024-11-19
Merchant Gourmet Lentil & Chickpea Tagine 280g,£2.50,£8.93 / kg,null,cupboard,canned,2024-11-19
Sainsbury's Petits Pois In Water 400g (280g*),£1.00,£3.57 / kg,null,cupboard,canned,2024-11-19
Merchant Gourmet Moreish Mediterranean Style Grains With Tom...,£2.15,£8.60 / kg,null,cupboard,canned,2024-11-19
Sainsbury's Chunky Chips 450g,£2.25,£5.00 / kg,null,cupboard,canned,2024-11-19
"Idahoan Perfect Mash, Butter & Herb 109g",£1.45,£13.30 / kg,£1.20,cupboard,canned,2024-11-19
Green Giant Whole Hearts Of Palm 410g (220g*),£2.55,£11.59 / kg,null,cupboard,canned,2024-11-19
Merchant Gourmet Sabarot Puy Lentils 300g,£3.60,£12.00 / kg,null,cupboard,canned,2024-11-19
Merchant Gourmet Fiery Jamaican Style Grains & Pulses 250g,£2.15,£8.60 / kg,null,cupboard,canned,2024-11-19
"Sainsbury's Cous Cous, SO Organic 500g",£1.90,£3.80 / kg,null,cupboard,canned,2024-11-19
Merchant Gourmet Wholegrain Spelt 250g,£2.15,£8.60 / kg,null,cupboard,canned,2024-11-19
Ainsley Harriott Wild Mushroom Cous Cous 100g,90p,£9.00 / kg,null,cupboard,canned,2024-11-19
Idahoan Perfect Mash Bacon & Cheese Snack Pot 55g,£1.50,£27.27 / kg,£1.00,cupboard,canned,2024-11-19
Idahoan Perfect Mash Bubble & Squeak Snack Pot 55g,£1.50,£27.27 / kg,£1.00,cupboard,canned,2024-11-19
Sainsbury's Lentilles Vertes Bag 500g,£2.25,£4.50 / kg,null,cupboard,canned,2024-11-19
Sainsbury's Sweetcorn & Peas in Water 198g,95p,£5.94 / kg,null,cupboard,canned,2024-11-19
Merchant Gourmet Smoky Black Turtle Beans 240g,£2.20,£9.17 / kg,null,cupboard,canned,2024-11-19
Sainsbury's Bulgur Wheat & Quinoa 300g,£2.60,£8.67 / kg,null,cupboard,canned,2024-11-19
Sainsbury's Soup & Stew Mix 500g,£2.00,£4.00 / kg,null,cupboard,canned,2024-11-19
Laila Chickpeas 1kg,£2.25,£2.25 / kg,null,cupboard,canned,2024-11-19
Tilda Tasty Sides Indian Black Dhal 250g,£2.00,£8.00 / kg,null,cupboard,canned,2024-11-19
Sainsbury's Buckwheat 500g,£2.50,£5.00 / kg,null,cupboard,canned,2024-11-19
Sainsbury's Dried Yellow Split Peas 500g,£1.15,£2.30 / kg,null,cupboard,canned,2024-11-19
Laila Green Lentils 1kg,£2.60,£2.60 / kg,null,cupboard,canned,2024-11-19
Laila Red Split Lentils 2kg,£4.00,£2.00 / kg,null,cupboard,canned,2024-11-19
Sainsbury's Whole French Green Beans In Tin 400g (220g*),£1.35,£6.14 / kg,null,cupboard,canned,2024-11-19
Merchant Gourmet Zingy Korean Style Grains 250g,£2.15,£8.60 / kg,null,cupboard,canned,2024-11-19
Laila Chana Dal 1kg,£2.00,£2.00 / kg,null,cupboard,canned,2024-11-19
Sainsbury's Chickpeas 500g,£1.90,£3.80 / kg,null,cupboard,canned,2024-11-19
Sainsbury's Dried Pinto Beans Bag 500g,£2.00,£4.00 / kg,null,cupboard,canned,2024-11-19
KTC Kala Chana 400g,65p,£1.63 / kg,null,cupboard,canned,2024-11-19
"Sainsbury's Green Lentils, SO Organic 500g",£2.10,£4.20 / kg,null,cupboard,canned,2024-11-19
Green Giant Salt Free Sweet Corn 340g (285g*),£1.25,£4.39 / kg,null,cupboard,canned,2024-11-19
Idahoan Perfect Mash Roasted Garlic 109g,£1.50,£13.76 / kg,£1.20,cupboard,canned,2024-11-19
Sainsbury's Cannellini Beans Bag 500g,£2.00,£4.00 / kg,null,cupboard,canned,2024-11-19
Laila Mung Dal Yellow 1kg,£2.25,£2.25 / kg,null,cupboard,canned,2024-11-19
Tilda Tasty Sides Mexican Fajita 250g,£2.00,£8.00 / kg,null,cupboard,canned,2024-11-19
Tilda Tasty Sides Thai Green Curry 250g,£2.00,£8.00 / kg,null,cupboard,canned,2024-11-19
Sainsbury's Split Green Peas 500g,£1.50,£3.00 / kg,null,cupboard,canned,2024-11-19
Ktc Spinach Puree 795g,£1.70,£2.14 / kg,null,cupboard,canned,2024-11-19
Laila Red Kidney Beans 2kg,£4.00,£2.00 / kg,null,cupboard,canned,2024-11-19
Laila Red Kidney Beans 1kg,£2.25,£2.25 / kg,null,cupboard,canned,2024-11-19
Laila Green Lentils 2kg,£4.90,£2.45 / kg,null,cupboard,canned,2024-11-19
"Sainsbury's Quick Cook Salad Grain Mix, Inspired to Cook 250...",£2.00,£8.00 / kg,null,cupboard,canned,2024-11-19
Caribbean Choice Ackees In Salted Water 540g,£6.00,£11.11 / kg,£5.50,cupboard,canned,2024-11-19
Laila Chana Dal 2kg,£4.00,£2.00 / kg,null,cupboard,canned,2024-11-19
Laila Red Split Lentils 5kg,£9.00,£1.80 / kg,null,cupboard,canned,2024-11-19
Dunn's River Jamaican Callaloo in Salted Water 540g,£1.90,£3.52 / kg,null,cupboard,canned,2024-11-19
Sainsbury's On the Go Wasabi Peas 50g,£1.00,£2.00 / 100g,null,cupboard,canned,2024-11-19
Laila Chana Dal 5kg,£7.95,£1.59 / kg,null,cupboard,canned,2024-11-19
Green Giant Original Sweet Corn x4 198g,£3.35,£5.08 / kg,null,cupboard,canned,2024-11-19
Sainsbury's Naturally Sweet Sweetcorn in Water 325g (260g*),65p,£2.50 / kg,null,cupboard,canned,2024-11-19
Sainsbury's Sweetcorn 3x198g (157g*),£1.45,£3.08 / kg,null,cupboard,canned,2024-11-19
Green Giant Original Sweetcorn 198g,£1.00,£6.06 / kg,null,cupboard,canned,2024-11-19
Green Giant Salt Free Sweet Corn 4x198g (4x165g*),£3.35,£5.08 / kg,null,cupboard,canned,2024-11-19
Green Giant Salt Free Sweet Corn 198g (165g*),£1.00,£6.06 / kg,null,cupboard,canned,2024-11-19
Green Giant Original Sweet Corn 340g (285g*),£1.25,£4.39 / kg,null,cupboard,canned,2024-11-19
Green Giant Original Sweet Corn 3x340g (3x285g*),£3.45,£4.04 / kg,null,cupboard,canned,2024-11-19
Green Giant Salad Crisp Sweet Corn 160g (140g*),95p,£6.79 / kg,null,cupboard,canned,2024-11-19
Sainsbury's Sweetcorn & Peas in Water 198g,95p,£5.94 / kg,null,cupboard,canned,2024-11-19
Green Giant Salt Free Sweet Corn 340g (285g*),£1.25,£4.39 / kg,null,cupboard,canned,2024-11-19
Sainsbury's Microwave Rice Basmati 250g,45p,£1.80 / kg,null,cupboard,carbs,2024-11-19
Sainsbury's Basmati Rice 1kg,£1.85,£1.85 / kg,null,cupboard,carbs,2024-11-19
Sainsbury's Fusilli Pasta 1kg,£1.29,£1.29 / kg,null,cupboard,carbs,2024-11-19
Sainsbury's Spaghetti Pasta 500g,75p,£1.50 / kg,null,cupboard,carbs,2024-11-19
Sainsbury's Microwave Rice Brown 250g,45p,£1.80 / kg,null,cupboard,carbs,2024-11-19
Batchelors Super Noodles Chicken Flavour 90g,£1.00,£11.11 / kg,null,cupboard,carbs,2024-11-19
Sainsbury's Penne Pasta 1kg,£1.38,£1.38 / kg,null,cupboard,carbs,2024-11-19
Tilda Microwave Rice Pure Basmati 250g,£1.00,£4.00 / kg,null,cupboard,carbs,2024-11-19
Sainsbury's Microwave Rice Long Grain White 250g,45p,£1.80 / kg,null,cupboard,carbs,2024-11-19
Sainsbury's Penne Rigate Pasta 500g,69p,£1.38 / kg,null,cupboard,carbs,2024-11-19
Pot Noodle Chicken & Mushroom 90g,£1.10,£12.22 / kg,null,cupboard,carbs,2024-11-19
Ko-Lee Instant Noodles Chicken Flavour 70g,28p,£4.00 / kg,null,cupboard,carbs,2024-11-19
Sainsbury's Microwave Rice Brown Basmati 250g,45p,£1.80 / kg,null,cupboard,carbs,2024-11-19
Sainsbury's Wholewheat Fusilli Pasta 500g,75p,£1.50 / kg,null,cupboard,carbs,2024-11-19
Walkers Max Paprika Multipack Crisps 6x27g,£2.20,£1.36 / 100g,null,cupboard,carbs,2024-11-19
Sainsbury's Fusilli Pasta 500g,65p,£1.30 / kg,null,cupboard,carbs,2024-11-19
Sainsbury's Linguine Pasta 500g,75p,£1.50 / kg,null,cupboard,carbs,2024-11-19
Sainsbury's Arborio Risotto Rice 500g,£2.40,£4.80 / kg,null,cupboard,carbs,2024-11-19
Sainsbury's Spaghetti Wholewheat Pasta 500g,75p,£1.50 / kg,null,cupboard,carbs,2024-11-19
Sainsbury's Macaroni Pasta 500g,72p,£1.44 / kg,null,cupboard,carbs,2024-11-19
Sharwood's Medium Egg Noodles 226g,£1.50,£6.64 / kg,null,cupboard,carbs,2024-11-19
Sainsbury's Spirali Pasta 500g,75p,£1.50 / kg,null,cupboard,carbs,2024-11-19
Sainsbury's Basmati Rice 500g,92p,£1.84 / kg,null,cupboard,carbs,2024-11-19
Stamford Street Co. Spaghetti 500g,28p,56p / kg,null,cupboard,carbs,2024-11-19
Nik Naks Nice 'N' Spicy Crisps 6x20g,£1.50,£1.25 / 100g,null,cupboard,carbs,2024-11-19
Sainsbury's Spaghetti Pasta 1kg,£1.50,£1.50 / kg,null,cupboard,carbs,2024-11-19
"Sainsbury's Orzo Pasta, Taste the Difference 500g",£2.00,£4.00 / kg,null,cupboard,carbs,2024-11-19
Sainsbury's Tagliatelle Pasta 500g,75p,£1.50 / kg,null,cupboard,carbs,2024-11-19
Sainsbury's Lasagne Sheets Pasta 500g,75p,£1.50 / kg,null,cupboard,carbs,2024-11-19
Sainsbury's Conchiglie Shells Pasta 500g,69p,£1.38 / kg,null,cupboard,carbs,2024-11-19
Sainsbury's Free from Fusilli Pasta 500g,75p,£1.50 / kg,null,cupboard,carbs,2024-11-19
Sainsbury's Medium Noodles 250g,95p,£3.80 / kg,null,cupboard,carbs,2024-11-19
Sainsbury's Wholewheat Medium Noodles 250g,95p,£3.80 / kg,null,cupboard,carbs,2024-11-19
Sainsbury's Wholewheat Penne Pasta 500g,69p,£1.38 / kg,null,cupboard,carbs,2024-11-19
Sainsbury's Brown Rice 1kg,£1.39,£1.39 / kg,null,cupboard,carbs,2024-11-19
Veetee Heat&eat Sticky Rice Pots x2 260g,£1.40,£5.60 / kg,null,cupboard,carbs,2024-11-19
"Sainsbury's Butternut Squash & Sage Ravioli, Taste the Diffe...",£3.25,£13.00 / kg,null,cupboard,carbs,2024-11-19
Sainsbury's Udon Noodles Quick To Cook x2 300g,£1.00,£3.33 / kg,null,cupboard,carbs,2024-11-19
Sainsbury's Farfalle Pasta 500g,69p,£1.38 / kg,null,cupboard,carbs,2024-11-19
Napolina Rigatoni Pasta 500g,£1.50,£3.00 / kg,null,cupboard,carbs,2024-11-19
Sainsbury's Fusilli Tricolori Pasta 500g,65p,£1.30 / kg,null,cupboard,carbs,2024-11-19
Napolina Spaghetti Pasta 500g,£1.50,£3.00 / kg,null,cupboard,carbs,2024-11-19
Barilla Classic Fusilli Pasta 500g,£1.40,£2.80 / kg,null,cupboard,carbs,2024-11-19
Sainsbury's Macaroni Pasta 1kg,£1.44,£1.44 / kg,null,cupboard,carbs,2024-11-19
Tilda Microwave Rice Wholegrain Basmati 250g,£1.00,£4.00 / kg,null,cupboard,carbs,2024-11-19
Merchant Gourmet Puy Lentils & French Green Lentils Simply C...,£2.15,£8.60 / kg,null,cupboard,carbs,2024-11-19
Ben's Original Classic Long Grain Microwave Rice 220g,£1.00,£4.55 / kg,null,cupboard,carbs,2024-11-19
Sainsbury's Rice Noodles 250g,81p,£3.24 / kg,null,cupboard,carbs,2024-11-19
Ben's Original Spicy Mexican Microwave Rice 220g,£1.40,£6.36 / kg,null,cupboard,carbs,2024-11-19
Stamford Street Co. Penne Pasta 500g,41p,82p / kg,null,cupboard,carbs,2024-11-19
Sainsbury's Microwave Rice Spicy Mexican 250g,65p,£2.60 / kg,null,cupboard,carbs,2024-11-19
"Sainsbury's Microwave Pilau Rice With Spices, Cumin and Fenn...",45p,£1.80 / kg,null,cupboard,carbs,2024-11-19
Sainsbury's Microwave Rice Golden Vegetable 250g,65p,£2.60 / kg,null,cupboard,carbs,2024-11-19
Sainsbury's Free from Penne Pasta 500g,75p,£1.50 / kg,null,cupboard,carbs,2024-11-19
Sainsbury's Basmati Rice 2kg,£3.65,£1.83 / kg,null,cupboard,carbs,2024-11-19
Napolina Fusilli Pasta 500g,£1.50,£3.00 / kg,null,cupboard,carbs,2024-11-19
Tilda Microwave Rice Lime & Coriander Basmati 250g,£1.25,£5.00 / kg,null,cupboard,carbs,2024-11-19
"Sainsbury's Basil & Pine Nuts Ravioli, Taste the Difference ...",£3.25,£13.00 / kg,null,cupboard,carbs,2024-11-19
Napolina Penne Pasta 500g,£1.50,£3.00 / kg,null,cupboard,carbs,2024-11-19
Sainsbury's Microwave Rice Egg Fried 250g,45p,£1.80 / kg,null,cupboard,carbs,2024-11-19
Sainsbury's Fine Egg Noodles 250g,95p,£3.80 / kg,null,cupboard,carbs,2024-11-19
Sainsbury's Easy Cook Long Grain White Rice 2kg,£2.35,£1.18 / kg,null,cupboard,carbs,2024-11-19
Pot Noodle Original Curry 90g,£1.10,£12.22 / kg,null,cupboard,carbs,2024-11-19
Barilla Spaghetti Pasta 500g,£1.40,£2.80 / kg,null,cupboard,carbs,2024-11-19
Tilda Microwave Rice Pilau Basmati 250g,£1.00,£4.00 / kg,null,cupboard,carbs,2024-11-19
Sainsbury's Cous Cous 500g,£1.20,£2.40 / kg,null,cupboard,carbs,2024-11-19
Pot Noodle Beef & Tomato 90g,£1.10,£12.22 / kg,null,cupboard,carbs,2024-11-19
Sainsbury's Medium Noodles Quick To Cook x2 300g,£1.00,£3.33 / kg,null,cupboard,carbs,2024-11-19
Tilda Microwave Rice Classics Golden Vegetable 250g,£1.00,£4.00 / kg,null,cupboard,carbs,2024-11-19
"Batchelors Pasta 'n' Sauce, Cheese & Broccoli 99g",£1.00,£10.10 / kg,90p,cupboard,carbs,2024-11-19
Veetee Heat& Eat Basmati Rice Pots x2 250g,£1.15,£4.60 / kg,null,cupboard,carbs,2024-11-19
Pot Noodle King Pot Chicken & Mushroom 114g,£1.40,£12.28 / kg,£1.00,cupboard,carbs,2024-11-19
Sainsbury's Fusilli Pasta 3kg,£3.80,£1.27 / kg,null,cupboard,carbs,2024-11-19
Sainsbury's Microwave Rice Thai 250g,45p,£1.80 / kg,null,cupboard,carbs,2024-11-19
Ben's Original Egg Fried Microwave Rice 220g,£1.40,£6.36 / kg,null,cupboard,carbs,2024-11-19
Tilda Microwave Rice Coconut Basmati 250g,£1.25,£5.00 / kg,null,cupboard,carbs,2024-11-19
Sainsbury's Giant Couscous 300g,£1.50,£5.00 / kg,null,cupboard,carbs,2024-11-19
Stamford Street Co. White Rice 1kg,52p,52p / kg,null,cupboard,carbs,2024-11-19
Sainsbury's Free from Spaghetti Pasta 500g,75p,£1.50 / kg,null,cupboard,carbs,2024-11-19
Barilla Classic Linguine Pasta 500g,£1.40,£2.80 / kg,null,cupboard,carbs,2024-11-19
Tilda Microwave Rice Classics Sticky 250g,£1.00,£4.00 / kg,null,cupboard,carbs,2024-11-19
"Batchelors Super Noodles Pot, Chicken 75g",£1.00,£13.33 / kg,null,cupboard,carbs,2024-11-19
"Batchelors Cup a Soup, Chicken & Vegetable with Croutons x4 ...",£1.50,£1.36 / 100g,null,cupboard,carbs,2024-11-19
Merchant Gourmet Tomatoey French Puy & Green Lentils 250g,£2.15,£8.60 / kg,null,cupboard,carbs,2024-11-19
De Cecco Spaghetti Pasta 500g,£2.00,£4.00 / kg,£1.35,cupboard,carbs,2024-11-19
Tilda Microwave Rice Wholegrain Basmati & Quinoa 250g,£1.25,£5.00 / kg,null,cupboard,carbs,2024-11-19
Sainsbury's Long Grain Rice 1kg,£1.25,£1.25 / kg,null,cupboard,carbs,2024-11-19
Sainsbury's Boil In The Bag Basmati Rice 4x125g,£2.00,£4.00 / kg,null,cupboard,carbs,2024-11-19
Sainsbury's Quinoa 300g,£2.80,£9.33 / kg,null,cupboard,carbs,2024-11-19
Amoy Straight to Wok Medium Noodles 2x150g,£2.15,£7.17 / kg,null,cupboard,carbs,2024-11-19
Sainsbury's Cous Cous Coriander & Lemon 110g,70p,£6.36 / kg,null,cupboard,carbs,2024-11-19
Sainsbury's Boil In The Bag White Rice 4x125g,£1.20,£2.40 / kg,null,cupboard,carbs,2024-11-19
"Batchelors Cup a Soup, Potato & Leek x4 107g",£1.50,£1.40 / 100g,£1.20,cupboard,carbs,2024-11-19
Tilda Pure Basmati Rice 500g,£2.90,£5.80 / kg,null,cupboard,carbs,2024-11-19
Ben's Original Classic Wholegrain Microwave Rice 220g,£1.00,£4.55 / kg,null,cupboard,carbs,2024-11-19
"Batchelors Cup a Soup, Cream of Mushroom with Croutons x4 99...",£1.50,£1.52 / 100g,£1.20,cupboard,carbs,2024-11-19
De Cecco Fusilli Pasta 500g,£2.00,£4.00 / kg,£1.35,cupboard,carbs,2024-11-19
Sainsbury's Cous Cous 1kg,£2.30,£2.30 / kg,null,cupboard,carbs,2024-11-19
Batchelors Cup a Soup Minestrone with Croutons x4 94g,£1.60,£1.70 / 100g,£1.20,cupboard,carbs,2024-11-19
Sainsbury's Quick Cook Fusilli Pasta 500g,65p,£1.30 / kg,null,cupboard,carbs,2024-11-19
Pot Noodle Sticky Rib 90g,£1.10,£12.22 / kg,null,cupboard,carbs,2024-11-19
Sainsbury's Microwave Rice Mushroom 250g,45p,£1.80 / kg,null,cupboard,carbs,2024-11-19
Sainsbury's Wholewheat Fusilli Pasta 1kg,£1.50,£1.50 / kg,null,cupboard,carbs,2024-11-19
De Cecco Linguine Pasta 500g,£2.00,£4.00 / kg,£1.35,cupboard,carbs,2024-11-19
Ben's Original Classic Basmati Microwave Rice 220g,£1.00,£4.55 / kg,null,cupboard,carbs,2024-11-19
Heinz Cream of Tomato Cup Packet Soup x4 88g,£1.50,£1.70 / 100g,null,cupboard,carbs,2024-11-19
"Sainsbury's Prawn, Chilli & Garlic Ravioli, Taste the Differ...",£3.25,£13.00 / kg,null,cupboard,carbs,2024-11-19
"Batchelors Cup a Soup, Cream of Vegetable with Croutons x4 1...",£1.50,£1.25 / 100g,£1.20,cupboard,carbs,2024-11-19
Nissin Soba Chilli Wok Style Instant Cup Noodles Pot 92g,£1.70,£18.48 / kg,null,cupboard,carbs,2024-11-19
Sainsbury's Quick Cook Penne Pasta 500g,69p,£1.38 / kg,null,cupboard,carbs,2024-11-19
Sainsbury's Roasted Vegetable Couscous 110g,70p,£6.36 / kg,null,cupboard,carbs,2024-11-19
Nissin Demae Ramen Chicken Flavour Japanese Noodlesoup 100g,75p,£7.50 / kg,65p,cupboard,carbs,2024-11-19
Tilda Pure Basmati Rice 1kg,£4.90,£4.90 / kg,£4.00,cupboard,carbs,2024-11-19
Sainsbury's Pearl Barley 500g,£1.00,£2.00 / kg,null,cupboard,carbs,2024-11-19
Mama Instant Rice Noodles 225g,£1.85,£8.22 / kg,null,cupboard,carbs,2024-11-19
"Sainsbury's Pappardelle Pasta, Taste the Difference 500g",£2.00,£4.00 / kg,null,cupboard,carbs,2024-11-19
Sun Hee Fresh Udon Noodles 200g,65p,£3.25 / kg,null,cupboard,carbs,2024-11-19
"Sainsbury's Roasted Vegetable Lasagne Ready Meal For 1, Tast...",£4.25,£10.63 / kg,null,cupboard,carbs,2024-11-19
"Sainsbury's Wholewheat Fusilli Pasta, SO Organic 500g",£1.20,£2.40 / kg,null,cupboard,carbs,2024-11-19
Pot Noodle Chinese Chow Mein 90g,£1.10,£12.22 / kg,null,cupboard,carbs,2024-11-19
"Batchelors Cup a Soup, Cream of Asparagus with Croutons x4 1...",£1.50,£1.28 / 100g,£1.20,cupboard,carbs,2024-11-19
"Sainsbury's Savoury Rice, Golden Vegetable 105g",60p,£5.71 / kg,null,cupboard,carbs,2024-11-19
"Batchelors Super Noodles, BBQ Beef 90g",£1.00,£11.11 / kg,null,cupboard,carbs,2024-11-19
Heinz Cream of Tomato Soup 300g,£1.20,40p / 100g,null,cupboard,carbs,2024-11-19
Ben's Original Mixed Pepper Microwave Rice 220g,£1.40,£6.36 / kg,null,cupboard,carbs,2024-11-19
Ben's Original Wholegrain Spicy Mexican Microwave Rice 220g,£1.40,£6.36 / kg,null,cupboard,carbs,2024-11-19
Nissin Soba Classic Wok Style Instant Cup Noodles Pot 90g,£1.70,£18.89 / kg,null,cupboard,carbs,2024-11-19
Tilda Microwave Rice Lemon & Herb Basmati 250g,£1.25,£5.00 / kg,null,cupboard,carbs,2024-11-19
Veetee Heat& Eat Thai Jasmine Rice Pots 280g,£1.15,£4.60 / kg,null,cupboard,carbs,2024-11-19
"Batchelors Cup a Soup, Chicken & Leek x4 86g",£1.50,£1.74 / 100g,null,cupboard,carbs,2024-11-19
Merchant Gourmet Smoky Spanish Rice & Grains 250g,£2.15,£8.60 / kg,null,cupboard,carbs,2024-11-19
Merchant Gourmet Simply Cooked Red & White Quinoa 250g,£2.15,£8.60 / kg,null,cupboard,carbs,2024-11-19
Mug Shot Pasta Tomato & Herb 64g,£1.00,£15.63 / kg,50p,cupboard,carbs,2024-11-19
Naked Noodle Thai Sweet Chilli Egg Noodles 78g,£1.25,£16.03 / kg,75p,cupboard,carbs,2024-11-19
Sainsbury's Cracked Bulgur Wheat 500g,£2.00,£4.00 / kg,null,cupboard,carbs,2024-11-19
Nissin Soba Teriyaki Wok Style Instant Cup Noodles Pot 90g,£1.70,£18.89 / kg,null,cupboard,carbs,2024-11-19
Sainsbury's Basmati & Wild Rice 500g,£2.40,£4.80 / kg,null,cupboard,carbs,2024-11-19
"Batchelors Super Noodles, Curry 90g",£1.00,£11.11 / kg,null,cupboard,carbs,2024-11-19
Sainsbury's Easy Cook Long Grain White Rice 500g,63p,£1.26 / kg,null,cupboard,carbs,2024-11-19
Mug Shot Pasta Roast Chicken Soup 55g,£1.00,£18.18 / kg,50p,cupboard,carbs,2024-11-19
Mug Shot Noodles Macaroni Cheese 68g,£1.00,£14.71 / kg,50p,cupboard,carbs,2024-11-19
Fullgreen Riced Cauliflower 200g,£2.00,£10.00 / kg,£1.50,cupboard,carbs,2024-11-19
Sharwood's Fine Egg Noodles 226g,£1.50,£6.64 / kg,null,cupboard,carbs,2024-11-19
De Cecco Penne Rigate Pasta 500g,£2.00,£4.00 / kg,£1.35,cupboard,carbs,2024-11-19
itsu Chick-n Ramen Rice Noodle Pot 64g,£1.85,£28.91 / kg,£1.50,cupboard,carbs,2024-11-19
Mug Shot Noodles Chicken & Sweetcorn 54g,£1.00,£18.52 / kg,50p,cupboard,carbs,2024-11-19
Gallo Traditional Risotto Rice 500g,£2.95,£5.90 / kg,£2.00,cupboard,carbs,2024-11-19
"Sainsbury's Black Truffle & Grana Padano Ravioli, Taste the ...",£3.25,£13.00 / kg,null,cupboard,carbs,2024-11-19
Nissin Demae Ramen Sesame Flavour Japanese Noodlesoup 100g,75p,£7.50 / kg,65p,cupboard,carbs,2024-11-19
Sainsbury's Red Lentil Penne Pasta 250g,£1.70,£6.80 / kg,null,cupboard,carbs,2024-11-19
Bens Original Boil in Bag Long Grain Rice 8x62.5g,£3.15,£6.30 / kg,null,cupboard,carbs,2024-11-19
itsu Brilliant' Broth Chicken Ramen 500ml,£2.65,53p / 100ml,null,cupboard,carbs,2024-11-19
Sainsbury's Wholewheat Lasagne Sheets Pasta 500g,75p,£1.50 / kg,null,cupboard,carbs,2024-11-19
Mug Shot Noodles Creamy Cheese 68g,£1.00,£14.71 / kg,50p,cupboard,carbs,2024-11-19
Sainsbury's Brown Basmati Rice 1kg,£1.85,£1.85 / kg,null,cupboard,carbs,2024-11-19
"Batchelors Cup a Soup, Broccoli & Cauliflower x4 101g",£1.50,£1.49 / 100g,£1.20,cupboard,carbs,2024-11-19
"Batchelors Pasta 'n' Sauce, Cheese, Leek & Ham 99g",£1.00,£10.10 / kg,90p,cupboard,carbs,2024-11-19
Ainsley Harriott Moroccan Medley Cous Cous 100g,90p,£9.00 / kg,null,cupboard,carbs,2024-11-19
"Batchelors Cup a Soup, Tomato & Vegetable with Croutons x4 1...",£1.50,£1.44 / 100g,£1.20,cupboard,carbs,2024-11-19
Pot Noodle Bombay Bad Boy 90g,£1.10,£12.22 / kg,null,cupboard,carbs,2024-11-19
De Cecco Tortiglioni Pasta 500g,£2.00,£4.00 / kg,£1.35,cupboard,carbs,2024-11-19
Nongshim Shin Ramyun Noodle Soup Gourmet Spicy 5x120g,£5.00,£8.33 / kg,null,cupboard,carbs,2024-11-19
Batchelors Cup a Soup Chicken Sachets x4 81g,£1.50,£1.85 / 100g,null,cupboard,carbs,2024-11-19
Tilda Fragrant Jasmine Rice 500g,£2.90,£5.80 / kg,null,cupboard,carbs,2024-11-19
Mug Shot Noodles Sweet & Sour 67g,£1.00,£14.93 / kg,50p,cupboard,carbs,2024-11-19
Ben's Original Pilau Microwave Rice 220g,£1.40,£6.36 / kg,null,cupboard,carbs,2024-11-19
Sainsbury's Wholewheat Tagliatelle Pasta 500g,75p,£1.50 / kg,null,cupboard,carbs,2024-11-19
"Batchelors Pasta 'n' Sauce, Macaroni Cheese 108g",£1.00,£10.10 / kg,90p,cupboard,carbs,2024-11-19
itsu Ramen Noodles 250g,£1.45,£5.72 / kg,null,cupboard,carbs,2024-11-19
Ko-Lee Curry Flavour Instant Noodles 70g,28p,£4.00 / kg,null,cupboard,carbs,2024-11-19
Pot Noodle King Pot Beef & Tomato 114g,£1.40,£12.28 / kg,£1.00,cupboard,carbs,2024-11-19
Ainsley Harriott Roasted Vegetable Cous Cous 100g,90p,£9.00 / kg,null,cupboard,carbs,2024-11-19
Tilda Microwave Rice Peri Peri Basmati 250g,£1.25,£5.00 / kg,null,cupboard,carbs,2024-11-19
Tilda Microwave Rice Fragrant Jasmine 250g,£1.00,£4.00 / kg,null,cupboard,carbs,2024-11-19
Pot Noodle King Original Curry 114g,£1.40,£12.28 / kg,£1.00,cupboard,carbs,2024-11-19
Indo Mie Mi Goreng Stir Fry Noodles 80g,90p,£11.25 / kg,null,cupboard,carbs,2024-11-19
Merchant Gourmet Simply Cooked Glorious Grains with Red Rice...,£2.15,£8.60 / kg,null,cupboard,carbs,2024-11-19
Tilda Microwave Rice Coconut Chilli & Lemongrass Basmati 250...,£1.25,£5.00 / kg,null,cupboard,carbs,2024-11-19
"Batchelors Pasta 'n' Sauce, Chicken & Mushroom 99g",£1.00,£10.10 / kg,90p,cupboard,carbs,2024-11-19
Barilla Maccheroni Pasta 500g,£1.40,£2.80 / kg,null,cupboard,carbs,2024-11-19
itsu Satay Rice Noodle Pot 64g,£1.85,£28.91 / kg,£1.50,cupboard,carbs,2024-11-19
Sainsbury's Sundried Tomato & Garlic Couscous 110g,70p,£6.36 / kg,null,cupboard,carbs,2024-11-19
Sainsbury's Quick Cook Spaghetti Pasta 500g,75p,£1.50 / kg,null,cupboard,carbs,2024-11-19
Tilda Microwave Rice Tomato & Basil Basmati 250g,£1.25,£5.00 / kg,null,cupboard,carbs,2024-11-19
Sainsbury's Free From Lasagne Sheets 250g,75p,£3.00 / kg,null,cupboard,carbs,2024-11-19
itsu Brilliant Broth Classic Ramen 500ml,£2.65,53p / 100ml,null,cupboard,carbs,2024-11-19
Nissin Soba Classic Wok Style Stir Fry Noodles 109g,£1.20,£11.01 / kg,£1.00,cupboard,carbs,2024-11-19
Ainsley Harriott Spice Sensation Cous Cous 100g,90p,£9.00 / kg,null,cupboard,carbs,2024-11-19
Sainsbury's Penne Pasta 3kg,£4.00,£1.33 / kg,null,cupboard,carbs,2024-11-19
Heinz Spring Vegetable Soup 400g,£1.70,43p / 100g,null,cupboard,carbs,2024-11-19
Ben's Original Wholegrain Golden Vegetable Microwave Rice 22...,£1.40,£6.36 / kg,null,cupboard,carbs,2024-11-19
Pot Noodle King Pot Bombay Bad Boy 114g,£1.40,£12.28 / kg,£1.00,cupboard,carbs,2024-11-19
Pot Noodle Piri-Piri Chicken 90g,£1.10,£12.22 / kg,null,cupboard,carbs,2024-11-19
Sainsbury's White Red & Black Quinoa 300g,£3.00,£10.00 / kg,null,cupboard,carbs,2024-11-19
Sainsbury's Vegetable Soup in a Cup with Croutons x5 23g,95p,83p / 100g,null,cupboard,carbs,2024-11-19
Knorr Dry Packet Soup Super Chicken Noodle 51g,£1.25,£2.45 / 100g,null,cupboard,carbs,2024-11-19
Veetee Heat & Eat Pilau Rice Pots x2 250g,£1.15,£4.60 / kg,null,cupboard,carbs,2024-11-19
Yutaka Sushi Rice 500g,£2.20,£4.40 / kg,£1.70,cupboard,carbs,2024-11-19
"Sainsbury's Penne Pasta, SO Organic 500g",£1.35,£2.70 / kg,null,cupboard,carbs,2024-11-19
"Sainsbury's Bucatini Spaghetti Pasta, Taste the Difference 5...",£2.00,£4.00 / kg,null,cupboard,carbs,2024-11-19
Veetee Heat& Eat Long Grain Rice Pots x2 260g,£1.15,£4.60 / kg,null,cupboard,carbs,2024-11-19
"Batchelors Cup a Soup, Chicken Noodle x4 94g",£1.50,£1.60 / 100g,null,cupboard,carbs,2024-11-19
Ben's Original Tomato & Basil Microwave Rice 220g,£1.40,£6.36 / kg,null,cupboard,carbs,2024-11-19
Ainsley Harriott Sundried Tomato & Garlic Cous Cous 100g,90p,£9.00 / kg,null,cupboard,carbs,2024-11-19
Sainsbury's Brown Rice Fusilli Pasta 250g,£1.70,£6.80 / kg,null,cupboard,carbs,2024-11-19
Ben's Original Chinese Style Microwave Rice 220g,£1.40,£6.36 / kg,null,cupboard,carbs,2024-11-19
Tilda Microwave Rice Spicy Mexican Long Grain 250g,£1.25,£5.00 / kg,null,cupboard,carbs,2024-11-19
Sainsbury's Cream Of Chicken Cup Soup 120g,95p,79p / 100g,null,cupboard,carbs,2024-11-19
Tilda Wholegrain Basmati Rice 1kg,£4.90,£4.90 / kg,£4.00,cupboard,carbs,2024-11-19
Ainsley Harriott Aromatic Thai Chicken & Lemongrass Cup Soup...,£1.30,£1.88 / 100g,null,cupboard,carbs,2024-11-19
Nissin Soba Chilli Wok Style Stir Fry Noodles 111g,£1.20,£10.91 / kg,£1.00,cupboard,carbs,2024-11-19
Sainsbury's Polenta 400g,£1.90,£4.75 / kg,null,cupboard,carbs,2024-11-19
FREEE Organic Gluten Free Brown Rice Spaghetti 500g,£2.90,£5.80 / kg,null,cupboard,carbs,2024-11-19
Heinz Cream of Chicken Cup Packet Soup x4 68g,£1.50,£2.21 / 100g,null,cupboard,carbs,2024-11-19
Merchant Gourmet Aromatic Persian Style Quinoa & Green Lenti...,£2.15,£8.60 / kg,null,cupboard,carbs,2024-11-19
itsu Sesame Ramen Big Bowl Noodles 93g,£2.50,£2.69 / kg,null,cupboard,carbs,2024-11-19
Sainsbury's Pad Thai Ribbon Noodles Quick To Cook 300g,£1.00,£3.33 / kg,null,cupboard,carbs,2024-11-19
"Sainsbury's Spaghetti Pasta, SO Organic 500g",£1.20,£2.40 / kg,null,cupboard,carbs,2024-11-19
itsu Chilli Miso Rice Noodle Pot 63g,£1.85,£29.37 / kg,£1.50,cupboard,carbs,2024-11-19
Napolina Farfalle Pasta 500g,£1.50,£3.00 / kg,null,cupboard,carbs,2024-11-19
Sainsbury's Fluffy & Nutty Wholewheat Cous Cous 300g,£1.20,£4.00 / kg,null,cupboard,carbs,2024-11-19
Amoy Straight to Wok Udon Thick Noodles 2x150g,£2.15,£7.17 / kg,null,cupboard,carbs,2024-11-19
Naked Noodle The Big One Egg Noodles Thai Green Curry 104g,£1.30,£12.50 / kg,null,cupboard,carbs,2024-11-19
Nissin Soba Yakitori Chicken Wok Style Instant Cup Noodles P...,£1.70,£19.10 / kg,null,cupboard,carbs,2024-11-19
"Sainsbury's Brown Rice, SO Organic 500g",£1.90,£3.80 / kg,null,cupboard,carbs,2024-11-19
Nissin Soba Teriyaki Wok Style Stir Fry Noodles 110g,£1.20,£10.91 / kg,£1.00,cupboard,carbs,2024-11-19
"Sainsbury's Mezzi Rigatoni Pasta, Taste the Difference 500g",£2.00,£4.00 / kg,null,cupboard,carbs,2024-11-19
Nissin Soba Japanese Curry Wok Style Instant Cup Noodles Pot...,£1.70,£18.89 / kg,null,cupboard,carbs,2024-11-19
Sainsbury's Be Good to Yourself Chicken Noodle Cup Soup 5x13...,95p,£1.46 / 100g,null,cupboard,carbs,2024-11-19
"Sainsbury's Casarecce Pasta, Taste the Difference 500g",£2.00,£4.00 / kg,null,cupboard,carbs,2024-11-19
Sainsbury's Free from Macaroni Pasta 500g,75p,£1.50 / kg,null,cupboard,carbs,2024-11-19
Sainsbury's Be Good to Yourself Tomato & Basil Cup Soup x5 1...,95p,£1.15 / 100g,null,cupboard,carbs,2024-11-19
Merchant Gourmet Mexican Inspired Grains 250g,£2.15,£8.60 / kg,null,cupboard,carbs,2024-11-19
Ben's Original Jasmine Microwave Rice 220g,£1.00,£4.55 / kg,null,cupboard,carbs,2024-11-19
Ben's Original Smokey BBQ Microwave Rice 220g,£1.40,£6.36 / kg,null,cupboard,carbs,2024-11-19
Ainsley Harriott Szechuan Hot & Sour Cup Soup x3 60g,£1.30,£2.17 / 100g,null,cupboard,carbs,2024-11-19
Rummo Gluten Free Gnocchi 500g,£3.50,70p / 100g,null,cupboard,carbs,2024-11-19
Tilda Microwave Rice Egg Fried 250g,£1.25,£5.00 / kg,null,cupboard,carbs,2024-11-19
Bens Original Long Grain Rice 1kg,£5.25,£5.25 / kg,null,cupboard,carbs,2024-11-19
Sainsbury's Thai Sticky Rice 500g,£1.50,£3.00 / kg,null,cupboard,carbs,2024-11-19
Mug Shot Italian Inspired Pasta Creamy Carbonara 60g,£1.00,£16.67 / kg,50p,cupboard,carbs,2024-11-19
Indo Mie Sir-Fry Spicy Noodles 80g,90p,£11.25 / kg,null,cupboard,carbs,2024-11-19
Heinz Weight Watchers Tomato Soup 295g,£1.20,41p / 100g,null,cupboard,carbs,2024-11-19
Heinz Chicken & Leek Chunky Big Soup 400g,£2.00,50p / 100g,null,cupboard,carbs,2024-11-19
"Batchelors Super Noodles, Bacon 90g",£1.00,£11.11 / kg,null,cupboard,carbs,2024-11-19
Naked Noodle Egg Noodles Chinese Chow Mein 78g,£1.25,£16.03 / kg,75p,cupboard,carbs,2024-11-19
Naked Cantonese Style Hoisin Duck Egg Noodles 78g,£1.25,£16.03 / kg,75p,cupboard,carbs,2024-11-19
Merchant Gourmet Wholegrain Brown Red & Wild Microwave Rice ...,£2.00,£8.00 / kg,null,cupboard,carbs,2024-11-19
Sainsbury's Stars Pasta 500g,72p,£1.44 / kg,null,cupboard,carbs,2024-11-19
Sainsbury's Spelt Fusilli Pasta 500g,£1.65,£3.30 / kg,null,cupboard,carbs,2024-11-19
"Batchelors Pasta 'n' Sauce, Tomato, Onion & Herb 110g",£1.00,£10.10 / kg,90p,cupboard,carbs,2024-11-19
Tilda Boil in Bag Pure Basmati Rice 250g,£2.00,£8.00 / kg,null,cupboard,carbs,2024-11-19
Yutaka Miso Soup 90g (5x18g),£1.90,£2.11 / 100g,null,cupboard,carbs,2024-11-19
Merchant Gourmet Spicy Cajun Style Lentils & Red Kidney Bean...,£2.15,£8.60 / kg,null,cupboard,carbs,2024-11-19
Maggi Chicken Flavour Instant Noodles 5x74g,£3.50,95p / 100g,null,cupboard,carbs,2024-11-19
Batchelors Cup a Soup Beef & Tomato Sachets x4 88g,£1.50,£1.70 / 100g,null,cupboard,carbs,2024-11-19
Merchant Gourmet Microwave Ready to eat Beluga Lentils 250g,£2.15,£8.60 / kg,null,cupboard,carbs,2024-11-19
Batchelors Cup a Soup Tomato Sachets x4 93g,£1.50,£1.61 / 100g,£1.20,cupboard,carbs,2024-11-19
Sainsbury's Wholegrain Spelt Spaghetti Pasta 500g,£1.65,£3.30 / kg,null,cupboard,carbs,2024-11-19
Sainsbury's Boil In Bag Thai Fragrant Rice 4x125g,£1.50,£3.00 / kg,null,cupboard,carbs,2024-11-19
"Batchelors Super Noodles, Chow Mein 90g",£1.00,£11.11 / kg,null,cupboard,carbs,2024-11-19
Dolmio Pasta Pouch Twists 200g,£2.20,£1.10 / 100g,null,cupboard,carbs,2024-11-19
Tilda Microwave Mushroom Basmati Rice 250g,£1.25,£5.00 / kg,null,cupboard,carbs,2024-11-19
Tilda Pure Basmati Rice 5kg,£16.00,£3.20 / kg,null,cupboard,carbs,2024-11-19
Batchelors Cup a Soup Golden Vegetable Sachets x4 82g,£1.50,£1.83 / 100g,£1.20,cupboard,carbs,2024-11-19
"Batchelors Super Noodles, Southern Fried Chicken 90g",£1.00,£11.11 / kg,null,cupboard,carbs,2024-11-19
Napolina Potato Gnocchi Pasta 500g,£2.00,£4.00 / kg,£1.75,cupboard,carbs,2024-11-19
Rummo Spaghetti No 3 400g,£2.30,£5.75 / kg,null,cupboard,carbs,2024-11-19
Heinz Sausage & Vegetable Chunky Big Soup 400g,£2.00,50p / 100g,null,cupboard,carbs,2024-11-19
Pot Pasta Creamy Carbonara Instant Hot Snack 69g,£1.40,£20.29 / kg,£1.00,cupboard,carbs,2024-11-19
Napolina Wholewheat Spaghetti Pasta 500g,£1.55,£3.10 / kg,£1.25,cupboard,carbs,2024-11-19
Kabuto Noodles Chicken Ramen Flavour 65g,£1.65,£25.38 / kg,£1.30,cupboard,carbs,2024-11-19
Batchelors Low Fat Super Noodles Chicken & Herb Flavour 81g,£1.00,£12.35 / kg,null,cupboard,carbs,2024-11-19
Sainsbury's Minestrone Cup Soup with Croutons 115g,95p,83p / 100g,null,cupboard,carbs,2024-11-19
Sainsbury's Free From Spinach & Ricotta Tortelloni 250g,£2.50,£10.00 / kg,null,cupboard,carbs,2024-11-19
Sainsbury's Cannelloni Pasta 250g,37p,£1.48 / kg,null,cupboard,carbs,2024-11-19
Sainsbury's Cream of Tomato Soup in a Cup x5 24g,95p,79p / 100g,null,cupboard,carbs,2024-11-19
Sainsbury's Free from Tagliatelle Pasta 250g,75p,£3.00 / kg,null,cupboard,carbs,2024-11-19
"Batchelors Cup a Soup, Tomato & Basil x4 104g",£1.50,£1.44 / 100g,£1.20,cupboard,carbs,2024-11-19
Naked Rice Long Grain Rice Japanese Katsu Curry 78g,£1.25,£16.03 / kg,75p,cupboard,carbs,2024-11-19
"Sainsbury's Arborio Risotto Rice, SO Organic 500g",£3.50,£7.00 / kg,null,cupboard,carbs,2024-11-19
Gallo My Risotto Perfetto Porcini Mushroom 175g,£2.85,£16.29 / kg,£2.00,cupboard,carbs,2024-11-19
Merchant Gourmet Mango Chilli Lime Wholegrain & White Microw...,£2.00,£8.00 / kg,null,cupboard,carbs,2024-11-19
Yutaka Soba Noodles 250g,£1.50,£6.00 / kg,£1.00,cupboard,carbs,2024-11-19
"Sainsbury's Mafalda Corta Pasta, Taste the Difference 500g",£2.00,£4.00 / kg,null,cupboard,carbs,2024-11-19
Sainsbury's Green Pea Fusilli Pasta 250g,£1.70,£6.80 / kg,null,cupboard,carbs,2024-11-19
Heinz Vegetable Cup Packet Soup x4 76g,£1.50,£1.97 / 100g,null,cupboard,carbs,2024-11-19
Barilla Lasagne Pasta 500g,£1.50,£3.00 / kg,null,cupboard,carbs,2024-11-19
Yutaka Udon Noodles 250g,£1.50,£6.00 / kg,£1.00,cupboard,carbs,2024-11-19
"Sainsbury's Conchiglioni Pasta, Taste the Difference 500g",£2.00,£4.00 / kg,null,cupboard,carbs,2024-11-19
Sainsbury's Wholegrain & Wild Rice 250g,75p,£3.00 / kg,null,cupboard,carbs,2024-11-19
itsu Udon Noodles 250g,£1.45,£5.72 / kg,null,cupboard,carbs,2024-11-19
Sainsbury's Italian Vermicelli Pasta 500g,75p,£1.50 / kg,null,cupboard,carbs,2024-11-19
Freee Gluten Free Organic Brown Rice Fusilli 500g,£2.90,£5.80 / kg,null,cupboard,carbs,2024-11-19
Nissin Cup Noodles 5 Spices Beef Flavour Instant Ramen Style...,£1.75,£27.34 / kg,£1.25,cupboard,carbs,2024-11-19
Naked Ultimate Noodles Korean Style Beef Flavour 90g,£1.50,£16.67 / kg,£1.00,cupboard,carbs,2024-11-19
"Batchelors Pasta 'n' Sauce, Cheese & Pancetta 110g",£1.00,£10.10 / kg,90p,cupboard,carbs,2024-11-19
Batchelors Pasta 'n' Sauce Cheese & Broccoli 65g,£1.00,£15.38 / kg,null,cupboard,carbs,2024-11-19
Ainsley Harriott Sweet & Spicy Caribbean Cup Soup 60g,£1.30,£2.17 / 100g,null,cupboard,carbs,2024-11-19
Batchelors Cup a Soup Oxtail Instant Sachets x4 78g,£1.50,£1.92 / 100g,null,cupboard,carbs,2024-11-19
"Sainsbury's Miso Paste, Inspired to Cook 100g",£1.80,£1.80 / 100g,null,cupboard,carbs,2024-11-19
Knorr Florida Spring Vegetable Dry Packet Soup 48g,£1.25,£2.84 / 100g,null,cupboard,carbs,2024-11-19
Napolina Macaroni 500g,£1.50,£3.00 / kg,null,cupboard,carbs,2024-11-19
Batchelors Big Super Noodles Pot Chicken Flavour 100g,£1.20,£12.00 / kg,null,cupboard,carbs,2024-11-19
Pot Pasta Bolognese Instant Hot Snack 73g,£1.40,£19.18 / kg,£1.00,cupboard,carbs,2024-11-19
De Cecco Conchiglie Rigate Pasta 500g,£2.00,£4.00 / kg,£1.35,cupboard,carbs,2024-11-19
Veetee The Rice Box Hom Mali Thai Jasmine Rice 500g,£2.00,£4.00 / kg,null,cupboard,carbs,2024-11-19
Batchelors Low Fat Super Noodles Chilli Chicken Flavour 81g,£1.00,£12.35 / kg,null,cupboard,carbs,2024-11-19
Naked Big Eat Japanese Style Katsu Curry Long Grain Rice 104...,£1.30,£12.50 / kg,null,cupboard,carbs,2024-11-19
Heinz Minestrone Cup Packet Soup 4x18g,£1.50,£2.08 / 100g,null,cupboard,carbs,2024-11-19
"Sainsbury's Cous Cous, SO Organic 500g",£1.90,£3.80 / kg,null,cupboard,carbs,2024-11-19
Merchant Gourmet Wholegrain Spelt 250g,£2.15,£8.60 / kg,null,cupboard,carbs,2024-11-19
"Sainsbury's Chunky Chicken, Leek & Bacon Soup 400g",£1.10,28p / 100g,null,cupboard,carbs,2024-11-19
Ainsley Harriott Wild Mushroom Cous Cous 100g,90p,£9.00 / kg,null,cupboard,carbs,2024-11-19
Idahoan Perfect Mash Bacon & Cheese Snack Pot 55g,£1.50,£27.27 / kg,£1.00,cupboard,carbs,2024-11-19
Batchelors Slim a Soup Minestrone with Croutons Sachets x4 6...,£1.50,£2.46 / 100g,null,cupboard,carbs,2024-11-19
Napolina Orzo 500g,£1.50,£3.00 / kg,null,cupboard,carbs,2024-11-19
itsu Classic Soy Big Bowl Noodles 101g,£2.50,£19.39 / kg,null,cupboard,carbs,2024-11-19
Salaam Basmati Rice 10kg,£17.00,£1.70 / kg,null,cupboard,carbs,2024-11-19
Idahoan Perfect Mash Bubble & Squeak Snack Pot 55g,£1.50,£27.27 / kg,£1.00,cupboard,carbs,2024-11-19
Batchelors Super Noodles Japanese Katsu Curry Flavour 90g,£1.00,£11.11 / kg,null,cupboard,carbs,2024-11-19
Merchant Gourmet Coconut Lime Wholegrain & White Microwave R...,£2.00,£8.00 / kg,null,cupboard,carbs,2024-11-19
"Batchelors Big Pasta 'n' Sauce, Chicken & Mushroom Flavour 8...",£1.20,£14.12 / kg,null,cupboard,carbs,2024-11-19
itsu Udon Noodles 150g,£1.00,£6.67 / kg,null,cupboard,carbs,2024-11-19
Laila Basmati Rice 5kg,£10.50,£2.10 / kg,null,cupboard,carbs,2024-11-19
Sainsbury's Bulgur Wheat & Quinoa 300g,£2.60,£8.67 / kg,null,cupboard,carbs,2024-11-19
Tilda Boil in Bag Fragrant Jasmine Rice 250g,£1.90,£7.60 / kg,null,cupboard,carbs,2024-11-19
Nissin Cup Noodles Chicken Teriyaki Instant Ramen Style Pot ...,£1.90,£27.14 / kg,£1.25,cupboard,carbs,2024-11-19
Nissin Soba Sukiyaki Beef Wok Style Instant Cup Noodles Pot ...,£1.70,£19.10 / kg,null,cupboard,carbs,2024-11-19
"Batchelors Super Noodles Pot, BBQ Beef 75g",£1.00,£13.33 / kg,null,cupboard,carbs,2024-11-19
itsu Ramen Ready Original Broth 86g,£1.50,£17.44 / kg,null,cupboard,carbs,2024-11-19
Nissin Soba Peking Duck Wok Style Instant Cup Noodles Pot 87...,£1.70,£19.54 / kg,null,cupboard,carbs,2024-11-19
Sainsbury's Be Good to Yourself Thai Style Chicken Cup Soup ...,95p,£1.27 / 100g,null,cupboard,carbs,2024-11-19
Vifon Golden Chicken Noodle Soup 70g,70p,£10.00 / kg,null,cupboard,carbs,2024-11-19
Itsu Sesame Chicken Broth For Noodles 1L,£4.50,45p / 100ml,null,cupboard,carbs,2024-11-19
Bare Naked Noodles 250g,£2.00,£8.00 / kg,null,cupboard,carbs,2024-11-19
"Sainsbury's Orecchiette, Taste the Difference 500g",£2.00,£4.00 / kg,null,cupboard,carbs,2024-11-19
Sainsbury's Buckwheat 500g,£2.50,£5.00 / kg,null,cupboard,carbs,2024-11-19
Pot Noodle Katsu Curry Instant Snack 100g,£1.40,£14.00 / kg,£1.00,cupboard,carbs,2024-11-19
itsu Spicy Ramen Rice Noodles 64g,£1.85,£22.92 / kg,£1.50,cupboard,carbs,2024-11-19
Merchant Gourmet SunBlush Tomato Basil Wholegrain & White Mi...,£2.00,£8.00 / kg,null,cupboard,carbs,2024-11-19
Maggi 3 Minute Instant Noodles Chicken Flavour 4x59g,£1.50,£6.36 / kg,null,cupboard,carbs,2024-11-19
Laila Basmati Rice 10kg,£19.00,£1.90 / kg,null,cupboard,carbs,2024-11-19
Sainsbury's Chicken Flavour Instant Noodles 90g,50p,£5.56 / kg,null,cupboard,carbs,2024-11-19
Kabuto Noodles Chilli Chicken Flavour Ramen 65g,£1.65,£25.38 / kg,£1.30,cupboard,carbs,2024-11-19
Naked Thai Style Green Curry Egg Noodles 78g,£1.20,£15.38 / kg,75p,cupboard,carbs,2024-11-19
Merchant Gourmet Zingy Korean Style Grains 250g,£2.15,£8.60 / kg,null,cupboard,carbs,2024-11-19
Tilda Microwave Hot Firecracker Basmati Rice 250g,£1.25,£5.00 / kg,null,cupboard,carbs,2024-11-19
Pot Noodle Thai Green Curry Instant Snack 117g,£1.40,£11.97 / kg,£1.00,cupboard,carbs,2024-11-19
Tilda Garlic & Herbs Rice 250g,£1.25,£5.00 / kg,null,cupboard,carbs,2024-11-19
Laila Brown Basmati Rice 2kg,£5.50,£2.75 / kg,null,cupboard,carbs,2024-11-19
"Batchelors Big Pasta 'n' Sauce, Cheese & Broccoli 85g",£1.20,£14.12 / kg,null,cupboard,carbs,2024-11-19
Batchelors Slim a Soup Creamy Vegetable Sachets x4 59g,£1.50,£2.54 / 100g,null,cupboard,carbs,2024-11-19
itsu Ramen Ready Spicy Broth 86g,£1.50,£17.44 / kg,null,cupboard,carbs,2024-11-19
Napolina Spaghetti Pasta 1kg,£2.25,£2.25 / kg,null,cupboard,carbs,2024-11-19
Sainsbury's Long Grain Rice 2kg,£2.35,£1.18 / kg,null,cupboard,carbs,2024-11-19
Naked Ultimate Noodles Japanese Style Chicken Flavour 90g,£1.50,£16.67 / kg,£1.00,cupboard,carbs,2024-11-19
Sainsbury's Boil In The Bag Brown Rice 4x125g,£1.15,£2.30 / kg,null,cupboard,carbs,2024-11-19
Batchelors American Buffalo Sauce Flavour Super Noodles 90g,£1.00,£11.11 / kg,null,cupboard,carbs,2024-11-19
Fullgreen Riced Cauliflower & Broccoli 200g,£2.00,£10.00 / kg,£1.50,cupboard,carbs,2024-11-19
Nissin Soba Classic Instant Wok Style Noodles Big Pot 113g,£2.30,£20.35 / kg,£1.75,cupboard,carbs,2024-11-19
Nongshim Kimchi Ramyun Cup Noodle Soup 75g,£1.20,£16.00 / kg,null,cupboard,carbs,2024-11-19
Batchelors Big Super Noodles Pot Curry Flavour 100g,£1.20,£12.00 / kg,null,cupboard,carbs,2024-11-19
"Sainsbury's Gigli, Taste the Difference 500g",£2.00,£4.00 / kg,null,cupboard,carbs,2024-11-19
Baxters Plant Based Sri Lankan Sweet Potato 380g,£2.20,58p / 100g,£1.00,cupboard,carbs,2024-11-19
Tiger Tiger Soba Japanese Style Wheat & Buckwheat Noodles 34...,£1.60,£4.71 / kg,null,cupboard,carbs,2024-11-19
"Batchelors Big Pasta 'n' Sauce, Mac & Cheese 85g",£1.00,£11.76 / kg,null,cupboard,carbs,2024-11-19
Bens Original Sticky Rice Microwave Rice 220g,£1.00,£4.55 / kg,null,cupboard,carbs,2024-11-19
Heinz Peppa Pig Pasta Shapes Snap Pots 4x190g,£3.25,£4.28 / kg,null,cupboard,carbs,2024-11-19
Batchelors Super Noodles Chinese Salt & Pepper Chicken Flavo...,£1.00,£13.33 / kg,null,cupboard,carbs,2024-11-19
Amoy Straight to Wok Thread Fine Noodles 2x150g,£2.15,£7.17 / kg,null,cupboard,carbs,2024-11-19
Mama Instant Whole Grain Rice Vermicelli 225g,£1.85,£8.22 / kg,null,cupboard,carbs,2024-11-19
I-Sushi Premium Sushi Rice 5kg,£13.25,£2.65 / kg,null,cupboard,carbs,2024-11-19
Nissin Soba Chilli Instant Wok Style Noodles Big Pot 115g,£2.30,£20.35 / kg,£1.75,cupboard,carbs,2024-11-19
Nongshim Soon Veggie Cup Noodle 67g,£1.20,£17.91 / kg,null,cupboard,carbs,2024-11-19
Sainsbury's High Fibre White Macaroni Pasta 500g,£1.35,£2.70 / kg,null,cupboard,carbs,2024-11-19
Tilda Wholegrain Pilau Rice 250g,£1.00,£4.00 / kg,null,cupboard,carbs,2024-11-19
Maggi Curry Flavour Instant Noodles 5x79g,£3.50,89p / 100g,null,cupboard,carbs,2024-11-19
Nissin Soba Teriyaki Instant Wok Style Noodles Big Pot 113g,£2.30,£20.35 / kg,£1.75,cupboard,carbs,2024-11-19
Veetee Japanese Togarashi Spicy Sticky Rice 280g,£1.40,£5.00 / kg,null,cupboard,carbs,2024-11-19
Mama Oriental Style Instant Noodles Shrimp Creamy Tom Yum Fl...,95p,£10.56 / kg,null,cupboard,carbs,2024-11-19
Clearspring Organic Instant Gluten Free Cous Cous 200g,£1.50,£7.50 / kg,null,cupboard,carbs,2024-11-19
Heinz Disney Frozen Pasta Shapes Snap Pots 4x190g,£3.25,£4.28 / kg,null,cupboard,carbs,2024-11-19
De Cecco Farfalle No 93 Pasta 500g,£2.00,£4.00 / kg,£1.35,cupboard,carbs,2024-11-19
Tilda Cajun Jambalaya Rice 250g,£1.25,£5.00 / kg,null,cupboard,carbs,2024-11-19
Batchelors Big Super Noodles Pot BBQ Beef Flavour 100g,£1.20,£12.00 / kg,null,cupboard,carbs,2024-11-19
Nissin Cup Noodles Seafood Japanese Style 75g,£1.75,£23.33 / kg,£1.25,cupboard,carbs,2024-11-19
Batchelors Super Noodles Curry Flavour 75g,£1.00,£13.33 / kg,null,cupboard,carbs,2024-11-19
Knorr Thick Vegetable Dry Packet Soup 75g,£1.25,£1.67 / 100g,null,cupboard,carbs,2024-11-19
Nissin Yakitori Chicken Big Wok Style Soba Cup Noodles 113g,£2.30,£20.35 / kg,£1.75,cupboard,carbs,2024-11-19
Nissin Cup Noodles Katsu Curry 67g,£1.75,£26.12 / kg,£1.25,cupboard,carbs,2024-11-19
Freee Gluten Free Organic Multigrain Penne 500g,£2.90,£5.80 / kg,null,cupboard,carbs,2024-11-19
Veetee Arroz Rojo Mexican Inspired Rice 250g,£1.40,£5.60 / kg,null,cupboard,carbs,2024-11-19
Sainsbury's BBQ Beef Flavour Instant Noodles 90g,50p,£5.56 / kg,null,cupboard,carbs,2024-11-19
Nissin Cup Noodles Spicy Hot Chilli 66g,£1.75,£26.52 / kg,£1.25,cupboard,carbs,2024-11-19
Sainsbury's Thai Black Rice 500g,£3.90,£7.80 / kg,null,cupboard,carbs,2024-11-19
Want Want Seaweed Rice Crackers 10x160g,£3.30,£2.06 / 100g,null,cupboard,carbs,2024-11-19
Goong Instant Soup Curry 65g,62p,95p / 100g,45p,cupboard,carbs,2024-11-19
"Sainsbury's Free From Casarecce, Taste the Difference 500g",£2.00,£4.00 / kg,£1.50,cupboard,carbs,2024-11-19
Tilda Wholegrain Basmati Rice 500g,£2.90,£5.80 / kg,null,cupboard,carbs,2024-11-19
Sainsbury's Italian Carnaroli Rice 500g,£3.15,£6.30 / kg,null,cupboard,carbs,2024-11-19
Tilda Butter & Sea Salt Rice 2x125g,£1.50,£6.00 / kg,null,cupboard,carbs,2024-11-19
Blue Dragon Medium Wok Ready Noodles 300g,£1.75,£5.83 / kg,null,cupboard,carbs,2024-11-19
Pot Noodle Lost The Pot Noodle Champion Chicken 85g,50p,£5.88 / kg,null,cupboard,carbs,2024-11-19
Tilda Mexican Style Rice 2x125g,£1.50,£6.00 / kg,null,cupboard,carbs,2024-11-19
Lubella Little Squares Pasta 250g,£1.00,40p / 100g,null,cupboard,carbs,2024-11-19
Ko-Lee Go Noodles Roast Chicken Flavour 65g,£1.00,£15.38 / kg,75p,cupboard,carbs,2024-11-19
"Sainsbury's Free From Linguine, Taste the Difference 400g",£2.00,£5.00 / kg,£1.50,cupboard,carbs,2024-11-19
itsu Katsu Rice Noodle Pot 63g,£1.85,£29.37 / kg,£1.50,cupboard,carbs,2024-11-19
Trophy Indian Basmati Rice 5kg,£11.50,£2.30 / kg,null,cupboard,carbs,2024-11-19
"Tilda Saag Aloo Rice, Limited Edition 250g",£1.25,£5.00 / kg,null,cupboard,carbs,2024-11-19
Tilda Boil in Bag Easy Cook Long Grain Rice 250g,£1.90,£7.60 / kg,null,cupboard,carbs,2024-11-19
Kabuto Noodles Katsu Curry 65g,£1.65,£25.38 / kg,£1.30,cupboard,carbs,2024-11-19
Naked Ultimate Malaysian Style Chicken Laksa Flavour Ramen 8...,£1.50,£18.75 / kg,£1.00,cupboard,carbs,2024-11-19
Pot Noodle Lost The Pot Noodle Smokin BBQ 85g,50p,£5.88 / kg,null,cupboard,carbs,2024-11-19
Mama Oriental Style Instant Noodles Hot & Spicy Flavour 90g,95p,£10.56 / kg,null,cupboard,carbs,2024-11-19
"Batchelors Super Noodles, Chicken & Mushroom 90g",£1.00,£11.11 / kg,null,cupboard,carbs,2024-11-19
itsu Crystal Noodles Sweet Soy Glaze 73g,£2.15,£29.45 / kg,null,cupboard,carbs,2024-11-19
Akash Gold Basmati Rice 2kg,£4.50,£2.25 / kg,null,cupboard,carbs,2024-11-19
Veetee The Rice Box Uruguayan Long Grain Rice 500g,£2.00,£4.00 / kg,null,cupboard,carbs,2024-11-19
Trophy Indian Basmati Rice 10kg,£20.00,£2.00 / kg,null,cupboard,carbs,2024-11-19
Veetee Super 6 Golden Veg Rice Medley 250g,£1.40,£5.60 / kg,null,cupboard,carbs,2024-11-19
Nissin Soba Yakitori Chicken Wok Style Stir Fry Noodles 110g,£1.20,£10.91 / kg,£1.00,cupboard,carbs,2024-11-19
Thai Dragon Pad Thai Rice Noodles 200g,£1.25,£6.25 / kg,null,cupboard,carbs,2024-11-19
itsu Crystal'Noodles Sesame Glaze 77g,£2.15,£27.92 / kg,null,cupboard,carbs,2024-11-19
Pot Noodle Chilli Chicken Instant Snack 100g,£1.40,£14.00 / kg,£1.00,cupboard,carbs,2024-11-19
Ben's Original Classic Long Grain 450g,£1.95,£4.33 / kg,null,cupboard,carbs,2024-11-19
Kohinoor Extra Long Basmati Rice 2kg,£6.00,£3.00 / kg,null,cupboard,carbs,2024-11-19
"Sainsbury's Fusilli Bucati Corti, Taste the Difference 500g",£2.00,£4.00 / kg,null,cupboard,carbs,2024-11-19
Blue Dragon Wok Ready Wide Noodles 300g,£1.75,£5.83 / kg,null,cupboard,carbs,2024-11-19
Tilda Long Grain Rice 2x125g,£1.50,£6.00 / kg,null,cupboard,carbs,2024-11-19
Pot Noodle Lost The Pot Noodle Chip Shop Curry 85g,50p,£5.88 / kg,null,cupboard,carbs,2024-11-19
Batchelors Chinese Salt & Pepper Chicken Flavour Super Noodl...,£1.00,£11.11 / kg,null,cupboard,carbs,2024-11-19
Trophy Pudding Rice 2kg,£5.75,£2.88 / kg,null,cupboard,carbs,2024-11-19
Tilda Pure Basmati Rice 10kg,£28.00,£2.80 / kg,null,cupboard,carbs,2024-11-19
"Batchelors Fiery Chilli & Lime Flavour Super Noodles, Limite...",£1.00,£13.33 / kg,null,cupboard,carbs,2024-11-19
Akash Gold Basmati Rice 10kg,£20.80,£2.08 / kg,null,cupboard,carbs,2024-11-19
Naked Ultimate Japanese Style Miso & Chilli Flavour Ramen 80...,£1.50,£18.75 / kg,£1.00,cupboard,carbs,2024-11-19
Kabuto Noodles Vegetable Laksa 65g,£1.65,£25.38 / kg,£1.30,cupboard,carbs,2024-11-19
Tilda Classics White & Wholegrain Basmati Rice Blend 250g,£1.00,£4.00 / kg,null,cupboard,carbs,2024-11-19
Ben's Original Classic Basmati 450g,£1.95,£4.33 / kg,null,cupboard,carbs,2024-11-19
Bare Naked Rice 250g,£2.00,£8.00 / kg,null,cupboard,carbs,2024-11-19
Veetee Steam Filtered West African Jollof Inspired Rice 250g,£1.40,£5.60 / kg,null,cupboard,carbs,2024-11-19
Ottogi Kimchi Ramen 120g,£1.20,£10.00 / kg,null,cupboard,carbs,2024-11-19
Kohinoor Extra Long Basmati Rice 10kg,£23.00,£2.30 / kg,null,cupboard,carbs,2024-11-19
Sainsbury's Spaghetti Pasta 3kg,£4.50,£1.50 / kg,null,cupboard,carbs,2024-11-19
Kabuto Noodles Singapore Noodles 65g,£1.65,£25.38 / kg,£1.30,cupboard,carbs,2024-11-19
Batchelors Pasta 'n' Sauce Spicy Tomato Pasta Pot 65g,£1.00,£15.38 / kg,null,cupboard,carbs,2024-11-19
Ottogi Jin Ramen Spicy Korean Style Instant Noodles 120g,£1.20,£10.00 / kg,null,cupboard,carbs,2024-11-19
Liberty Easy Cook Long Grain Rice 5kg,£8.50,£1.70 / kg,£7.00,cupboard,carbs,2024-11-19
ShuangRenHsu Chinese Noodles with Sesame & Peanut 352.5g,£5.00,£14.20 / kg,null,cupboard,carbs,2024-11-19
Gefen Israeli Couscous 250g,£1.10,1p / kg,null,cupboard,carbs,2024-11-19
Sainsbury's Vegetable Flavour Instant Noodles 90g,50p,£5.56 / kg,null,cupboard,carbs,2024-11-19
Shuang Renhsu Biang Biang Noodles with Mapo Sauce 283.5g,£5.00,£17.67 / kg,null,cupboard,carbs,2024-11-19
S&B Japanese Instant Tofu Miso Soup 3x10g,£2.50,£8.33 / 100g,null,cupboard,carbs,2024-11-19
Kabuto Noodles Original Stir in Sauce 90g,£2.15,£23.89 / kg,null,cupboard,carbs,2024-11-19
Kabuto Noodles Chilli Stir in Sauce 90g,£2.15,£23.89 / kg,null,cupboard,carbs,2024-11-19
Mama Kimchi Flavour Oriental Style Instant Noodles 90g,95p,£10.56 / kg,null,cupboard,carbs,2024-11-19
Village Pride Fragrant Rice 10kg,£16.50,£1.65 / kg,£14.00,cupboard,carbs,2024-11-19
Sainsbury's On the Go Salt & Vinegar Chickpeas 50g,£1.00,£2.00 / 100g,null,cupboard,carbs,2024-11-19
Nongshim Chapagetti Chajangmyun 140g,£1.00,£7.14 / kg,null,cupboard,carbs,2024-11-19
Tropical Sun Golden Sella Pure Basmati Rice 5kg,£12.50,£2.50 / kg,£12.00,cupboard,carbs,2024-11-19
Yutaka Akita Komachi Japanese Rice 10x150g,£16.00,£10.67 / kg,null,cupboard,carbs,2024-11-19
Want Want Crunchy Senbei Rice Crackers 155g,£3.80,£2.45 / 100g,null,cupboard,carbs,2024-11-19
Sun Hee Sesame Teriyaki Udon Noodle Bowl 240g,£2.20,£9.17 / kg,null,cupboard,carbs,2024-11-19
Osem Toasted Pasta Pearl Couscous 500g,£1.90,£3.80 / kg,null,cupboard,carbs,2024-11-19
Sun Hee Spicy Kung Pao Udon Noodle Bowl 240g,£2.20,£9.17 / kg,null,cupboard,carbs,2024-11-19
Sea Isle Prefluffed Rice 2kg,£6.00,£3.00 / kg,null,cupboard,carbs,2024-11-19
Telma Tomato Cup Soup with Croutons 2x31g,£1.25,£2.02 / 100g,null,cupboard,carbs,2024-11-19
Sun Hee Gochujang Udon Noodle Bowl 240g,£2.20,£9.17 / kg,null,cupboard,carbs,2024-11-19
Tuscanini Spaghetti Pasta 454g,£2.00,£4.41 / kg,null,cupboard,carbs,2024-11-19
Want Want Shelly Senbei Rice Crakers Strawberry Flavour 117g,£3.30,£2.82 / 100g,null,cupboard,carbs,2024-11-19
Sun Hee Ramen Noodles 200g,65p,£3.25 / kg,null,cupboard,carbs,2024-11-19
Sainsbury's Vegetable Oil 1L,£1.99,20p / 100ml,null,cupboard,sauce,2024-11-19
"Sainsbury's Olive Oil, Extra Virgin 1L",£8.40,84p / 100ml,null,cupboard,sauce,2024-11-19
JS Sunflower Oil 1L,£1.99,20p / 100ml,null,cupboard,sauce,2024-11-19
Sainsbury's Sage & Onion Stuffing Mix 170g,45p,£2.65 / kg,null,cupboard,sauce,2024-11-19
Sainsbury's Gravy Granules For Meat 170g,62p,36p / 100g,null,cupboard,sauce,2024-11-19
Knorr Stock Pot Chicken 8x28g,£2.50,£1.12 / 100g,null,cupboard,sauce,2024-11-19
Old El Paso Smoky BBQ Fajitas Seasoning Mix 35g,£1.25,£3.57 / 100g,null,cupboard,sauce,2024-11-19
Sainsbury's Sage & Onion Stuffing Mix 340g,90p,£2.65 / kg,null,cupboard,sauce,2024-11-19
Very Lazy Chopped Garlic 200g,£1.95,10p / 10g,null,cupboard,sauce,2024-11-19
Paxo Sage & Onion Stuffing Mix 170g,£2.40,£14.12 / kg,£2.00,cupboard,sauce,2024-11-19
Colman's Recipe Mix Chilli Con Carne 50g,90p,£1.80 / 100g,null,cupboard,sauce,2024-11-19
Bisto Gravy Granules 300g,£3.80,£1.27 / 100g,null,cupboard,sauce,2024-11-19
Sainsbury's Olive Oil 1L,£7.80,78p / 100ml,null,cupboard,sauce,2024-11-19
Merchant Gourmet Whole Chestnuts 180g,£2.55,£14.17 / kg,£2.00,cupboard,sauce,2024-11-19
Sainsbury's Garlic Granules 58g,£1.10,19p / 10g,null,cupboard,sauce,2024-11-19
Sainsbury's Chicken Gravy Granules 170g,62p,36p / 100g,null,cupboard,sauce,2024-11-19
Saxa Table Salt 750g,£1.70,£2.27 / kg,null,cupboard,sauce,2024-11-19
Bisto Gravy Granules 190g,£2.80,£1.47 / 100g,£2.00,cupboard,sauce,2024-11-19
Sainsbury's Goose Fat 320g,£4.30,£1.34 / 100g,£3.20,cupboard,sauce,2024-11-19
Knorr Stock Pot Vegetable 8x28g,£2.50,£1.12 / 100g,null,cupboard,sauce,2024-11-19
Sainsbury's Ground Cinnamon 38g,£1.10,29p / 10g,null,cupboard,sauce,2024-11-19
"Sainsbury's Stock Cubes, Chicken 10x10g",£1.00,£1.00 / 100g,null,cupboard,sauce,2024-11-19
"Sainsbury's Panko Breadcrumbs, Inspired to Cook 100g",£1.30,£13.00 / kg,null,cupboard,sauce,2024-11-19
Sainsbury's Smoked Paprika 44g,£1.10,25p / 10g,null,cupboard,sauce,2024-11-19
Bisto Reduced Salt Gravy Granules 190g,£2.80,£1.47 / 100g,£2.00,cupboard,sauce,2024-11-19
"Sainsbury's Pork, Fresh Sage & Onion Stuffing Balls, Taste t...",£3.00,83p / 100g,null,cupboard,sauce,2024-11-19
"Sainsbury's Stock Cubes, Vegetable 10x10g",£1.00,£1.00 / 100g,null,cupboard,sauce,2024-11-19
Oxo Beef Stock Cubes x24 142g,£3.00,£2.11 / 100g,null,cupboard,sauce,2024-11-19
Mutti Double Concentrate Tomato Puree 130g,£1.50,£11.54 / kg,null,cupboard,sauce,2024-11-19
Maldon Sea Salt Flakes 250g,£2.70,£10.80 / kg,null,cupboard,sauce,2024-11-19
Sainsbury's Paprika 44g,£1.10,25p / 10g,null,cupboard,sauce,2024-11-19
Bisto Best Beef Gravy Granules 390g,£4.80,£1.23 / 100g,£4.00,cupboard,sauce,2024-11-19
"Filippo Berio Olive Oil, Extra Virgin 500ml",£9.95,£1.99 / 100ml,null,cupboard,sauce,2024-11-19
Sainsbury's Sun Dried Tomato Paste 190g,£1.55,82p / 100g,null,cupboard,sauce,2024-11-19
Paxo Sage & Onion Stuffing Mix 85g,£1.35,£15.88 / kg,null,cupboard,sauce,2024-11-19
Lea & Perrins Worcester Sauce 150ml,£1.70,£1.13 / 100ml,£1.50,cupboard,sauce,2024-11-19
Sainsbury's Mixed Herbs 14g,£1.10,79p / 10g,null,cupboard,sauce,2024-11-19
Sainsbury's Thyme 12g,£1.10,92p / 10g,null,cupboard,sauce,2024-11-19
Bisto Reduced Salt Gravy Granules 300g,£3.80,£1.27 / 100g,null,cupboard,sauce,2024-11-19
"Sainsbury's Olive Oil, Extra Virgin 250ml",£3.60,£1.44 / 100ml,null,cupboard,sauce,2024-11-19
Sainsbury's Ground Cumin 43g,£1.10,26p / 10g,null,cupboard,sauce,2024-11-19
Mazola Pure Rapeseed Oil 1L,£3.75,38p / 100ml,null,cupboard,sauce,2024-11-19
Knorr Stock Pot Rich Beef 8x28g,£2.50,£1.12 / 100g,null,cupboard,sauce,2024-11-19
Old El Paso Taco Seasoning Mix Garlic & Paprika 25g,£1.25,£5.00 / 100g,null,cupboard,sauce,2024-11-19
Bisto The Original Gravy Powder 200g,£2.60,£1.30 / 100g,null,cupboard,sauce,2024-11-19
"Sainsbury's Tahini, Inspired to Cook 300g",£2.90,10p / 10g,null,cupboard,sauce,2024-11-19
"Sainsbury's Olive Oil, Extra Virgin, SO Organic 500ml",£7.00,£1.40 / 100ml,null,cupboard,sauce,2024-11-19
Sainsbury's Italian Herb Seasoning 14g,£1.10,79p / 10g,null,cupboard,sauce,2024-11-19
Sainsbury's Rosemary 22g,£1.10,50p / 10g,null,cupboard,sauce,2024-11-19
Sainsbury's Bay Leaves 3g,£1.10,£3.67 / 10g,null,cupboard,sauce,2024-11-19
Sainsbury's Oregano 12g,£1.10,92p / 10g,null,cupboard,sauce,2024-11-19
Sainsbury’s Sunflower & Extra Virgin Olive Oil 500ml,£2.00,40p / 100ml,null,cupboard,sauce,2024-11-19
KTC Pressed Toasted Pure Sesame Oil 250ml,£2.20,88p / 100ml,null,cupboard,sauce,2024-11-19
Sainsbury's Basil 15g,£1.10,73p / 10g,null,cupboard,sauce,2024-11-19
Sainsbury's Onion Granules 58g,£1.10,19p / 10g,null,cupboard,sauce,2024-11-19
Paxo Sage & Onion Stuffing Mix 340g,£3.35,£9.85 / kg,null,cupboard,sauce,2024-11-19
Sainsbury's Smoked Paprika 98g,£1.90,19p / 10g,null,cupboard,sauce,2024-11-19
Kallo Organic Chicken Stock Cubes 8x11g,£1.90,£2.16 / 100g,null,cupboard,sauce,2024-11-19
Sainsbury's Ground Ginger 38g,£1.10,29p / 10g,null,cupboard,sauce,2024-11-19
Sainsbury's Ground Mixed Spice 34g,£1.10,32p / 10g,null,cupboard,sauce,2024-11-19
Oxo Beef Stock Cubes x12 71g,£2.40,£3.38 / 100g,£2.00,cupboard,sauce,2024-11-19
"Sainsbury's Garlic Paste, Inspired to Cook 85g",£1.60,£1.88 / 100g,null,cupboard,sauce,2024-11-19
Sainsbury's Cinnamon Sticks 13g,£1.10,85p / 10g,null,cupboard,sauce,2024-11-19
Atora the Original Shredded Beef Suet 200g,£2.70,£13.50 / kg,null,cupboard,sauce,2024-11-19
"Sainsbury's Olive Oil, Extra Virgin 2L",£16.10,81p / 100ml,null,cupboard,sauce,2024-11-19
"Sainsbury's Turkey Gravy Granules, Taste the Difference 200g",£1.90,95p / 100g,null,cupboard,sauce,2024-11-19
Marigold Swiss Vegetable Bouillon 150g,£2.30,£1.53 / 100g,null,cupboard,sauce,2024-11-19
Kallo Very Low Salt Vegetable Stock Cubes 6x10g,£1.40,£2.33 / 100g,£1.00,cupboard,sauce,2024-11-19
Sainsbury's Parsley 6g,£1.10,£1.83 / 10g,null,cupboard,sauce,2024-11-19
Bisto Chicken Gravy Granules 190g,£2.80,£1.47 / 100g,£2.00,cupboard,sauce,2024-11-19
Sainsbury's Gravy Granules 500g,£1.85,37p / 100g,null,cupboard,sauce,2024-11-19
Sainsbury's Olive Oil 500ml,£5.75,£1.15 / 100ml,null,cupboard,sauce,2024-11-19
Bisto Chicken Gravy Granules 300g,£3.80,£1.27 / 100g,null,cupboard,sauce,2024-11-19
Bisto Best Chicken Gravy Granules 390g,£4.80,£1.23 / 100g,£4.00,cupboard,sauce,2024-11-19
Sainsbury's Garam Masala 38g,£1.10,29p / 10g,null,cupboard,sauce,2024-11-19
Sainsbury's Crushed Chillies 32g,£1.10,29p / 10g,null,cupboard,sauce,2024-11-19
Sainsbury's Ground Coriander 36g,£1.10,31p / 10g,null,cupboard,sauce,2024-11-19
Sainsbury's Coarse Sea Salt 350g,£1.65,£4.71 / kg,null,cupboard,sauce,2024-11-19
Napolina Extra Virgin Olive Oil 500ml,£7.95,£1.59 / 100ml,null,cupboard,sauce,2024-11-19
"Sainsbury's Spicy Chipotle Chilli Paste, Inspired to Cook 90...",£1.70,19p / 10g,null,cupboard,sauce,2024-11-19
Sainsbury's Vegetable Gravy Granules 170g,62p,36p / 100g,null,cupboard,sauce,2024-11-19
Colman's Chicken Casserole Recipe Mix 40g,90p,£2.25 / 100g,null,cupboard,sauce,2024-11-19
"Sainsbury's Cooking Salt, Polybag 1.5kg",£1.90,£1.27 / kg,null,cupboard,sauce,2024-11-19
"Sainsbury's Cajun Seasoning, Inspired to Cook 50g",£1.25,25p / 10g,null,cupboard,sauce,2024-11-19
Saxa Table Salt Drum 750g,£1.65,£2.20 / kg,null,cupboard,sauce,2024-11-19
Atora Shredded Vegetable Suet 200g,£2.70,£13.50 / kg,null,cupboard,sauce,2024-11-19
Sainsbury's Turmeric 48g,£1.10,23p / 10g,null,cupboard,sauce,2024-11-19
Sainsbury's Vegetable Oil 3L,£5.97,20p / 100ml,null,cupboard,sauce,2024-11-19
"Sainsbury's Chicken Gravy, Taste the Difference 450g (Serves...",£3.25,72p / 100g,null,cupboard,sauce,2024-11-19
"Sainsbury's Dumpling Mix, Inspired to Cook 142g",80p,£5.63 / kg,null,cupboard,sauce,2024-11-19
"Sainsbury's Beef Gravy Granules, Taste the Difference 200g",£1.90,95p / 100g,£1.75,cupboard,sauce,2024-11-19
Sainsbury's Whole Black Peppercorns 100g,£2.50,25p / 10g,null,cupboard,sauce,2024-11-19
Sainsbury's Mincemeat 822g,£3.00,£3.65 / kg,null,cupboard,sauce,2024-11-19
Sainsbury's Coarse Ground Black Pepper 45g,£1.35,30p / 10g,null,cupboard,sauce,2024-11-19
Filippo Berio Extra Virgin Olive Oil 1L,£15.60,£1.56 / 100ml,null,cupboard,sauce,2024-11-19
Sainsbury's Organic Virgin Coconut Oil 300ml,£3.35,£1.12 / 100ml,null,cupboard,sauce,2024-11-19
Knorr Stock Cubes Chicken 8x10g,£2.00,£2.50 / 100g,null,cupboard,sauce,2024-11-19
Bovril Beef Paste & Yeast Extract Spread & Hot Drink 250g,£4.40,£1.76 / 100g,null,cupboard,sauce,2024-11-19
"Sainsbury's Fajita Seasoning, Inspired to Cook 48g",£1.25,26p / 10g,null,cupboard,sauce,2024-11-19
Cornish Sea Salt Co Original Sea Salt 225g,£2.40,£10.67 / kg,null,cupboard,sauce,2024-11-19
Colman's Recipe Mix Spaghetti Bolognese 44g,90p,£2.05 / 100g,null,cupboard,sauce,2024-11-19
Sainsbury's Golden Breadcrumbs 230g,£1.60,£6.96 / kg,null,cupboard,sauce,2024-11-19
Frylight 1 Cal Olive Oil Cooking Spray 190ml,£2.75,£1.45 / 100ml,£2.00,cupboard,sauce,2024-11-19
Flora Pure Sunflower Oil with Vitamin E 1L,£3.25,33p / 100ml,null,cupboard,sauce,2024-11-19
"Sainsbury's Mild Curry Powder, Inspired to Cook 79g",£1.25,16p / 10g,null,cupboard,sauce,2024-11-19
"Sainsbury's Medium Curry Powder, Inspired to Cook 80g",£1.25,16p / 10g,null,cupboard,sauce,2024-11-19
Oxo Red Wine Stock Pots x4 20g,£1.85,£2.31 / 100g,null,cupboard,sauce,2024-11-19
Nando's Peri Peri Rub Medium 25g,£1.15,£4.60 / 100g,£1.00,cupboard,sauce,2024-11-19
Crisp 'N' Dry Vegetable Oil 1L,£2.75,28p / 100ml,£1.85,cupboard,sauce,2024-11-19
"Sainsbury's Ginger Paste, Inspired to Cook 80g",£1.60,£2.00 / 100g,null,cupboard,sauce,2024-11-19
Kallo Very Low Salt Chicken Stock Cubes 6x8g,£1.40,£2.92 / 100g,£1.00,cupboard,sauce,2024-11-19
Colman's Recipe Mix Shepherd's Pie 50g,90p,£1.80 / 100g,null,cupboard,sauce,2024-11-19
Sainsbury's Sage & Onion Stuffing Mix 85g,40p,£4.71 / kg,null,cupboard,sauce,2024-11-19
Old El Paso Mild Chilli Seasoning Mix 39g,£1.25,£3.21 / 100g,null,cupboard,sauce,2024-11-19
"Sainsbury's Stock Cubes, Beef 10x10g",£1.00,£1.00 / 100g,null,cupboard,sauce,2024-11-19
Sainsbury's Mild Chilli Powder 44g,£1.10,25p / 10g,null,cupboard,sauce,2024-11-19
Sainsbury's Ground Nutmeg 50g,£1.10,22p / 10g,null,cupboard,sauce,2024-11-19
Sainsbury's Natural Fine Breadcrumbs 230g,£1.60,£6.96 / kg,null,cupboard,sauce,2024-11-19
Sainsbury's Cayenne Pepper 42g,£1.10,26p / 10g,null,cupboard,sauce,2024-11-19
"Sainsbury's Sage Roast Onion & Shallot Stuffing, Taste the D...",£2.00,£18.18 / kg,£1.75,cupboard,sauce,2024-11-19
Yutaka Panko Breadcrumbs 180g,£2.50,£1.39 / 100g,£2.00,cupboard,sauce,2024-11-19
Merchant Gourmet Porcini Mushrooms 30g,£3.75,£1.25 / 10g,null,cupboard,sauce,2024-11-19
Blue Dragon Creamed Coconut Block 200g,£1.70,85p / 100g,null,cupboard,sauce,2024-11-19
Blue Dragon Thai Red Curry Paste Pot 50g,£1.20,£2.40 / 100g,null,cupboard,sauce,2024-11-19
Stamford Street Co. Oregano 18g,96p,53p / 10g,null,cupboard,sauce,2024-11-19
Blue Dragon Thai Green Curry Paste Pot 50g,£1.20,£2.40 / 100g,null,cupboard,sauce,2024-11-19
Sainsbury's Sage 13g,£1.10,92p / 10g,null,cupboard,sauce,2024-11-19
Borderfields British Cold Pressed Rapeseed Oil 500ml,£3.60,72p / 100ml,null,cupboard,sauce,2024-11-19
Knorr Chicken Stock Cubes 20x10g,£2.50,£1.25 / 100g,null,cupboard,sauce,2024-11-19
"Sainsbury's Garlic Flavoured Olive Oil, Inspired to Cook 250...",£3.50,£1.40 / 100ml,null,cupboard,sauce,2024-11-19
"Sainsbury's Olive Oil, Extra Virgin 500ml",£6.50,£1.30 / 100ml,null,cupboard,sauce,2024-11-19
Knorr Stock Pot Chicken 4x28g,£1.90,£1.70 / 100g,£1.25,cupboard,sauce,2024-11-19
itsu Miso Easy Traditional Soup 5x21g,£2.00,£1.90 / 100g,null,cupboard,sauce,2024-11-19
Knorr Stock Pot Beef 8x28g,£2.50,£1.12 / 100g,null,cupboard,sauce,2024-11-19
Colman's Bread Sauce Mix 40g,90p,£2.25 / 100g,60p,cupboard,sauce,2024-11-19
Sainsbury's Free From Beef Gravy Granules 170g,£1.50,88p / 100g,null,cupboard,sauce,2024-11-19
Filippo Berio Olive Oil 500ml,£9.95,£1.99 / 100ml,null,cupboard,sauce,2024-11-19
Sainsbury's Chinese 5 Spice,£1.10,33p / 10g,null,cupboard,sauce,2024-11-19
"Sainsbury's Sesame Oil, Toasted 250ml",£2.50,£1.00 / 100ml,null,cupboard,sauce,2024-11-19
Sainsbury's Black Peppercorns 275g,£4.70,17p / 10g,null,cupboard,sauce,2024-11-19
Stamford Street Co. Garlic Granules 70g,87p,12p / 10g,null,cupboard,sauce,2024-11-19
Miso Tasty White Miso Light Soybean Paste 200g,£2.90,£1.45 / 100g,null,cupboard,sauce,2024-11-19
Sainsbury's Black Peppercorns 45g,£1.25,28p / 10g,null,cupboard,sauce,2024-11-19
Goldenfry Original Farmhouse Dumpling Mix 142g,£1.20,£8.45 / kg,null,cupboard,sauce,2024-11-19
"Sainsbury's Chicken Gravy Granules, Taste the Difference 200...",£1.90,95p / 100g,£1.75,cupboard,sauce,2024-11-19
Very Lazy Chopped Ginger 190g,£1.95,10p / 10g,null,cupboard,sauce,2024-11-19
Colman's Recipe Mix Sausage Casserole 39g,90p,£2.31 / 100g,null,cupboard,sauce,2024-11-19
Sainsbury's Mincemeat 411g,£1.85,£4.50 / kg,null,cupboard,sauce,2024-11-19
"Yutaka Organic Tamari Soy Sauce, Gluten Free 150ml",£2.35,£1.57 / 100ml,£1.85,cupboard,sauce,2024-11-19
Oxo Chicken with Bay and Parsley Stock Pots x4 80g,£1.85,£2.31 / 100g,null,cupboard,sauce,2024-11-19
Sainsbury's Cumin Seed 38g,£1.10,29p / 10g,null,cupboard,sauce,2024-11-19
Oxo Reduced Salt Chicken Stock Cubes x12 71g,£2.40,£3.38 / 100g,£2.00,cupboard,sauce,2024-11-19
Sainsbury's Hot Chilli Powder 44g,£1.10,25p / 10g,null,cupboard,sauce,2024-11-19
Potts' Chicken Stock 500ml,£2.20,44p / 100g,null,cupboard,sauce,2024-11-19
Knorr Vegetable Stock Cubes 20x10g,£2.50,£1.25 / 100g,null,cupboard,sauce,2024-11-19
Bisto Onion Gravy Granules 190g,£2.80,£1.47 / 100g,£2.00,cupboard,sauce,2024-11-19
Sainsbury's Rock Salt Grinder 100g,£2.50,£25.00 / kg,null,cupboard,sauce,2024-11-19
Karyatis Greek Extra Virgin Olive Oil 1L,£12.90,£1.29 / 100ml,null,cupboard,sauce,2024-11-19
Crisp 'N' Dry Vegetable Oil 2L,£4.95,25p / 100ml,null,cupboard,sauce,2024-11-19
Colman's Sauce Mix Cheddar Cheese 40g,90p,£2.25 / 100g,60p,cupboard,sauce,2024-11-19
Knorr Stock Cubes Vegetable 8x10g,£2.00,£2.50 / 100g,null,cupboard,sauce,2024-11-19
Sainsbury's Olive Oil 250ml,£3.30,£1.32 / 100ml,null,cupboard,sauce,2024-11-19
Cofresh Bombay Mix 325g,£1.30,40p / 100g,null,cupboard,sauce,2024-11-19
Sainsbury's Ground Sweet Cinnamon 33g,£1.10,29p / 10g,null,cupboard,sauce,2024-11-19
Sainsbury's Sesame Seeds 50g,£1.10,22p / 10g,null,cupboard,sauce,2024-11-19
Knorr Aromat Seasoning 90g,£1.90,21p / 10g,null,cupboard,sauce,2024-11-19
Filippo Berio Mild & Light Olive Oil 500ml,£9.95,£1.99 / 100ml,null,cupboard,sauce,2024-11-19
"Sainsbury's Chicken Stock, Inspired to Cook 500ml",£2.40,48p / 100ml,null,cupboard,sauce,2024-11-19
Mr. Crumb Sage & Onion Stuffing Tray 225g,£2.50,£11.11 / kg,null,cupboard,sauce,2024-11-19
Maggi Liquid Seasoning 101ml,£1.40,£1.40 / 100ml,null,cupboard,sauce,2024-11-19
Marigold Health Foods Engevita B12 Nutritional Yeast Flakes ...,£3.90,£39.00 / kg,null,cupboard,sauce,2024-11-19
Colman's Recipe Mix Beef Casserole 40g,90p,£2.25 / 100g,null,cupboard,sauce,2024-11-19
Sainsbury's Chipotle Chilli Flakes 45g,£1.25,28p / 10g,null,cupboard,sauce,2024-11-19
"Sainsbury's Chicken Seasoning, Inspired to Cook 55g",£1.25,23p / 10g,null,cupboard,sauce,2024-11-19
Bisto Best Beef Gravy Granules 230g,£3.80,£1.65 / 100g,£3.00,cupboard,sauce,2024-11-19
Oxo Reduced Salt Beef Stock Cubes x12 71g,£2.40,£3.38 / 100g,£2.00,cupboard,sauce,2024-11-19
Maggi So Juicy Sweet & Sticky BBQ Chicken Herbs & Spices Rec...,75p,£1.83 / 100g,null,cupboard,sauce,2024-11-19
Knorr Stock Cubes Beef 8x10g,£2.00,£2.50 / 100g,null,cupboard,sauce,2024-11-19
Sainsbury's Olive Oil Cooking Spray 190ml,£1.75,92p / 100ml,null,cupboard,sauce,2024-11-19
Sainsbury's Chives 5g,£1.10,£2.20 / 10g,null,cupboard,sauce,2024-11-19
"Sainsbury's Matured Mincemeat with Brandy, Taste the Differe...",£2.50,£6.08 / kg,null,cupboard,sauce,2024-11-19
"Sainsbury's Roasted Chestnut, Toasted Hazelnut & Thyme Stuff...",£2.00,£18.18 / kg,£1.75,cupboard,sauce,2024-11-19
Sainsbury's Ground Cumin 100g,£1.90,19p / 10g,null,cupboard,sauce,2024-11-19
"Sainsbury's Beef & Red Wine Gravy, Taste the Difference 450g...",£3.25,72p / 100g,null,cupboard,sauce,2024-11-19
Colman's Original English Squeezy Mustard 150g,£1.90,£1.27 / 100g,null,cupboard,sauce,2024-11-19
"Sainsbury's Cranberry Orange & Chestnut Stuffing, Taste the ...",£2.00,£18.18 / kg,£1.75,cupboard,sauce,2024-11-19
"Sainsbury's Chicken Gravy Pouch, Taste the Difference 350g",£2.40,69p / 100g,£2.00,cupboard,sauce,2024-11-19
"Sainsbury's Roast Potato Seasoning, Inspired to Cook 62g",£1.25,20p / 10g,null,cupboard,sauce,2024-11-19
Sainsbury's Mixed Herbs 85g,£3.15,37p / 10g,null,cupboard,sauce,2024-11-19
Sainsbury's Pure Sunflower Oil 5L,£8.50,17p / 100ml,null,cupboard,sauce,2024-11-19
Paxo Gluten Free Sage & Onion Stuffing Mix 150g,£3.00,£20.00 / kg,£2.50,cupboard,sauce,2024-11-19
Karyatis Greek Extra Virgin Olive Oil 500ml,£7.50,£1.50 / 100ml,£6.00,cupboard,sauce,2024-11-19
Oxo Original Beef Stock Pots x4 80g,£1.85,£2.31 / 100g,null,cupboard,sauce,2024-11-19
Goldenfry Original Beef Gravy Granules 300g,£1.20,40p / 100g,null,cupboard,sauce,2024-11-19
Blue Dragon Fish Sauce 150ml,£1.75,£1.17 / 100ml,null,cupboard,sauce,2024-11-19
Tidman's Rock Salt 500g,£1.90,£3.80 / kg,null,cupboard,sauce,2024-11-19
Oxo Vegetable Stock Cubes x12 71g,£2.40,£3.38 / 100g,£2.00,cupboard,sauce,2024-11-19
Malay Taste Kicap Manis 150g,£2.00,£1.33 / 100g,null,cupboard,sauce,2024-11-19
Maggi So Juicy Aromatic & Zesty Garlic Chicken Herbs & Spice...,75p,£2.50 / 100g,null,cupboard,sauce,2024-11-19
"Sainsbury's Batter Mix, Inspired to Cook 255g",85p,£3.33 / kg,null,cupboard,sauce,2024-11-19
Frylight 1 Cal Golden Sunflower Oil Cooking Spray 190ml,£2.75,£1.45 / 100ml,£2.00,cupboard,sauce,2024-11-19
Knorr Stock Cubes Lamb 8x10g,£2.00,£2.50 / 100g,null,cupboard,sauce,2024-11-19
"Sainsbury's Pizza Base Mix, Inspired to Cook 145g",90p,£6.21 / kg,null,cupboard,sauce,2024-11-19
Bisto Gravy Granules 450g,£4.50,£1.00 / 100g,null,cupboard,sauce,2024-11-19
Knorr Stock Pot Vegetable 4x28g,£1.90,£1.70 / 100g,£1.25,cupboard,sauce,2024-11-19
Yutaka Sushi Rice 500g,£2.20,£4.40 / kg,£1.70,cupboard,sauce,2024-11-19
Lucy Bee Fair Trade Extra Virgin Organic Raw Coconut Oil 500...,£6.00,£1.20 / 100ml,null,cupboard,sauce,2024-11-19
Colman's Parsley Sauce Mix 20g,90p,£4.50 / 100g,60p,cupboard,sauce,2024-11-19
Sainsbury's Fennel Seed 34g,£1.10,32p / 10g,null,cupboard,sauce,2024-11-19
Oxo Chicken Stock Cubes x24 142g,£3.00,£2.11 / 100g,null,cupboard,sauce,2024-11-19
Sainsbury's Olive Oil 2L,£15.40,77p / 100ml,null,cupboard,sauce,2024-11-19
Cornish Sea Salt Co Sea Salt & Luxury Pepper Ingenious Seaso...,£2.00,£33.33 / kg,null,cupboard,sauce,2024-11-19
Knorr Lamb Stock Pot 4x28g,£1.90,£1.70 / 100g,£1.25,cupboard,sauce,2024-11-19
"Sainsbury's Rice Vinegar, Inspired to Cook 150ml",£2.15,£14.33 / ltr,null,cupboard,sauce,2024-11-19
Bisto Best Chicken Gravy Granules 230g,£3.80,£1.65 / 100g,£3.00,cupboard,sauce,2024-11-19
Bisto Vegetable Gravy Granules 190g,£2.80,£1.47 / 100g,£2.00,cupboard,sauce,2024-11-19
Sainsbury's Black Peppercorn Grinder 50g,£2.70,54p / 10g,null,cupboard,sauce,2024-11-19
Belazu Rose Harissa 170g,£4.50,26p / 10g,null,cupboard,sauce,2024-11-19
McDougalls Instant Thickening Granules 170g,£1.00,£5.88 / kg,null,cupboard,sauce,2024-11-19
"Sainsbury's Olive Oil, Light In Colour 1L",£7.80,78p / 100ml,null,cupboard,sauce,2024-11-19
Stamford Street Co. Ground Cinnamon 38g,71p,19p / 10g,null,cupboard,sauce,2024-11-19
Sainsbury's Ground Turmeric 120g,£1.90,16p / 10g,null,cupboard,sauce,2024-11-19
Colman's Tuna Pasta Bake Recipe Mix 44g,90p,£2.05 / 100g,null,cupboard,sauce,2024-11-19
Yutaka Sushi Nori Roasted Seaweed Sheets x5 11g,£2.00,£18.18 / 100g,null,cupboard,sauce,2024-11-19
Stamford Street Co. Paprika 40g,69p,17p / 10g,null,cupboard,sauce,2024-11-19
"Sainsbury's Beef Gravy, Reduced Salt 170g",62p,36p / 100g,null,cupboard,sauce,2024-11-19
Sainsbury's Whole Cloves 30g,£1.10,37p / 10g,null,cupboard,sauce,2024-11-19
Sainsbury's Rock Salt 350g,£1.25,£3.57 / kg,null,cupboard,sauce,2024-11-19
"Sainsbury's Beef Stock, Inspired to Cook 500ml",£2.40,48p / 100ml,null,cupboard,sauce,2024-11-19
Colman's Original English Mustard Powder 57g,£2.30,£4.04 / 100g,null,cupboard,sauce,2024-11-19
Sainsbury's Cardamom Pods 28g,£1.40,50p / 10g,null,cupboard,sauce,2024-11-19
Stamford Street Co. Ground Black Pepper 55g,79p,14p / 10g,null,cupboard,sauce,2024-11-19
Kallo Organic Beef Stock Cubes 8x11g,£1.90,£2.16 / 100g,null,cupboard,sauce,2024-11-19
Al'Fez Middle Eastern Apricot & Coriander Sauce 450g,£2.65,59p / 100g,null,cupboard,sauce,2024-11-19
Yutaka Japanese-Style Katsu Curry 100g,£2.40,£2.40 / 100g,£1.90,cupboard,sauce,2024-11-19
"Sainsbury's Chilli Flavoured Olive Oil, Inspired to Cook 250...",£3.50,£1.40 / 100ml,null,cupboard,sauce,2024-11-19
"Oxo Stock Cubes, Chicken x12 71g",£2.40,£3.38 / 100g,£2.00,cupboard,sauce,2024-11-19
Maggi So Juicy Sizzling & Spicy Piri Piri Chicken Herbs & Sp...,75p,£2.78 / 100g,null,cupboard,sauce,2024-11-19
Bisto Gluten Free Gravy Granules 175g,£4.00,£2.29 / 100g,£3.50,cupboard,sauce,2024-11-19
LoSalt Reduced Sodium Salt Alternative 350g,£2.20,£6.29 / kg,null,cupboard,sauce,2024-11-19
Al'Fez Moroccan Middle Eastern Meatball Sauce 450g,£2.65,59p / 100g,null,cupboard,sauce,2024-11-19
Bisto Best Lamb Gravy Granules 230g,£3.80,£1.65 / 100g,£3.00,cupboard,sauce,2024-11-19
Saxa Sea Salt Coarse 350g,£1.65,£4.71 / kg,null,cupboard,sauce,2024-11-19
Sainsbury's Ground Cloves 37g,£1.10,30p / 10g,null,cupboard,sauce,2024-11-19
Al'Fez Middle Eastern Harissa Paste 180g,£3.00,£1.67 / 100g,£2.50,cupboard,sauce,2024-11-19
Sun Hee Gochujang Sun Dried Red Chilli Paste 170g,£2.20,£1.29 / 100g,null,cupboard,sauce,2024-11-19
Stamford Street Co. Gravy Granules 170g,40p,24p / 100g,null,cupboard,sauce,2024-11-19
Maggi So Juicy Creamy & Tasty Butter Chicken Herbs & Spices ...,75p,£1.83 / 100g,null,cupboard,sauce,2024-11-19
Sainsbury's Ground White Pepper 44g,£1.10,25p / 10g,null,cupboard,sauce,2024-11-19
Cornish Sea Salt Co Sea Salt Flakes 150g,£1.85,£12.33 / kg,null,cupboard,sauce,2024-11-19
Sainsbury's Groundnut Oil 500ml,£2.70,54p / 100ml,null,cupboard,sauce,2024-11-19
Knorr Stock Pots Red Wine 4x26g,£1.90,£1.83 / 100g,£1.25,cupboard,sauce,2024-11-19
Sainsbury's Garlic & Herb Seasoning 40g,£1.25,31p / 10g,null,cupboard,sauce,2024-11-19
Sainsbury's Ground Black Pepper 100g,£2.25,23p / 10g,null,cupboard,sauce,2024-11-19
Knorr Stock Cubes Ham 8x10g,£2.00,£2.50 / 100g,null,cupboard,sauce,2024-11-19
Sainsbury's Tarragon 12g,£1.10,92p / 10g,null,cupboard,sauce,2024-11-19
Bisto Turkey Gravy Granules 190g,£2.80,£1.47 / 100g,£2.00,cupboard,sauce,2024-11-19
Thai Taste Red Curry Paste 200g,£2.45,£1.23 / 100g,null,cupboard,sauce,2024-11-19
Santa Maria Extra Fine Selection of Spices Tellicherry Black...,£3.90,56p / 10g,null,cupboard,sauce,2024-11-19
"Sainsbury's Thai Red Curry Spice Paste, Inspired to Cook 180...",£2.15,£1.19 / 100g,null,cupboard,sauce,2024-11-19
Sainsbury's Sun Dried Tomato Paste 90g,£1.70,£18.89 / kg,null,cupboard,sauce,2024-11-19
"Sainsbury's Sunflower Oil, SO Organic 1L",£3.30,33p / 100ml,null,cupboard,sauce,2024-11-19
Knorr Stock Pot Beef 4x28g,£1.90,£1.70 / 100g,£1.25,cupboard,sauce,2024-11-19
Sainsbury's Mustard Seed 60g,£1.10,18p / 10g,null,cupboard,sauce,2024-11-19
Very Lazy Smoked Chopped Garlic 200g,£2.10,12p / 10g,null,cupboard,sauce,2024-11-19
Sainsbury's Pure Vegetable Oil 5L,£8.25,17p / 100ml,null,cupboard,sauce,2024-11-19
"Sainsbury's Massaman Curry Paste, Inspired to Cook 190g",£2.30,£1.21 / 100g,null,cupboard,sauce,2024-11-19
Kallo Yeast Free Vegetable Stock Cubes 6x11g,£1.00,£1.52 / 100g,null,cupboard,sauce,2024-11-19
Odysea Roasted Red & Yellow Peppers 450g (350g*),£3.60,£8.00 / kg,null,cupboard,sauce,2024-11-19
Terra Delyssa Extra Virgin Olive Oil 750ml,£9.50,£1.27 / 100ml,null,cupboard,sauce,2024-11-19
"Sainsbury's Onion Gravy Granules, Taste the Difference 200g",£1.90,95p / 100g,£1.75,cupboard,sauce,2024-11-19
Merchant Gourmet Chestnut Stuffing with Sage Onion & Apple 2...,£2.50,£12.50 / kg,£2.00,cupboard,sauce,2024-11-19
Potts' Beef Stock 500ml,£2.20,44p / 100g,null,cupboard,sauce,2024-11-19
"Sainsbury's Mild & Smoky BBQ, Inspired to Cook 44g",£1.25,28p / 10g,null,cupboard,sauce,2024-11-19
Makrut Lime Leaves 2g,£1.50,£7.50 / 10g,null,cupboard,sauce,2024-11-19
Sainsbury's Sunflower Oil 3L,£5.97,20p / 100ml,null,cupboard,sauce,2024-11-19
Yutaka Miso Soup 90g (5x18g),£1.90,£2.11 / 100g,null,cupboard,sauce,2024-11-19
Sainsbury's Coriander Leaf 9g,£1.10,£1.22 / 10g,null,cupboard,sauce,2024-11-19
Sainsbury's Sunflower Oil Cooking Spray 190ml,£1.60,84p / 100ml,null,cupboard,sauce,2024-11-19
Sainsbury's Dill 13g,£1.10,85p / 10g,null,cupboard,sauce,2024-11-19
"Sainsbury's Unfiltered Extra Virgin Olive Oil, SO Organic 50...",£7.50,£1.50 / 100ml,null,cupboard,sauce,2024-11-19
Sainsbury's Coriander Seed 25g,£1.10,44p / 10g,null,cupboard,sauce,2024-11-19
Maggi So Juicy Aromatic & Peppery Cajun Chicken Herbs & Spic...,75p,£1.97 / 100g,null,cupboard,sauce,2024-11-19
"Sainsbury's Nduja Paste, Taste the Difference 85g",£4.00,47p / 10g,null,cupboard,sauce,2024-11-19
La Chinata Smoked Paprika Powder 70g,£2.45,35p / 10g,null,cupboard,sauce,2024-11-19
Odysea Preserved Beldi Lemons 360g (200g*),£3.00,£8.33 / kg,null,cupboard,sauce,2024-11-19
Oxo Vegetable Stock Cubes x24 142g,£3.00,£2.11 / 100g,null,cupboard,sauce,2024-11-19
Marigold Reduced Salt Organic Bouillon Powder 140g,£2.50,£1.79 / 100g,null,cupboard,sauce,2024-11-19
Miso Tasty Red Miso Rich Soybean Paste 200g,£2.90,£1.45 / 100g,null,cupboard,sauce,2024-11-19
"Sainsbury's Ras El Hanout, Inspired to Cook 45g",£2.45,54p / 10g,null,cupboard,sauce,2024-11-19
Stamford Street Co. Medium Curry Powder 55g,45p,8p / 10g,null,cupboard,sauce,2024-11-19
Blue Dragon Hoisin & Garlic Stir Fry Sauce 120g,95p,79p / 100g,null,cupboard,sauce,2024-11-19
Sainsbury's Herbes De Provence 14g,£1.10,79p / 10g,null,cupboard,sauce,2024-11-19
Olivio Oil 1L,£4.50,45p / 100ml,null,cupboard,sauce,2024-11-19
Stamford Street Co. Ground Cumin 43g,69p,16p / 10g,null,cupboard,sauce,2024-11-19
Sainsbury's Mint 12g,£1.10,92p / 10g,null,cupboard,sauce,2024-11-19
Stamford Street Co. Mild Chilli Powder 40g,75p,19p / 10g,null,cupboard,sauce,2024-11-19
Sainsbury's Star Anise 15g,£1.10,73p / 10g,null,cupboard,sauce,2024-11-19
Sainsbury's Onion Salt 86g,£1.10,13p / 10g,null,cupboard,sauce,2024-11-19
"Sainsbury's British Cold Pressed Rapeseed Oil, Taste the Dif...",£3.50,70p / 100ml,null,cupboard,sauce,2024-11-19
Sainsbury's Roast Potato Seasoning 50g,£1.20,24p / 10g,null,cupboard,sauce,2024-11-19
Il Casolare Unfiltered Extra Virgin Olive Oil 1L,£16.10,£1.61 / 100ml,£13.70,cupboard,sauce,2024-11-19
Odysea Greek Extra Virgin Olive Oil 500ml,£9.90,£1.98 / 100ml,£8.90,cupboard,sauce,2024-11-19
Kallo Very Low Salt Beef Stock Cubes 6x8g,£1.40,£2.92 / 100g,£1.00,cupboard,sauce,2024-11-19
Bisto Best Reduced Salt Beef Gravy Granules 390g,£4.80,£1.23 / 100g,£4.00,cupboard,sauce,2024-11-19
Cornish Sea Salt Co Garlic Sea Salt 55g,£2.00,£36.36 / kg,null,cupboard,sauce,2024-11-19
"Sainsbury's Parsley Sauce, Inspired to Cook 200g (Serves 2)",£1.60,80p / 100g,null,cupboard,sauce,2024-11-19
Sainsbury's Free From Vegetable Gravy Granules 170g,£1.50,88p / 100g,null,cupboard,sauce,2024-11-19
Blue Dragon Light Coconut Milk 400ml,£2.30,58p / 100ml,null,cupboard,sauce,2024-11-19
Sainsbury's Ground Black Pepper 48g,£1.45,30p / 10g,null,cupboard,sauce,2024-11-19
Sainsbury's Ground White Pepper 100g,£2.50,25p / 10g,null,cupboard,sauce,2024-11-19
Oxo Reduced Salt Vegetable Stock Cubes x12 71g,£2.40,£3.38 / 100g,£2.00,cupboard,sauce,2024-11-19
Gressingham Duck Fat 250g,£3.00,£12.00 / kg,£2.50,cupboard,sauce,2024-11-19
Sainsbury's Duck Fat 320g,£4.30,£1.34 / 100g,null,cupboard,sauce,2024-11-19
Yutaka Soba Noodles 250g,£1.50,£6.00 / kg,£1.00,cupboard,sauce,2024-11-19
"Sainsbury's Parsnip Apple & Honey Stuffing, Taste the Differ...",£2.00,£18.18 / kg,£1.75,cupboard,sauce,2024-11-19
Oxo Reduced Salt Chicken with Bay and Parsley Stock Pots x4 ...,£1.85,£2.31 / 100g,null,cupboard,sauce,2024-11-19
"Sainsbury's Rapeseed Oil, SO Organic 1L",£4.55,46p / 100ml,null,cupboard,sauce,2024-11-19
La Espanola Light In Colour Olive Oil 500ml,£8.20,£1.64 / 100ml,null,cupboard,sauce,2024-11-19
Karyatis Virgin Olive Oil 500ml,£7.20,£1.44 / 100ml,null,cupboard,sauce,2024-11-19
Very Lazy Chopped Red Chillies 190g,£1.95,10p / 10g,null,cupboard,sauce,2024-11-19
Oxo 8 Organic Succulent Chicken Stock Cubes 80g,£1.90,£2.38 / 100g,null,cupboard,sauce,2024-11-19
Goldenfry Original Gravy Granules Onion 300g,£1.20,40p / 100g,null,cupboard,sauce,2024-11-19
Cerebos Iodised Salt 400g,£1.50,£3.75 / kg,null,cupboard,sauce,2024-11-19
Bovril Beef Stock Cubes 12x10g,£1.80,£1.50 / 100g,null,cupboard,sauce,2024-11-19
Karyatis Mediterranean Blend Oil 1L,£5.80,58p / 100ml,null,cupboard,sauce,2024-11-19
Oxo Stock Pots Garden Vegetables 4x20g,£1.85,£2.31 / 100g,null,cupboard,sauce,2024-11-19
Sainsbury's Whole Nutmeg 36g,£1.10,31p / 10g,null,cupboard,sauce,2024-11-19
Sainsbury's Curry Leaves 3g,£1.10,£5.50 / 10g,null,cupboard,sauce,2024-11-19
Nando's Peri Peri Rub BBQ 25g,£1.15,£4.60 / 100g,£1.00,cupboard,sauce,2024-11-19
Sainsbury's Beef Stock Pots x4 112g,£1.40,£1.25 / 100g,null,cupboard,sauce,2024-11-19
Bisto Best Onion Gravy Granules 230g,£3.80,£1.65 / 100g,£3.00,cupboard,sauce,2024-11-19
Knorr Beef Stock Cubes 20x10g,£2.50,£1.25 / 100g,null,cupboard,sauce,2024-11-19
Aunt Bessie's Dumpling Mix 140g,£1.00,£7.14 / kg,null,cupboard,sauce,2024-11-19
Yutaka Udon Noodles 250g,£1.50,£6.00 / kg,£1.00,cupboard,sauce,2024-11-19
East End Pure Butter Ghee for Cooking 500g,£7.50,£1.50 / 100g,null,cupboard,sauce,2024-11-19
Sainsbury's Extra Virgin Olive Oil Spray 200ml,£2.45,£1.23 / 100ml,null,cupboard,sauce,2024-11-19
Potts' Vegetable Stock 500ml,£2.20,44p / 100g,null,cupboard,sauce,2024-11-19
Sainsbury's Apple & Herb Stuffing Mix 130g,95p,£7.31 / kg,null,cupboard,sauce,2024-11-19
Sainsbury's Marjoram 10g,£1.10,£1.10 / 10g,null,cupboard,sauce,2024-11-19
Blue Dragon Oyster & Spring Onion Stir Fry Sauce 120g,95p,79p / 100g,null,cupboard,sauce,2024-11-19
"Sainsbury's Garlic & Ginger Paste, Inspired to Cook 90g",£1.70,19p / 10g,null,cupboard,sauce,2024-11-19
Thai Taste Green Curry Paste 200g,£2.45,£1.23 / 100g,null,cupboard,sauce,2024-11-19
Sainsbury's Beef Dripping 320g,£2.00,63p / 100g,null,cupboard,sauce,2024-11-19
Carapelli Organic Extra Virgin Olive Oil 500ml,£11.00,£2.20 / 100ml,null,cupboard,sauce,2024-11-19
Lee Kum Kee Sesame Wok Oil 207ml,£2.40,£1.16 / 100ml,null,cupboard,sauce,2024-11-19
"Sainsbury's Tikka Curry Powder, Inspired to Cook 80g",£1.25,16p / 10g,null,cupboard,sauce,2024-11-19
Sainsbury's Crushed Chillies 85g,£1.90,22p / 10g,null,cupboard,sauce,2024-11-19
Sainsbury's Ancho Chilli Flakes 27g,£1.40,52p / 10g,null,cupboard,sauce,2024-11-19
Sainsbury's Mixed Peppercorns 43g,£1.25,29p / 10g,null,cupboard,sauce,2024-11-19
Yutaka Organic Miso Paste 300g,£3.30,£1.10 / 100g,null,cupboard,sauce,2024-11-19
Oxo Reduced Salt Beef with Onion & Rosemary Stock Pots x4 80...,£1.85,£2.31 / 100g,null,cupboard,sauce,2024-11-19
Sainsbury's Ground Allspice 40g,£1.10,28p / 10g,null,cupboard,sauce,2024-11-19
Napolina Olive Oil 500ml,£7.95,£1.59 / 100ml,null,cupboard,sauce,2024-11-19
Blue Dragon Coconut Milk 400ml,£2.30,58p / 100ml,null,cupboard,sauce,2024-11-19
Terra Delyssa Extra Virgin Tunisian Olive Oil 500ml,£7.75,£1.55 / 100ml,null,cupboard,sauce,2024-11-19
Odysea Pomegranate Molasses 250ml,£3.30,£13.20 / ltr,£2.80,cupboard,sauce,2024-11-19
Fudco Whole Black Pepper 100g,£2.25,23p / 10g,null,cupboard,sauce,2024-11-19
Stamford Street Co. Mixed Herbs 18g,96p,53p / 10g,null,cupboard,sauce,2024-11-19
Knorr Gravy Pot Beef 4x28g,£2.25,£2.01 / 100g,£1.25,cupboard,sauce,2024-11-19
"Filippo Berio Olive Oil, Extra Virgin 750ml",£12.40,£1.65 / 100ml,£9.50,cupboard,sauce,2024-11-19
Sarson's Browning Gravy Mix 150g,£1.30,87p / 100ml,null,cupboard,sauce,2024-11-19
Sainsbury's Italian-Style Herb Blend 38g,£1.90,50p / 10g,null,cupboard,sauce,2024-11-19
"Sainsbury's Pink Himalayan Salt Grinder, Taste the Differenc...",£3.00,£31.58 / kg,null,cupboard,sauce,2024-11-19
"Sainsbury's Gochujang, Inspired to Cook 90g",£1.70,19p / 10g,null,cupboard,sauce,2024-11-19
Yutaka Korean Kimchi 200g,£3.50,£1.75 / 100g,£2.50,cupboard,sauce,2024-11-19
Sainsbury's Sumac 45g,£2.45,54p / 10g,null,cupboard,sauce,2024-11-19
Stamford Street Co. Thyme 15g,59p,39p / 10g,null,cupboard,sauce,2024-11-19
Sainsbury's Season All 67g,£1.25,19p / 10g,null,cupboard,sauce,2024-11-19
"Sainsbury's Miso Paste, Inspired to Cook 100g",£1.80,£1.80 / 100g,null,cupboard,sauce,2024-11-19
Sainsbury's Caraway Seed 43g,£1.10,26p / 10g,null,cupboard,sauce,2024-11-19
Santa Maria Extra Fine Selection of Spices Rock Salt,£3.90,28p / 10g,null,cupboard,sauce,2024-11-19
"Sainsbury's Zaatar, Inspired to Cook 35g",£2.50,71p / 10g,null,cupboard,sauce,2024-11-19
Sainsbury's Saffron 0.4g,£3.15,£78.75 / 10g,null,cupboard,sauce,2024-11-19
Oxo Reduced Salt Beef Stock Cubes x24 142g,£3.00,£2.11 / 100g,null,cupboard,sauce,2024-11-19
Homepride No Added Sugar Tomato & Herb Pasta Bake Sauce 485g,£2.50,52p / 100g,null,cupboard,sauce,2024-11-19
"Sainsbury's Steak Seasoning, Inspired to Cook 54g",£1.25,23p / 10g,null,cupboard,sauce,2024-11-19
"Sainsbury's Red Chilli Paste, Inspired to Cook 90g",£1.70,19p / 10g,null,cupboard,sauce,2024-11-19
Sainsbury's Reduced Sodium Salt 350g,£1.40,£4.00 / kg,null,cupboard,sauce,2024-11-19
La Espanola Extra Virgin Olive Oil 500ml,£8.45,£1.69 / 100ml,£6.30,cupboard,sauce,2024-11-19
Amoy Gochujang Cooking Paste 90ml,£2.50,£2.78 / 100ml,null,cupboard,sauce,2024-11-19
Sainsbury's Bouquet Garni 5g,£1.10,£2.20 / 10g,null,cupboard,sauce,2024-11-19
Sainsbury's Vegetable Oil Spray 200ml,£1.60,80p / 100ml,null,cupboard,sauce,2024-11-19
Sainsbury's Vegetable Oil Cooking Spray 190ml,£1.60,84p / 100ml,null,cupboard,sauce,2024-11-19
Itsu Miso' Easy Chilli Miso 3x20g,£2.00,£3.17 / 100g,null,cupboard,sauce,2024-11-19
Prymat Sweet Paprika 20g,45p,£2.25 / 100g,null,cupboard,sauce,2024-11-19
Farrington's Mellow Yellow Cold Pressed Rapeseed Oil 500ml,£4.00,80p / 100ml,£3.40,cupboard,sauce,2024-11-19
Sainsbury's Garlic Pepper 50g,£1.40,28p / 10g,null,cupboard,sauce,2024-11-19
Sainsbury's Ground Fenugreek 50g,£1.10,22p / 10g,null,cupboard,sauce,2024-11-19
"Sainsbury's Chilli Paste, Inspired to Cook 80g",£1.60,£2.00 / 100g,null,cupboard,sauce,2024-11-19
Sainsbury's Chicken Stockpots x4 112g,£1.40,£1.25 / 100g,null,cupboard,sauce,2024-11-19
Nando's Peri-Peri Salt 70g,£2.00,29p / 10g,null,cupboard,sauce,2024-11-19
"Sainsbury's Garlic & Herb Breadcrumbs, Inspired to Cook 110g",£1.50,£13.64 / kg,null,cupboard,sauce,2024-11-19
Knorr Stock Cubes Fish 8x10g,£2.00,£2.50 / 100g,null,cupboard,sauce,2024-11-19
"Sainsbury's Peri-Peri Seasoning, Inspired to Cook 49g",£1.25,26p / 10g,null,cupboard,sauce,2024-11-19
Cape Herb & Spice Rub Portuguese Peri Peri Seasoning 100g,£3.50,35p / 10g,null,cupboard,sauce,2024-11-19
Flora Pure Sunflower Oil 2L,£5.75,29p / 100ml,£4.00,cupboard,sauce,2024-11-19
"Sainsbury's Ginger Paste, Inspired to Cook 90g",£1.70,19p / 10g,null,cupboard,sauce,2024-11-19
Alfa One Rice Bran Oil 500ml,£3.00,60p / 100ml,null,cupboard,sauce,2024-11-19
"Sainsbury's Hot Curry Powder, Inspired to Cook 83g",£1.25,15p / 10g,null,cupboard,sauce,2024-11-19
Sainsbury's Celery Salt 78g,£1.10,14p / 10g,null,cupboard,sauce,2024-11-19
Kallo Organic Mushroom Stock Cubes x6 66g,£1.40,£2.12 / 100g,null,cupboard,sauce,2024-11-19
Karyatis Mediterranean Blend Oil 2L,£10.60,53p / 100ml,£8.50,cupboard,sauce,2024-11-19
Al'Fez Middle Eastern Smoky Harissa Sauce 450g,£2.65,59p / 100g,null,cupboard,sauce,2024-11-19
Рахо Chestnut & Cranberry Stuffing Mix 170g,£2.40,£14.12 / kg,£2.00,cupboard,sauce,2024-11-19
Sainsbury's Nigella Seeds 48g,£1.10,23p / 10g,null,cupboard,sauce,2024-11-19
Sainsbury's Stir Fry Oil 250ml,£2.20,88p / 100ml,null,cupboard,sauce,2024-11-19
Paxo Breadcrumbs Southern Fried 210g,£1.80,£8.57 / kg,null,cupboard,sauce,2024-11-19
Aunt Bessie's Yorkshire Pudding Mix 128g,£1.00,£8.33 / kg,null,cupboard,sauce,2024-11-19
Knorr Stock Pot Fish 4x28g,£1.90,£1.70 / 100g,£1.25,cupboard,sauce,2024-11-19
Sainsbury's Harissa Spices 45g,£2.40,53p / 10g,null,cupboard,sauce,2024-11-19
"Sainsbury's Jerk Seasoning, Inspired to Cook 50g",£1.25,25p / 10g,null,cupboard,sauce,2024-11-19
Cape Herb & Spice Rub Louisiana Cajun Seasoning 100g,£3.50,35p / 10g,null,cupboard,sauce,2024-11-19
Oxo White Wine Stock Pots with Half a Glass in Each Pot 4x20...,£1.85,£2.31 / 100g,null,cupboard,sauce,2024-11-19
Cape Herb & Spice Rub Caribbean Jerk Seasoning 100g,£3.50,44p / 10g,null,cupboard,sauce,2024-11-19
Dunn's River Caribbean Seasoning 100g,£1.10,11p / 10g,null,cupboard,sauce,2024-11-19
Natco Garam Masala 400g,£3.20,8p / 10g,null,cupboard,sauce,2024-11-19
Filippo Berio Extra Virgin Olive Oil 250ml,£4.50,£1.80 / 100ml,£3.50,cupboard,sauce,2024-11-19
Bisto Best Turkey Gravy with a Rich Flavour 150g,£3.00,£2.00 / 100g,£2.25,cupboard,sauce,2024-11-19
Sainsbury's Hot Paprika 44g,£1.10,25p / 10g,null,cupboard,sauce,2024-11-19
Fudco Cinnamon Powder 100g,£1.50,15p / 10g,null,cupboard,sauce,2024-11-19
Ghee Easy Pure Organic Cooking Oil 245g,£7.40,£3.02 / 100g,null,cupboard,sauce,2024-11-19
Odysea Aubergine Meze 220g,£2.75,£12.50 / kg,null,cupboard,sauce,2024-11-19
KTC Sunflower Oil 1L,£2.50,25p / 100ml,null,cupboard,sauce,2024-11-19
Hillfarm Extra Virgin Cold Pressed Rapeseed Oil 500ml,£4.75,95p / 100ml,null,cupboard,sauce,2024-11-19
Maggi Authentic Indian Tamarind Sauce 425g,£2.25,53p / 100g,null,cupboard,sauce,2024-11-19
Odysea Greek Kalamata PDO Extra Virgin Olive Oil 750ml,£13.50,£1.80 / 100ml,null,cupboard,sauce,2024-11-19
Oxo Beef with Onion & Rosemary Stock Pots x4 80g,£1.85,£2.31 / 100g,null,cupboard,sauce,2024-11-19
"Sainsbury's Korean Style BBQ Seasoning, Inspired to Cook 60g",£1.25,21p / 10g,null,cupboard,sauce,2024-11-19
"Sainsbury's Shawarma Seasoning, Inspired to Cook 56g",£1.25,22p / 10g,null,cupboard,sauce,2024-11-19
"Sainsbury's Middle Eastern Style Spice Mix, Inspired to Cook...",£1.25,31p / 10g,null,cupboard,sauce,2024-11-19
Frylight 1 Cal Rapeseed Oil Cooking Spray 190ml,£2.75,£1.45 / 100ml,£2.00,cupboard,sauce,2024-11-19
Sainsbury's Roasted Vegetables Seasoning 52g,£1.20,23p / 10g,null,cupboard,sauce,2024-11-19
Oxo 12 Chicken Flavour Stock Cubes 71g,£2.40,£3.38 / 100g,£2.00,cupboard,sauce,2024-11-19
Yutaka Shaoxing Rice Wine 150ml,£3.30,£16.50 / 75cl,£2.80,cupboard,sauce,2024-11-19
Sizzola Air Fryer Spray Oil 190ml,£1.50,79p / 100ml,null,cupboard,sauce,2024-11-19
Maggi Hot Liquid Seasoning 100ml,£1.40,£1.18 / 100g,£1.25,cupboard,sauce,2024-11-19
Yutaka Wasabi Paste 43g,£2.15,£5.00 / 100g,£1.65,cupboard,sauce,2024-11-19
Prymat Chicken Seasoning 30g,45p,£1.50 / 100g,null,cupboard,sauce,2024-11-19
Bisto Best Vegetable Gravy Granules 230g,£3.80,£1.65 / 100g,£3.00,cupboard,sauce,2024-11-19
Maldon Smoked Sea Salt 125g,£1.95,£15.60 / kg,null,cupboard,sauce,2024-11-19
"Sainsbury's Mirin, Inspired to Cook 150ml",£1.90,£9.50 / 75cl,null,cupboard,sauce,2024-11-19
"Sainsbury's Chip Seasoning, Inspired to Cook 56g",£1.25,22p / 10g,null,cupboard,sauce,2024-11-19
Oxo 12 Vegan Beef Flavoured Stock Cubes 71g,£2.40,£3.38 / 100g,£2.00,cupboard,sauce,2024-11-19
"Sainsbury's Olive Oil, Light Colour 500ml",£5.75,£1.15 / 100ml,null,cupboard,sauce,2024-11-19
"Sainsbury's Onion Bhaji Batter Mix, Inspired to Cook 130g",£1.10,£8.46 / kg,null,cupboard,sauce,2024-11-19
La Espanola Truffle Flavour Olive Oil 250ml,£5.90,£2.36 / 100ml,null,cupboard,sauce,2024-11-19
"Sainsbury's Vegetable Stock, Inspired to Cook 500ml",£2.40,48p / 100ml,null,cupboard,sauce,2024-11-19
Fudco Himalayan Pink Salt Coarse 500g,£3.00,£6.00 / kg,null,cupboard,sauce,2024-11-19
Sainsbury's Mulled Wine Spices 18g,£1.20,67p / 10g,null,cupboard,sauce,2024-11-19
Yutaka Sushi Nori Half-Cut x10 14g,£2.25,£16.07 / 100g,£1.75,cupboard,sauce,2024-11-19
Sainsbury's Mixed Peppercorn Grinder 40g,£2.50,63p / 10g,null,cupboard,sauce,2024-11-19
"Sainsbury's Greek Kalamata Extra Virgin Olive Oil, Taste the...",£8.40,£1.68 / 100ml,null,cupboard,sauce,2024-11-19
Knorr Gravy Pot Chicken 4 x 28 g,£2.25,£2.01 / 100g,£1.25,cupboard,sauce,2024-11-19
Yutaka Sushi Ginger 190g,£2.50,£1.32 / 100g,£2.00,cupboard,sauce,2024-11-19
Bisto Chicken Gravy Granules 450g,£4.50,£1.00 / 100g,null,cupboard,sauce,2024-11-19
Blue Dragon Katsu Curry Paste 170g,£2.30,£1.35 / 100g,null,cupboard,sauce,2024-11-19
I-Sushi Premium Sushi Rice 5kg,£13.25,£2.65 / kg,null,cupboard,sauce,2024-11-19
Cape Herb & Spice Rub Greek Style Lemon & Herb Seasoning 100...,£3.50,35p / 10g,null,cupboard,sauce,2024-11-19
Nando's Flavour Shaker Lemon & Herb Peri Peri Seasoning 50g,£2.00,40p / 10g,null,cupboard,sauce,2024-11-19
Sainsbury's Walnut Oil 250ml,£2.00,80p / 100ml,null,cupboard,sauce,2024-11-19
Odysea Organic Greek Extra Virgin Olive Oil 500ml,£10.20,£2.04 / 100ml,null,cupboard,sauce,2024-11-19
Al'Fez Middle Eastern Shawarma Spice Mix 25g,£1.25,£5.00 / 100g,null,cupboard,sauce,2024-11-19
Natco Madras Curry Powder 400g,£2.20,6p / 10g,null,cupboard,sauce,2024-11-19
Napolina Light in Colour Olive Oil 500ml,£7.95,£1.59 / 100ml,null,cupboard,sauce,2024-11-19
Terra Delyssa Extra Virgin Tunisian Olive Oil 1000ml,£12.80,£1.28 / 100ml,£11.00,cupboard,sauce,2024-11-19
"Sainsbury's Prawn Cocktail Sauce, Taste the Difference 200g ...",£2.50,£1.25 / 100g,null,cupboard,sauce,2024-11-19
Natco Crushed Chillies 250g,£2.20,9p / 10g,null,cupboard,sauce,2024-11-19
Mazola Pure Corn Oil 1L,£3.45,35p / 100ml,£2.55,cupboard,sauce,2024-11-19
Sainsbury's Pink Peppercorns 24g,£2.00,83p / 10g,null,cupboard,sauce,2024-11-19
Al'Fez Lebanese Middle Eastern Falafel Kit 150g,£1.90,£1.27 / 100g,null,cupboard,sauce,2024-11-19
"Sainsbury's Porcini Mushroom Paste, Inspired to Cook 90g",£1.70,19p / 10g,null,cupboard,sauce,2024-11-19
Napolina Olive Oil 750ml,£11.00,£1.47 / 100ml,£8.75,cupboard,sauce,2024-11-19
JFC Japanese Style Panko Breadcrumbs 350g,£2.60,74p / 100g,null,cupboard,sauce,2024-11-19
"Sainsbury's Free From Apple, Onion & Herb Stuffing, Taste th...",£2.50,£2.27 / 100g,null,cupboard,sauce,2024-11-19
Napolina Extra Virgin Olive Oil 750ml,£11.00,£1.47 / 100ml,£8.75,cupboard,sauce,2024-11-19
"Sainsbury's Garlic Paste, Inspired to Cook 90g",£1.70,19p / 10g,null,cupboard,sauce,2024-11-19
La Chinata Smoked Pimenton Mild 70g,£2.45,35p / 10g,null,cupboard,sauce,2024-11-19
Nando's Flavour Shaker Garlic & Herb Medium Peri Peri Season...,£2.00,40p / 10g,null,cupboard,sauce,2024-11-19
Just Spices Avocado Topping Seasoning 60g,£4.00,67p / 10g,£2.50,cupboard,sauce,2024-11-19
Al'Fez Lebanese Style Flatbreads with Herby Za'atar 180g,£2.25,£1.25 / 100g,£2.00,cupboard,sauce,2024-11-19
Yutaka Mirin Sweet Rice Seasoning 150ml,£2.10,£1.40 / 100ml,null,cupboard,sauce,2024-11-19
Bisto For Sausages Gravy Granules 190g,£2.80,£1.47 / 100g,£2.00,cupboard,sauce,2024-11-19
Frylight 1 Cal Butter Flavour Oil Cooking Spray 190ml,£2.75,£1.45 / 100ml,£2.00,cupboard,sauce,2024-11-19
Al'Fez Middle Eastern Harissa Spice Mix 25g,£1.25,£5.00 / 100g,null,cupboard,sauce,2024-11-19
Paxo Sage & Onion Low Salt Stuffing Mix 170g,£2.40,£14.12 / kg,£2.00,cupboard,sauce,2024-11-19
Just Spices Chicken Seasoning 79g,£4.00,51p / 10g,£2.50,cupboard,sauce,2024-11-19
Sainsbury's Galangal Paste 90g,£1.70,19p / 10g,null,cupboard,sauce,2024-11-19
Bart Smoked Garlic Granules 50g,£2.00,40p / 10g,null,cupboard,sauce,2024-11-19
Odysea Greek Early Harvest Extra Virgin Olive Oil 500ml,£9.95,£1.99 / 100ml,null,cupboard,sauce,2024-11-19
"Sainsbury's Baharat, Inspired to Cook 36g",£2.60,72p / 10g,null,cupboard,sauce,2024-11-19
Natco Cumin Seeds 400g,£3.20,9p / 10g,null,cupboard,sauce,2024-11-19
Filippo Berio Classico Olive Oil 250ml,£4.50,£1.80 / 100ml,£3.50,cupboard,sauce,2024-11-19
Cape Herb & Spice Rub Texan Steakhouse Seasoning 100g,£3.50,35p / 10g,null,cupboard,sauce,2024-11-19
Sainsbury's Ground Mace 42g,£1.25,30p / 10g,null,cupboard,sauce,2024-11-19
Bisto Best Reduced Salt Beef Gravy Granules 230g,£3.80,£1.65 / 100g,£3.00,cupboard,sauce,2024-11-19
Oliveira Da Serra Extra Virgin Olive Oil 500ml,£11.50,£2.30 / 100ml,null,cupboard,sauce,2024-11-19
"Sainsbury's Smokey Tomato Paste, Inspired to Cook 90g",£1.70,19p / 10g,null,cupboard,sauce,2024-11-19
Sainsbury's Corn Oil 1L,£3.00,30p / 100ml,null,cupboard,sauce,2024-11-19
Sainsbury's Free From Sage & Onion Stuffing 170g,£1.70,£10.00 / kg,null,cupboard,sauce,2024-11-19
Sainsbury's Juniper Berries 28g,£1.10,39p / 10g,null,cupboard,sauce,2024-11-19
Belazu Tagine Paste 170g,£2.85,17p / 10g,null,cupboard,sauce,2024-11-19
"Sainsbury's Tamarind Paste, Inspired to Cook 90g",£1.70,19p / 10g,null,cupboard,sauce,2024-11-19
Kallo Organic Tomato & Herb Stock Cubes 6x66g,£1.40,£2.12 / 100g,null,cupboard,sauce,2024-11-19
Suhana Vegetable Biryani Masala Spice Mix 50g,£1.00,£2.00 / 100g,null,cupboard,sauce,2024-11-19
Il Casolare Unfiltered Extra Virgin Olive Oil 500ml,£9.10,£1.82 / 100ml,null,cupboard,sauce,2024-11-19
Sainsbury's Red Wine Stockpots x4 112g,£1.60,£1.43 / 100g,null,cupboard,sauce,2024-11-19
KTC Pure Groundnut Oil 1L,£4.50,45p / 100ml,null,cupboard,sauce,2024-11-19
Iliada Extra Virgin Olive Oil 750ml,£13.50,£1.80 / 100ml,null,cupboard,sauce,2024-11-19
Carotino Red Palm Fruit & Rapeseed Oil 500ml,£3.10,62p / 100ml,null,cupboard,sauce,2024-11-19
Al'Fez Middle Eastern Kofta Spice Mix 25g,£1.25,£5.00 / 100g,null,cupboard,sauce,2024-11-19
"Sainsbury's Black Truffle Olive Oil, Taste the Difference 25...",£4.90,£1.96 / 100ml,null,cupboard,sauce,2024-11-19
Napolina Extra Virgin Olive Oil 250ml,£4.35,£1.74 / 100ml,£3.75,cupboard,sauce,2024-11-19
Sainsbury's Pickling Spice 30g,£1.25,42p / 10g,null,cupboard,sauce,2024-11-19
Filippo Berio Organic Extra Virgin Olive Oil 500ml,£10.00,£2.00 / 100ml,null,cupboard,sauce,2024-11-19
Sainsbury's Grapeseed Oil 500ml,£4.10,82p / 100ml,null,cupboard,sauce,2024-11-19
Naked Free From Japanese Style Katsu Curry Long Grain Rice 7...,£1.55,£19.87 / kg,null,cupboard,sauce,2024-11-19
Tellicherry Pepper Grinder 45g,£3.50,£7.78 / 100g,null,cupboard,sauce,2024-11-19
"Sainsbury's Toscano Extra Virgin Olive Oil, Taste the Differ...",£9.95,£1.99 / 100ml,null,cupboard,sauce,2024-11-19
Sainsbury's Fragrant Thai Base 90g,£1.30,£1.44 / 100g,null,cupboard,sauce,2024-11-19
Mae Ploy Red Curry Paste 400g,£3.00,75p / 100g,null,cupboard,sauce,2024-11-19
Rajah Chilli Powder 1kg,£5.00,5p / 10g,null,cupboard,sauce,2024-11-19
Sainsbury's Asafoetida 60g,£1.25,21p / 10g,null,cupboard,sauce,2024-11-19
Napolina Light in Colour Olive Oil 750ml,£11.00,£1.47 / 100ml,£8.75,cupboard,sauce,2024-11-19
Maggi Coconut Milk Powder Mix 150g,£2.60,£17.33 / kg,null,cupboard,sauce,2024-11-19
Mazzetti Balsamic Vinegar of Modena Yellow Label 250ml,£5.90,£23.60 / ltr,£4.40,cupboard,sauce,2024-11-19
Karyatis Olive Oil 500ml,£7.20,£1.44 / 100ml,null,cupboard,sauce,2024-11-19
Karyatis Greek Extra Virgin Olive Oil 2L,£22.50,£1.13 / 100ml,null,cupboard,sauce,2024-11-19
Tropical Sun Semolina Fine 500g,£1.20,£2.40 / kg,null,cupboard,sauce,2024-11-19
La Espanola Olive Oil 500ml,£8.20,£1.64 / 100ml,null,cupboard,sauce,2024-11-19
"Sainsbury's Tempura Batter Mix, Inspired to Cook 128g",£1.30,£10.16 / kg,null,cupboard,sauce,2024-11-19
Natco Ginger Powder 400g,£2.20,6p / 10g,null,cupboard,sauce,2024-11-19
Suhana Butter Chicken Masala Spice Mix 50g,£1.00,£2.00 / 100g,null,cupboard,sauce,2024-11-19
Mae Ploy Green Curry Paste 400g,£3.00,75p / 100g,null,cupboard,sauce,2024-11-19
Geeta's Tandoori Chicken Seasoning Mix 35g,£1.25,£3.57 / 100g,null,cupboard,sauce,2024-11-19
Al'Fez Moroccan Middle Eastern Spiced Couscous 200g,£1.85,£9.25 / kg,null,cupboard,sauce,2024-11-19
Natco Chilli Powder 400g,£3.20,8p / 10g,null,cupboard,sauce,2024-11-19
Suhana Chicken Tikka Masala Spice Mix 80g,£1.00,£1.25 / 100g,null,cupboard,sauce,2024-11-19
Odysea Good For You Polyphenol Extra Virgin Olive Oil,£8.50,£3.40 / 100ml,£6.80,cupboard,sauce,2024-11-19
Natco Paprika Powder 400g,£2.20,6p / 10g,null,cupboard,sauce,2024-11-19
Shan Recipe & Seasoning Mix Special Bombay Biryani 60g,£1.20,£2.40 / 100g,null,cupboard,sauce,2024-11-19
Paxo Super Crumb Coating with Oat Flakes Wholemeal Rusk & Se...,£1.90,£15.83 / kg,null,cupboard,sauce,2024-11-19
Just Spices Scrambled Egg Seasoning 60g,£4.00,67p / 10g,£2.50,cupboard,sauce,2024-11-19
Santa Maria Extra Fine Selection of Spices Chilli Explosion,£3.90,56p / 10g,null,cupboard,sauce,2024-11-19
Odysea Garlic Olive Oil 250ml,£6.50,£2.60 / 100ml,null,cupboard,sauce,2024-11-19
"Sainsbury's Smoky Chilli Breadcrumbs, Inspired to Cook 110g",£1.50,£13.64 / kg,null,cupboard,sauce,2024-11-19
"Sainsbury's Soy Chilli & Ginger Paste, Inspired to Cook 90g",£1.70,19p / 10g,null,cupboard,sauce,2024-11-19
Yutaka Sushi Rolling Mat,£1.35,£1.35 / 100g,85p,cupboard,sauce,2024-11-19
Knorr Hairy Bikers Stock Pot Herby 4x26g,£1.90,£1.83 / 100g,£1.25,cupboard,sauce,2024-11-19
Yutaka Roasted Black Sesame Seeds 100g,£2.10,£2.10 / 100g,null,cupboard,sauce,2024-11-19
Natco Garlic Powder 400g,£2.20,6p / 10g,null,cupboard,sauce,2024-11-19
Natco Tandoori Masala 400g,£2.20,6p / 10g,null,cupboard,sauce,2024-11-19
Sainsbury's Lemon Grass 4g,£1.40,£3.50 / 10g,null,cupboard,sauce,2024-11-19
Just Spices Classic Roast Potato Seasoning 60g,£4.00,67p / 10g,£2.50,cupboard,sauce,2024-11-19
Rajah Dhaniya Ground Coriander 1kg,£5.00,5p / 10g,null,cupboard,sauce,2024-11-19
Saxa So Low Reduced Sodium Salt 350g,£2.00,£5.71 / kg,null,cupboard,sauce,2024-11-19
Fudco Dhana Powder 100g,£1.30,13p / 10g,null,cupboard,sauce,2024-11-19
Rajah Mild Madras Curry Powder 1kg,£5.00,5p / 10g,null,cupboard,sauce,2024-11-19
Napolina Olive Oil 250ml,£4.35,£1.74 / 100ml,£3.75,cupboard,sauce,2024-11-19
Rajah Haldi Ground Turmeric 1kg,£5.00,5p / 10g,null,cupboard,sauce,2024-11-19
Crisp 'N' Dry Rapeseed Oil 200ml,£2.75,£1.38 / 100ml,£1.75,cupboard,sauce,2024-11-19
S&B Wasabi 43g,£1.75,£4.07 / 100g,null,cupboard,sauce,2024-11-19
Grace Jamaican Honey Jerk Seasoning 330g,£2.95,89p / 100g,null,cupboard,sauce,2024-11-19
Paxo Veggie Fillers Spicy Mediterranean 120g,£2.25,£18.75 / kg,£1.50,cupboard,sauce,2024-11-19
Africa's Finest Zomi Oil 1L,£4.15,null,null,cupboard,sauce,2024-11-19
Paxo Potato Rosti Cakes Mixed Veg 120g,£2.25,£18.75 / kg,£1.50,cupboard,sauce,2024-11-19
Napolina Olio Da Cucina Oil 1L,£6.50,65p / 100ml,null,cupboard,sauce,2024-11-19
Geeta's Gunpowder Potatoes Seasoning Mix 35g,£1.25,£3.57 / 100g,null,cupboard,sauce,2024-11-19
Shan Recipe & Seasoning Mix Karahi 50g,£1.20,£2.40 / 100g,null,cupboard,sauce,2024-11-19
Shan Chana Masala Seasoning Mix 100g,£1.20,£1.20 / 100g,null,cupboard,sauce,2024-11-19
"KTC Virgin Coconut Oil, Organic 500ml",£7.15,£1.43 / 100ml,null,cupboard,sauce,2024-11-19
Fiery Birds Eye & Habanero Chilli 55g,£2.50,£4.55 / 100g,null,cupboard,sauce,2024-11-19
Goldenfry Gravy Powder 250g,£1.70,68p / 100g,null,cupboard,sauce,2024-11-19
Bibigo Korean Style Fried Chicken Sauce 120g,£1.65,£1.38 / 100g,null,cupboard,sauce,2024-11-19
Geeta's Mango Masala Vegetables Seasoning Mix 35g,£1.25,£3.57 / 100g,null,cupboard,sauce,2024-11-19
"Sainsbury's Mexican Three Chilli Blend, Taste the Difference...",£2.50,56p / 10g,null,cupboard,sauce,2024-11-19
Bibigo Sliced Kimchi 150g,£1.75,£1.17 / 100g,null,cupboard,sauce,2024-11-19
Napolina Olio Da Cucina 500ml,£3.75,75p / 100ml,£2.80,cupboard,sauce,2024-11-19
Dega Paprykarz Szczeci?ski 135g,65p,48p / 100g,null,cupboard,sauce,2024-11-19
Bibigo Tokbokki Sauce Sweet & Spicy 120g,£1.65,£1.38 / 100g,null,cupboard,sauce,2024-11-19
"Sainsbury's Brunch Seasoning, Taste the Difference 70g",£2.50,36p / 10g,null,cupboard,sauce,2024-11-19
Bibigo Original Bulgogi Marinade 80g,£1.00,£1.25 / 100g,null,cupboard,sauce,2024-11-19
Bibigo Spicy Bulgogi Marinade 80g,£1.00,£1.25 / 100g,null,cupboard,sauce,2024-11-19
Sun Hee Kimchi 190g,£2.00,£1.05 / 100g,null,cupboard,sauce,2024-11-19
Sainsbury's Runny Honey 340g,£1.09,32p / 100g,null,cupboard,spread_jam,2024-11-19
Stamford Street Co. Clear Honey 340g,75p,22p / 100g,null,cupboard,spread_jam,2024-11-19
Marmite Classic Yeast Extract Spread 250g,£3.00,£1.20 / 100g,null,cupboard,spread_jam,2024-11-19
Bonne Maman Strawberry Conserve 370g,£3.30,89p / 100g,null,cupboard,spread_jam,2024-11-19
Sainsbury's Strawberry Jam 454g,89p,20p / 100g,null,cupboard,spread_jam,2024-11-19
Sainsbury's Peanut Butter Smooth 340g,£1.09,32p / 100g,null,cupboard,spread_jam,2024-11-19
Bonne Maman Raspberry Conserve 370g,£3.30,89p / 100g,null,cupboard,spread_jam,2024-11-19
Stamford Street Co. Strawberry Jam 454g,39p,9p / 100g,null,cupboard,spread_jam,2024-11-19
Sainsbury's Runny Honey 720g,£2.30,32p / 100g,null,cupboard,spread_jam,2024-11-19
Sainsbury's Crunchy Peanut Butter 340g,£1.80,53p / 100g,null,cupboard,spread_jam,2024-11-19
Sainsbury's Set Honey 454g,£1.75,39p / 100g,null,cupboard,spread_jam,2024-11-19
"Sainsbury's Orange Marmalade, Fine Cut 454g",£1.05,23p / 100g,null,cupboard,spread_jam,2024-11-19
Stamford Street Co. Crunchy Peanut Butter 340g,99p,29p / 100g,null,cupboard,spread_jam,2024-11-19
Sainsbury's Hazelnut Chocolate Spread 400g,£2.25,56p / 100g,null,cupboard,spread_jam,2024-11-19
"Sainsbury's Raspberry Jam, Seedless 454g",89p,20p / 100g,null,cupboard,spread_jam,2024-11-19
Rowse Natural Blossom Honey Squeezy 340g,£3.00,88p / 100g,null,cupboard,spread_jam,2024-11-19
Rowse Original Squeezy Honey 680g,£4.00,59p / 100g,null,cupboard,spread_jam,2024-11-19
"Sainsbury's Fresh Fruit Bitter Orange Marmalade, Taste the D...",£1.80,53p / 100g,£1.60,cupboard,spread_jam,2024-11-19
Sainsbury's Clear Honey 454g,£1.75,39p / 100g,null,cupboard,spread_jam,2024-11-19
"Sainsbury's Strawberry Conserve, Taste the Difference 340g",£2.40,71p / 100g,£2.00,cupboard,spread_jam,2024-11-19
Stamford Street Co. Chocolate Spread 400g,£1.15,29p / 100g,null,cupboard,spread_jam,2024-11-19
Sainsbury's Peanut Butter Crunchy 340g,£1.09,32p / 100g,null,cupboard,spread_jam,2024-11-19
"Frank Cooper's Fine Cut Oxford Marmalade, Seville Orange 454...",£3.00,66p / 100g,null,cupboard,spread_jam,2024-11-19
"Sainsbury's Yeast Extract, Reduced Salt 225g",£2.40,£1.07 / 100g,null,cupboard,spread_jam,2024-11-19
"Sainsbury's Raspberry Conserve, Taste the Difference 340g",£2.40,71p / 100g,£2.00,cupboard,spread_jam,2024-11-19
Bonne Maman Apricot Conserve 370g,£3.30,89p / 100g,null,cupboard,spread_jam,2024-11-19
Sainsbury's Smooth Peanut Butter 340g,£1.80,53p / 100g,null,cupboard,spread_jam,2024-11-19
Marmite Classic Yeast Extract Spread 500g,£5.85,£1.17 / 100g,null,cupboard,spread_jam,2024-11-19
Hilltop Honey Blossom Honey 340g,£2.60,76p / 100g,null,cupboard,spread_jam,2024-11-19
Sainsbury's Reduced Sugar Fine Cut Orange Marmalade 415g,£1.05,25p / 100g,null,cupboard,spread_jam,2024-11-19
Rowse Original Squeezy Honey 250g,£2.00,80p / 100g,null,cupboard,spread_jam,2024-11-19
Bonne Maman Bitter Orange Marmalade 370g,£3.50,95p / 100g,null,cupboard,spread_jam,2024-11-19
Lotus Biscoff Smooth Spread 400g,£3.20,80p / 100g,£2.60,cupboard,spread_jam,2024-11-19
Hartley's Strawberry Seedless Jam 300g,£1.50,50p / 100g,null,cupboard,spread_jam,2024-11-19
Pip & Nut Crunchy Peanut Butter 1kg,£7.00,70p / 100g,null,cupboard,spread_jam,2024-11-19
Sainsbury's Taste the Difference Chilli Jam Spicy & Sweet 20...,£1.85,93p / 100g,£1.50,cupboard,spread_jam,2024-11-19
Nutella Hazelnut & Chocolate Spread 200g,£2.25,£1.13 / 100g,null,cupboard,spread_jam,2024-11-19
Sainsbury's Apricot Jam 454g,89p,20p / 100g,null,cupboard,spread_jam,2024-11-19
Stamford Street Co. Medium Cut Orange Marmalade 454g,79p,17p / 100g,null,cupboard,spread_jam,2024-11-19
"Sainsbury's Orange Marmalade, Thick Cut 454g",£1.05,23p / 100g,null,cupboard,spread_jam,2024-11-19
Sainsbury's Blackcurrant Jam 454g,89p,20p / 100g,null,cupboard,spread_jam,2024-11-19
Hartley's Strawberry Jam 300g,£1.50,50p / 100g,null,cupboard,spread_jam,2024-11-19
Pip & Nut Peanut Butter 1kg,£7.00,70p / 100g,null,cupboard,spread_jam,2024-11-19
Pip & Nut Smooth Almond Butter 170g,£3.40,£2.00 / 100g,null,cupboard,spread_jam,2024-11-19
Sainsbury's Reduced Sugar Strawberry Jam 415g,81p,20p / 100g,null,cupboard,spread_jam,2024-11-19
Meridian Smooth Peanut Butter 280g,£2.80,£1.00 / 100g,£2.00,cupboard,spread_jam,2024-11-19
Rowse Dark & Rich Honey 340g,£3.00,88p / 100g,null,cupboard,spread_jam,2024-11-19
Meridian Crunchy Peanut Butter 280g,£2.80,£1.00 / 100g,£2.00,cupboard,spread_jam,2024-11-19
St. Dalfour Strawberry Fruit Spread 284g,£3.25,£1.14 / 100g,null,cupboard,spread_jam,2024-11-19
Sun-Pat Smooth Peanut Butter 570g,£3.75,66p / 100g,null,cupboard,spread_jam,2024-11-19
"Sainsbury's Clear Honey, SO Organic 340g",£3.35,99p / 100g,null,cupboard,spread_jam,2024-11-19
"Sainsbury's Orange Marmalade, Medium Cut 454g",£1.05,23p / 100g,null,cupboard,spread_jam,2024-11-19
Pip & Nut Smooth Almond Butter 425g,£7.50,£1.76 / 100g,null,cupboard,spread_jam,2024-11-19
Duerr's Fine Cut Seville Orange Marmalade 340g,£1.50,44p / 100g,null,cupboard,spread_jam,2024-11-19
Sainsbury's Peanut Butter Crunchy 700g,£2.80,40p / 100g,null,cupboard,spread_jam,2024-11-19
Meridian Crunchy Almond Butter 170g,£3.25,£1.91 / 100g,null,cupboard,spread_jam,2024-11-19
Pip & Nut Crunchy Peanut Butter 300g,£3.25,£1.08 / 100g,£2.25,cupboard,spread_jam,2024-11-19
Heinz Sandwich Spread 300g,£2.15,72p / 100g,null,cupboard,spread_jam,2024-11-19
Whole Earth Organic Smooth Peanut Butter 340g,£3.60,£1.06 / 100g,£3.00,cupboard,spread_jam,2024-11-19
Wilkin & Sons Ltd Tiptree Double One Orange & Tangerine Fine...,£2.80,82p / 100g,null,cupboard,spread_jam,2024-11-19
"Sainsbury's Fresh Fruit Three Fruits Marmalade, Taste the Di...",£1.80,53p / 100g,£1.60,cupboard,spread_jam,2024-11-19
"Sainsbury's Lemon Curd, Taste the Difference 320g",£2.15,67p / 100g,null,cupboard,spread_jam,2024-11-19
Robertson's Golden Shredless Orange Marmalade 454g,£2.10,46p / 100g,null,cupboard,spread_jam,2024-11-19
"Sainsbury's Blackcurrant Conserve, Taste the Difference 340g",£2.40,71p / 100g,£2.00,cupboard,spread_jam,2024-11-19
Sainsbury's Sardine & Tomato Paste 75g,60p,80p / 100g,null,cupboard,spread_jam,2024-11-19
Sainsbury's Seedless Strawberry Jam 454g,89p,20p / 100g,null,cupboard,spread_jam,2024-11-19
Sainsbury's Beef Paste 75g,60p,80p / 100g,null,cupboard,spread_jam,2024-11-19
Pip & Nut Smooth Peanut Butter 300g,£3.25,£1.08 / 100g,£2.25,cupboard,spread_jam,2024-11-19
Sainsbury's Raspberry Jam 454g,89p,20p / 100g,null,cupboard,spread_jam,2024-11-19
Sainsbury's Lemon Curd 411g,£1.15,28p / 100g,null,cupboard,spread_jam,2024-11-19
Sainsbury's Ginger Preserve 454g,£1.34,30p / 100g,null,cupboard,spread_jam,2024-11-19
Whole Earth Smooth Peanut Butter 1kg,£6.80,68p / 100g,£5.50,cupboard,spread_jam,2024-11-19
Sainsbury's Chicken Paste 73g,60p,82p / 100g,null,cupboard,spread_jam,2024-11-19
Rowse Mild & Light Squeezy Honey 340g,£3.00,88p / 100g,null,cupboard,spread_jam,2024-11-19
Princes Salmon Paste 75g,90p,£1.20 / 100g,null,cupboard,spread_jam,2024-11-19
Bonne Maman Black Cherry Conserve 370g,£3.60,97p / 100g,null,cupboard,spread_jam,2024-11-19
Sainsbury's Milk Chocolate Spread Chocolate 400g,£2.25,56p / 100g,null,cupboard,spread_jam,2024-11-19
Whole Earth Smooth Peanut Butter 454g,£4.50,99p / 100g,null,cupboard,spread_jam,2024-11-19
Skippy Peanut Butter Smooth 340g,£2.75,81p / 100g,£2.00,cupboard,spread_jam,2024-11-19
Sun-Pat Crunchy Peanut Butter 570g,£3.75,66p / 100g,null,cupboard,spread_jam,2024-11-19
Bonne Maman Hazelnut Chocolate Spread 250g,£3.00,£1.20 / 100g,null,cupboard,spread_jam,2024-11-19
Cadbury Chocolate Spread 400g,£3.50,88p / 100g,null,cupboard,spread_jam,2024-11-19
Bonne Maman Blackcurrant Conserve 370g,£3.30,89p / 100g,null,cupboard,spread_jam,2024-11-19
Whole Earth Organic Crunchy Palm Oil Free Peanut Butter 227g,£2.75,£1.21 / 100g,null,cupboard,spread_jam,2024-11-19
Rose's Lemon & Lime Marmalade 454g,£2.70,59p / 100g,null,cupboard,spread_jam,2024-11-19
Hartley's Best of Raspberry Seedless Jam 300g,£1.50,50p / 100g,null,cupboard,spread_jam,2024-11-19
Marmite Classic Yeast Extract Spread 125g,£2.50,£2.00 / 100g,null,cupboard,spread_jam,2024-11-19
Robertson's Golden Shred Orange Marmalade 454g,£2.10,46p / 100g,null,cupboard,spread_jam,2024-11-19
Sainsbury's Peanut Butter Smooth 700g,£2.80,40p / 100g,null,cupboard,spread_jam,2024-11-19
Princes Chicken & Ham Paste Jar 75g,90p,£1.20 / 100g,null,cupboard,spread_jam,2024-11-19
St. Dalfour Raspberry Fruit Spread 284g,£3.25,£1.14 / 100g,null,cupboard,spread_jam,2024-11-19
Whole Earth Crunchy Peanut Butter 1kg,£6.80,68p / 100g,£5.50,cupboard,spread_jam,2024-11-19
Princes Crab Paste 75g,90p,£1.20 / 100g,null,cupboard,spread_jam,2024-11-19
Frank Cooper's Vintage Orange Marmalade 454g,£3.00,66p / 100g,null,cupboard,spread_jam,2024-11-19
Littleover Clear Wildflower Honey 340g,£4.20,£1.24 / 100g,null,cupboard,spread_jam,2024-11-19
Bonne Maman Wild Blueberry Conserve 370g,£3.60,97p / 100g,null,cupboard,spread_jam,2024-11-19
"Sainsbury's Peanut Butter Smooth, SO Organic 340g",£2.35,69p / 100g,null,cupboard,spread_jam,2024-11-19
Meridian Cashew Nut Butter 170g,£3.30,£1.94 / 100g,£2.75,cupboard,spread_jam,2024-11-19
Lotus Biscoff Crunchy Spread 380g,£3.20,84p / 100g,£2.60,cupboard,spread_jam,2024-11-19
Whole Earth Crunchy Peanut Butter 454g,£4.50,99p / 100g,null,cupboard,spread_jam,2024-11-19
Rowse Organic Squeezy Honey 340g,£3.80,£1.12 / 100g,null,cupboard,spread_jam,2024-11-19
St. Dalfour Orange Thick Cut Fruit Spread 284g,£3.25,£1.14 / 100g,null,cupboard,spread_jam,2024-11-19
Rowse Set Honey 340g,£3.00,88p / 100g,£2.50,cupboard,spread_jam,2024-11-19
Sun-Pat Smooth Peanut Butter 300g,£2.80,93p / 100g,£2.00,cupboard,spread_jam,2024-11-19
JimJams 83% Less Sugar Hazelnut Chocolate Spread 350g,£2.80,80p / 100g,null,cupboard,spread_jam,2024-11-19
Mackays Seville Orange Marmalade 340g,£2.00,59p / 100g,£1.60,cupboard,spread_jam,2024-11-19
Harley's Black Cherry Jam 300g,£1.50,50p / 100g,null,cupboard,spread_jam,2024-11-19
Manilife Original Roast Crunchy Peanut Butter 275g,£4.00,£1.45 / 100g,£3.00,cupboard,spread_jam,2024-11-19
Manilife Deep Roast Crunchy Peanut Butter 275g,£4.00,£1.45 / 100g,£3.00,cupboard,spread_jam,2024-11-19
Tiptree Strawberry Conserve 340g,£3.30,97p / 100g,null,cupboard,spread_jam,2024-11-19
"Sainsbury's Apricot Conserve, Taste the Difference 340g",£2.40,71p / 100g,£2.00,cupboard,spread_jam,2024-11-19
Frank Cooper's Original Oxford Marmalade 454g,£3.00,66p / 100g,null,cupboard,spread_jam,2024-11-19
Mackays Vintage Orange Marmalade 340g,£2.00,59p / 100g,£1.60,cupboard,spread_jam,2024-11-19
Wilkin & Sons Ltd Tiptree No Peel Orange Marmalade 340g,£2.80,82p / 100g,null,cupboard,spread_jam,2024-11-19
Odysea Greek Pine & Fir Tree Raw Honey 250g,£4.90,£1.96 / 100g,null,cupboard,spread_jam,2024-11-19
Mackays Dundee Orange Marmalade 340g,£2.00,59p / 100g,£1.60,cupboard,spread_jam,2024-11-19
Nando's Sweet Chilli Jam 285g,£2.50,88p / 100g,null,cupboard,spread_jam,2024-11-19
St. Dalfour Orange & Ginger Spread 284g,£3.25,£1.14 / 100g,null,cupboard,spread_jam,2024-11-19
Meridian Crunchy Peanut Butter 1kg,£6.50,65p / 100g,null,cupboard,spread_jam,2024-11-19
Duerr's Thick Cut Seville Orange Marmalade 340g,£1.50,44p / 100g,null,cupboard,spread_jam,2024-11-19
Sainsbury's Duo Chocolate Swirl Spread 400g,£2.15,54p / 100g,null,cupboard,spread_jam,2024-11-19
Robertson's Silver Shred Lemon Marmalade 454g,£2.10,46p / 100g,null,cupboard,spread_jam,2024-11-19
"Sainsbury's Squeezy Honey, SO Organic 340g",£3.35,99p / 100g,null,cupboard,spread_jam,2024-11-19
Bonne Maman Damson Conserve 370g,£3.30,89p / 100g,null,cupboard,spread_jam,2024-11-19
Whole Earth Drizzler Original Roasted Super Smooth Peanut Bu...,£3.30,£1.03 / 100g,null,cupboard,spread_jam,2024-11-19
Mackays Seedless Bramble Preserve 340g,£2.30,68p / 100g,£1.80,cupboard,spread_jam,2024-11-19
"Sainsbury's Set Honey, SO Organic 340g",£3.35,99p / 100g,null,cupboard,spread_jam,2024-11-19
St. Dalfour Wild Blueberry Fruit Spread 284g,£3.25,£1.14 / 100g,null,cupboard,spread_jam,2024-11-19
Rowse Greek Squeezy Honey 250g,£3.75,£1.50 / 100g,null,cupboard,spread_jam,2024-11-19
Marmite Reduced Salt Yeast Extract Spread 250g,£3.35,£1.34 / 100g,null,cupboard,spread_jam,2024-11-19
"Sainsbury's Cherry Jam, Taste the Difference 340g",£2.40,71p / 100g,£2.00,cupboard,spread_jam,2024-11-19
Bonne Maman Fig Conserve 370g,£3.30,89p / 100g,null,cupboard,spread_jam,2024-11-19
Pip & Nut Crunchy Almond Butter 170g,£3.40,£2.00 / 100g,null,cupboard,spread_jam,2024-11-19
Bonne Maman Lemon Curd 360g,£2.90,81p / 100g,null,cupboard,spread_jam,2024-11-19
Nature's Store Hazelnut & Chocolate Spread 350g,£2.25,64p / 100g,null,cupboard,spread_jam,2024-11-19
"Sainsbury's Seville Orange & Whisky Marmalade 3, Taste the D...",£1.80,53p / 100g,null,cupboard,spread_jam,2024-11-19
Pip & Nut The Ultimate Crunchy Peanut Butter 300g,£3.30,£1.10 / 100g,£2.50,cupboard,spread_jam,2024-11-19
Rowse Organic Runny Honey Squeezy 680g,£5.75,85p / 100g,null,cupboard,spread_jam,2024-11-19
Princes Sardine & Tom Paste 75g,90p,£1.20 / 100g,null,cupboard,spread_jam,2024-11-19
St. Dalfour Apricot Fruit Spread 284g,£3.25,£1.14 / 100g,null,cupboard,spread_jam,2024-11-19
Sun-Pat Crunchy Peanut Butter 300g,£2.80,93p / 100g,£2.00,cupboard,spread_jam,2024-11-19
Whole Earth Organic Crunchy Peanut Butter 340g,£3.60,£1.06 / 100g,£3.00,cupboard,spread_jam,2024-11-19
"Tiptree Raspberry Jam, Seedless - Extra Fruit 340g",£3.80,£1.12 / 100g,null,cupboard,spread_jam,2024-11-19
Mackays Scottish Strawberry Preserve 340g,£2.30,68p / 100g,£1.80,cupboard,spread_jam,2024-11-19
Pip & Nut Crunchy Sweet & Salty Peanut Butter 300g,£3.25,£1.08 / 100g,£2.50,cupboard,spread_jam,2024-11-19
Bonne Maman Hazelnut Chocolate Spread 360g,£3.60,£1.00 / 100g,null,cupboard,spread_jam,2024-11-19
"Sainsbury's Orange Blossom Honey, Taste the Difference 340g",£4.35,£1.28 / 100g,null,cupboard,spread_jam,2024-11-19
"Sainsbury's Quince Jelly, Taste the Difference 215g",£2.10,98p / 100g,£1.50,cupboard,spread_jam,2024-11-19
Rowse Acacia Honey Squeezy 250g,£3.50,£1.40 / 100g,null,cupboard,spread_jam,2024-11-19
Hilltop Everyday Blossom Honey 720g,£4.00,56p / 100g,£3.50,cupboard,spread_jam,2024-11-19
Lyle's Golden Syrup Squeezy Bottle 340g,£1.75,51p / 100g,null,cupboard,spread_jam,2024-11-19
Littleover English Set Honey 340g,£4.70,£1.38 / 100g,null,cupboard,spread_jam,2024-11-19
Hartley's Apricot Jam 300g,£1.50,50p / 100g,null,cupboard,spread_jam,2024-11-19
Bonne Maman Intense Strawberry Conserve 335g,£3.80,£1.13 / 100g,null,cupboard,spread_jam,2024-11-19
Stute No Sugar Strawberry Extra Jam 430g,£2.65,62p / 100g,null,cupboard,spread_jam,2024-11-19
Bonne Maman Rhubarb and Strawberry Conserve 370g,£3.30,89p / 100g,null,cupboard,spread_jam,2024-11-19
Rowse Manuka 100+ MGO 225g,£9.50,£4.22 / 100g,null,cupboard,spread_jam,2024-11-19
Rowse Clear Honey 340g,£3.00,88p / 100g,£2.50,cupboard,spread_jam,2024-11-19
Clarks Organic Agave Syrup 250ml,£2.65,£10.60 / ltr,null,cupboard,spread_jam,2024-11-19
Robertson's MaMade Thin Cut Seville Oranges 850g,£2.60,31p / 100g,null,cupboard,spread_jam,2024-11-19
"Sainsbury's Blueberry Conserve, Taste the Difference 340g",£2.40,71p / 100g,£2.00,cupboard,spread_jam,2024-11-19
"Sainsbury's Spanish Forest Honey, Taste the Difference 340g",£4.35,£1.28 / 100g,null,cupboard,spread_jam,2024-11-19
Manilife Original Roast Smooth Peanut Butter 275g,£4.00,£1.45 / 100g,£3.00,cupboard,spread_jam,2024-11-19
Marmite Yeast Extract Squeezy 200g,£3.00,£1.50 / 100g,£2.50,cupboard,spread_jam,2024-11-19
"Sweet Freedom Fruit Syrup, Original 350g",£3.30,94p / 100g,null,cupboard,spread_jam,2024-11-19
Tiptree Black Cherry Conserve 340g,£3.30,97p / 100g,null,cupboard,spread_jam,2024-11-19
Sweet Freedom Choc Pot Chocolate Spread 250g,£3.10,£1.24 / 100g,null,cupboard,spread_jam,2024-11-19
Littleover Apiaries Heather Honey 340g,£5.60,£1.65 / 100g,null,cupboard,spread_jam,2024-11-19
Rowse Organic Honey 340g,£3.50,£1.03 / 100g,null,cupboard,spread_jam,2024-11-19
Pip & Nut Smooth Sweet Salty Peanut Butter 300g,£3.25,£1.08 / 100g,£2.50,cupboard,spread_jam,2024-11-19
Hartley's Blackcurrant 300g,£1.50,50p / 100g,null,cupboard,spread_jam,2024-11-19
Rowse Honey with a Hint of Cinnamon 340g,£3.00,£1.20 / 100g,null,cupboard,spread_jam,2024-11-19
Sainsbury's Manuka Honey 10+ 340g,£18.30,£5.38 / 100g,null,cupboard,spread_jam,2024-11-19
Bonne Maman Berries Cherries Conserve 370g,£3.30,89p / 100g,null,cupboard,spread_jam,2024-11-19
"Sainsbury's Strawberry Conserve, SO Organic 340g",£2.80,82p / 100g,null,cupboard,spread_jam,2024-11-19
Bonne Maman Peach Conserve 370g,£3.30,89p / 100g,null,cupboard,spread_jam,2024-11-19
Bonne Maman Crunchy Hazelnut Chocolate Spread 250g,£3.10,£1.24 / 100g,null,cupboard,spread_jam,2024-11-19
Sauce Shop Amarillo Chilli Jam 240g,£3.75,£1.56 / 100g,null,cupboard,spread_jam,2024-11-19
Hartley's Pineapple Jam 300g,£1.50,50p / 100g,null,cupboard,spread_jam,2024-11-19
Rowse Manuka 500+ MGO Honey 225g,£20.00,£8.89 / 100g,null,cupboard,spread_jam,2024-11-19
"Sainsbury's Acacia Honey, Taste the Difference 340g",£4.35,£1.28 / 100g,null,cupboard,spread_jam,2024-11-19
Bonne Maman Chocolate & Orange Spread 275g,£2.90,£1.05 / 100g,null,cupboard,spread_jam,2024-11-19
Rowse Manuka 250+ MGO Honey 225g,£14.50,£6.44 / 100g,null,cupboard,spread_jam,2024-11-19
Bonne Maman Intense Apricot Conserve 335g,£3.80,£1.13 / 100g,null,cupboard,spread_jam,2024-11-19
Bonne Maman Wild Strawberry 370g,£3.60,97p / 100g,null,cupboard,spread_jam,2024-11-19
Bonne Maman Caramelised Apple Spread 275g,£2.90,£1.05 / 100g,null,cupboard,spread_jam,2024-11-19
Marshmallow Fluff 213g,£2.20,£1.03 / 100g,null,cupboard,spread_jam,2024-11-19
Sauce Shop Scotch Bonnet Chilli Jam 240g,£3.75,£1.56 / 100g,null,cupboard,spread_jam,2024-11-19
Manilife Deep Roast Smooth Peanut Butter 275g,£4.00,£1.45 / 100g,£3.00,cupboard,spread_jam,2024-11-19
Pip & Nut The Ultimate Crunchy Peanut Butter 1kg,£7.00,70p / 100g,null,cupboard,spread_jam,2024-11-19
Littleover Apiaries Acacia Honey 340g,£4.20,£1.24 / 100g,null,cupboard,spread_jam,2024-11-19
Mackays Scottish Raspberry Preserve 340g,£2.30,68p / 100g,£1.80,cupboard,spread_jam,2024-11-19
Maple Crest Maple Syrup 250g,£4.00,£1.60 / 100g,£3.00,cupboard,spread_jam,2024-11-19
"Sainsbury's Raspberry Conserve, SO Organic 340g",£2.80,82p / 100g,null,cupboard,spread_jam,2024-11-19
Rowse Defence Honey + Manuka + Vitamin C 250g,£4.00,£1.60 / 100g,£3.00,cupboard,spread_jam,2024-11-19
Whole Earth Drizzler Golden Roasted Peanut Butter 320g,£3.30,£1.03 / 100g,null,cupboard,spread_jam,2024-11-19
Hartley's Strawberry Jam 320g,£2.50,78p / 100g,null,cupboard,spread_jam,2024-11-19
Bonne Maman Intense Raspberry Conserve 335g,£3.80,£1.13 / 100g,null,cupboard,spread_jam,2024-11-19
"Sainsbury's Strawberry Conserve with Marc de Champagne, Tast...",£2.40,71p / 100g,null,cupboard,spread_jam,2024-11-19
Marmite XO Yeast Extract 250g,£4.50,£1.80 / 100g,null,cupboard,spread_jam,2024-11-19
Patum Peperium The Gentleman's Relish 71g,£3.00,£4.23 / 100g,null,cupboard,spread_jam,2024-11-19
St. Dalfour Strawberry & Rhubarb 284g,£3.25,£1.14 / 100g,null,cupboard,spread_jam,2024-11-19
Hartley's Blackcurrant Jam 320g,£2.50,78p / 100g,null,cupboard,spread_jam,2024-11-19
Pasieka Multiflower Honey 1kg,£8.40,84p / 100g,null,cupboard,spread_jam,2024-11-19
Frank Cooper's Oxford Spiced Orange Marmalade 454g,£3.00,66p / 100g,£2.50,cupboard,spread_jam,2024-11-19
Crave Notella 225g,£2.75,£1.22 / 100g,null,cupboard,spread_jam,2024-11-19
Milka Hazelnut Creme 350g,£4.70,£1.34 / 100g,null,cupboard,spread_jam,2024-11-19
O'Kane Squeezy Honey 340g,£2.80,82p / 100g,null,cupboard,spread_jam,2024-11-19
Crave Crunchy Pnot Butter 200g,£4.00,£2.00 / 100g,£3.00,cupboard,spread_jam,2024-11-19
Sainsbury's Diet Lemonade 2L,75p,4p / 100ml,null,drinks,soft_drink,2024-11-19
Pepsi Max No Sugar Cola Bottle 2L,£2.35,12p / 100ml,null,drinks,soft_drink,2024-11-19
Diet Coke 10x330ml (8+2 Extra Free),£4.95,15p / 100ml,null,drinks,soft_drink,2024-11-19
Coca-Cola Zero Sugar 10x330ml (8+2 Extra Free),£4.95,15p / 100ml,null,drinks,soft_drink,2024-11-19
Diet Coke 24x330ml,£11.00,14p / 100ml,null,drinks,soft_drink,2024-11-19
Coca-Cola Zero Sugar 24x330ml,£11.00,14p / 100ml,null,drinks,soft_drink,2024-11-19
Sainsbury's Cola Zero 2L,49p,2p / 100ml,null,drinks,soft_drink,2024-11-19
Coca-Cola Original Taste 8x330ml,£5.50,21p / 100ml,null,drinks,soft_drink,2024-11-19
Alpro Oat Milk No Sugars Long Life Dairy Alternative 1L,£2.30,£2.30 / ltr,null,drinks,soft_drink,2024-11-19
Coca-Cola Original Taste 1.75L,£2.50,14p / 100ml,null,drinks,soft_drink,2024-11-19
Coca-Cola Zero Sugar 2L,£2.40,12p / 100ml,null,drinks,soft_drink,2024-11-19
Vimto No Added Sugar Real Fruit Squash 2L,£3.00,15p / 100ml,null,drinks,soft_drink,2024-11-19
Pepsi Max No Sugar Cola Cans 24x330ml,£11.50,15p / 100ml,null,drinks,soft_drink,2024-11-19
Pepsi Max No Sugar Cola Cans 8x330ml,£4.75,18p / 100ml,null,drinks,soft_drink,2024-11-19
Coca-Cola Original Taste 24x330ml,£14.50,18p / 100ml,null,drinks,soft_drink,2024-11-19
J2O Glitterberry 4x275ml,£4.75,43p / 100ml,null,drinks,soft_drink,2024-11-19
Diet Coke 2L,£2.40,12p / 100ml,null,drinks,soft_drink,2024-11-19
Sainsbury's Lemonade 2L,75p,4p / 100ml,null,drinks,soft_drink,2024-11-19
"Sainsbury's Bottled Sparkling Flavoured Water, Blackcurrant ...",75p,8p / 100ml,null,drinks,soft_drink,2024-11-19
"Sainsbury's Bottled Sparkling Flavoured Water, Lemon & Lime ...",75p,8p / 100ml,null,drinks,soft_drink,2024-11-19
Fanta Orange Zero 8x330ml,£3.75,14p / 100ml,null,drinks,soft_drink,2024-11-19
Sainsbury's Diet Cola 2L,49p,2p / 100ml,null,drinks,soft_drink,2024-11-19
"Sainsbury's Bottled Sparkling Flavoured Water, Mango & Passi...",75p,8p / 100ml,null,drinks,soft_drink,2024-11-19
Diet Coke No Caffeine 8 x 330ml,£4.95,19p / 100ml,null,drinks,soft_drink,2024-11-19
7UP Zero Sugar Lemon & Lime Cans 8x330ml,£3.70,14p / 100ml,null,drinks,soft_drink,2024-11-19
R Whites Lemonade 2L,£1.15,6p / 100ml,null,drinks,soft_drink,2024-11-19
Pepsi Max Cherry No Sugar Cola Bottle 2L,£2.35,12p / 100ml,null,drinks,soft_drink,2024-11-19
Sainsbury's Cloudy Lemonade No Added Sugar 2L,95p,5p / 100ml,null,drinks,soft_drink,2024-11-19
Sainsbury's Diet Lemonade 6x330ml,£2.05,10p / 100ml,null,drinks,soft_drink,2024-11-19
Fanta Orange Zero 2L,£2.05,10p / 100ml,null,drinks,soft_drink,2024-11-19
"Sainsbury's Lemonade, Diet 1L",70p,7p / 100ml,null,drinks,soft_drink,2024-11-19
Schweppes Slimline Lemonade 2L,£1.50,8p / 100ml,null,drinks,soft_drink,2024-11-19
"Sainsbury's Diet Ginger Beer, No Added Sugar 2L",95p,5p / 100ml,null,drinks,soft_drink,2024-11-19
"Sainsbury's Bottled Sparkling Flavoured Water, Strawberry & ...",75p,8p / 100ml,null,drinks,soft_drink,2024-11-19
Schweppes Lemonade 2L,£1.50,8p / 100ml,null,drinks,soft_drink,2024-11-19
Vimto Real Fruit Squash 2L,£3.00,15p / 100ml,null,drinks,soft_drink,2024-11-19
Sainsbury's Cola 2L,70p,4p / 100ml,null,drinks,soft_drink,2024-11-19
Fanta Orange 18x330ml,£8.10,14p / 100ml,null,drinks,soft_drink,2024-11-19
Sprite Zero Sugar 8x330ml,£3.75,14p / 100ml,null,drinks,soft_drink,2024-11-19
Pepsi Max No Caffeine 8x330ml,£4.75,18p / 100ml,null,drinks,soft_drink,2024-11-19
Sainsbury's Lemonade 1L,70p,7p / 100ml,null,drinks,soft_drink,2024-11-19
Diet Coke No Caffeine 2L,£2.40,12p / 100ml,null,drinks,soft_drink,2024-11-19
"Sainsbury's Pineapple & Grapefruit Juice Drink, Zero Added S...",95p,5p / 100ml,null,drinks,soft_drink,2024-11-19
"Sainsbury's Ginger Beer, Diet x6 330ml",£2.05,10p / 100ml,null,drinks,soft_drink,2024-11-19
Coca-Cola Original Taste 12x150ml,£6.55,36p / 100ml,null,drinks,soft_drink,2024-11-19
R Whites Diet Lemonade 2L,£1.15,6p / 100ml,null,drinks,soft_drink,2024-11-19
Pepsi Max Cherry No Sugar Cola Cans 8x330ml,£4.75,18p / 100ml,null,drinks,soft_drink,2024-11-19
"Sainsbury's Diet Cream Soda, No Added Sugar 2L",95p,5p / 100ml,null,drinks,soft_drink,2024-11-19
Coca-Cola Zero Sugar Zero Caffeine 8x330ml,£4.95,19p / 100ml,null,drinks,soft_drink,2024-11-19
Dr Pepper 18x330ml,£8.10,14p / 100ml,null,drinks,soft_drink,2024-11-19
Lucozade Energy Drink Original 900ml,£1.50,17p / 100ml,null,drinks,soft_drink,2024-11-19
Pepsi Max No Caffeine No Sugar Cola Bottle 2L,£2.35,12p / 100ml,null,drinks,soft_drink,2024-11-19
Sainsbury's No Added Sugar Cherryade 2L,95p,5p / 100ml,null,drinks,soft_drink,2024-11-19
Coca-Cola Zero Sugar Zero Caffeine 2L,£2.40,12p / 100ml,null,drinks,soft_drink,2024-11-19
"Vimto Sparkling, No Added Sugar 6x330ml",£3.00,15p / 100ml,null,drinks,soft_drink,2024-11-19
Dr Pepper Zero 2L,£2.05,10p / 100ml,null,drinks,soft_drink,2024-11-19
San Pellegrino Lemon 6x330ml,£4.80,24p / 100ml,null,drinks,soft_drink,2024-11-19
"Sainsbury's Diet Lemon & Lime, No Added Sugar 2L",95p,5p / 100ml,null,drinks,soft_drink,2024-11-19
Tango Apple Sugar Free Can 8x330ml,£3.70,14p / 100ml,null,drinks,soft_drink,2024-11-19
Pepsi Max No Sugar Cola Bottle 1.25L,£1.65,13p / 100ml,£1.25,drinks,soft_drink,2024-11-19
7UP Zero Sugar Lemon & Lime Bottle 2L,£2.00,10p / 100ml,null,drinks,soft_drink,2024-11-19
Tango Cherry Sugar Free Cans 8x330ml,£3.70,14p / 100ml,null,drinks,soft_drink,2024-11-19
San Pellegrino Blood Orange 6x330ml,£4.80,24p / 100ml,null,drinks,soft_drink,2024-11-19
Sprite 8x330ml,£3.75,14p / 100ml,null,drinks,soft_drink,2024-11-19
Fanta Lemon Can 8x330ml,£3.75,14p / 100ml,null,drinks,soft_drink,2024-11-19
Lucozade Energy Drink Orange 900ml,£1.50,17p / 100ml,null,drinks,soft_drink,2024-11-19
Coca-Cola Original Taste 4x250ml,£4.70,47p / 100ml,null,drinks,soft_drink,2024-11-19
Irn-Bru Xtra No Sugar Soft Drink Bottle 2L,£1.80,9p / 100ml,null,drinks,soft_drink,2024-11-19
Sprite zero sugar 2L,£2.05,10p / 100ml,null,drinks,soft_drink,2024-11-19
Diet Coke 1.25L,£1.85,15p / 100ml,null,drinks,soft_drink,2024-11-19
Diet Pepsi Cola Bottle 2L,£2.35,12p / 100ml,null,drinks,soft_drink,2024-11-19
San Pellegrino Orange 6x330ml,£4.80,24p / 100ml,null,drinks,soft_drink,2024-11-19
Dr Pepper Zero x8 330ml,£3.75,14p / 100ml,null,drinks,soft_drink,2024-11-19
Schweppes Original Lemonade 12x150ml,£5.85,33p / 100ml,£4.00,drinks,soft_drink,2024-11-19
Perfectly Clear Still Red Apple Flavour Spring Water 1.5L,£1.00,7p / 100ml,null,drinks,soft_drink,2024-11-19
"Sainsbury's Diet Cream Soda, No Added Sugar 6x330ml",£2.05,10p / 100ml,null,drinks,soft_drink,2024-11-19
J2O Orange & Passion Fruit Cans 4x250ml,£3.25,33p / 100ml,null,drinks,soft_drink,2024-11-19
J2O Apple & Raspberry Cans 4x250ml,£3.25,33p / 100ml,null,drinks,soft_drink,2024-11-19
Diet Coke 6x250ml,£3.50,23p / 100ml,£2.50,drinks,soft_drink,2024-11-19
Diet Coke 12x150ml,£5.85,33p / 100ml,£4.00,drinks,soft_drink,2024-11-19
"Sainsbury's Diet Cloudy Lemonade, 6x330ml",£2.05,10p / 100ml,null,drinks,soft_drink,2024-11-19
Fanta Fruit Twist Zero 8x330ml,£3.75,14p / 100ml,null,drinks,soft_drink,2024-11-19
Dr Pepper 2L,£2.05,10p / 100ml,null,drinks,soft_drink,2024-11-19
Coca Cola Zero Sugar Cherry 8x330ml,£4.95,19p / 100ml,null,drinks,soft_drink,2024-11-19
Fanta Lemon 2L,£2.05,10p / 100ml,null,drinks,soft_drink,2024-11-19
Coca-Cola Zero Sugar 6x250ml,£3.50,23p / 100ml,£2.50,drinks,soft_drink,2024-11-19
Dr Pepper 8x330ml,£3.75,14p / 100ml,null,drinks,soft_drink,2024-11-19
Diet Coke No Caffeine 24x330ml,£11.00,14p / 100ml,null,drinks,soft_drink,2024-11-19
Diet Pepsi Cans 8x330ml,£3.95,15p / 100ml,null,drinks,soft_drink,2024-11-19
Sainsbury's No Added Sugar Orangeade 2L,95p,5p / 100ml,null,drinks,soft_drink,2024-11-19
"Sainsbury's Pink Lemonade, Zero Added Sugar 2L",£1.25,6p / 100ml,null,drinks,soft_drink,2024-11-19
"Sainsbury's Bottled Sparkling Flavoured Water Lemon & Lime, ...",£1.80,9p / 100ml,null,drinks,soft_drink,2024-11-19
Old Jamaica Ginger Beer 4x330ml,£2.65,20p / 100ml,£2.00,drinks,soft_drink,2024-11-19
Fanta Fruit Twist Zero 2L,£2.05,10p / 100ml,null,drinks,soft_drink,2024-11-19
Fanta Orange 8x330ml,£3.75,14p / 100ml,null,drinks,soft_drink,2024-11-19
Pepsi Max Cherry No Sugar Cola Cans 24x330ml,£11.50,15p / 100ml,null,drinks,soft_drink,2024-11-19
Coca-Cola Original Taste 1.25L,£2.00,16p / 100ml,null,drinks,soft_drink,2024-11-19
Appletiser Sparkling Apple Juice 150ml,65p,43p / 100ml,null,drinks,soft_drink,2024-11-19
"Sainsbury's Diet Dandelion & Burdock, No Added Sugar 2L",95p,5p / 100ml,null,drinks,soft_drink,2024-11-19
Sainsbury's No Added Sugar Tropical Crush Drink 2L,95p,5p / 100ml,null,drinks,soft_drink,2024-11-19
Coca-Cola Zero Sugar Cherry 2L,£2.40,12p / 100ml,null,drinks,soft_drink,2024-11-19
Tango Orange Original Can 8x330ml,£3.70,14p / 100ml,null,drinks,soft_drink,2024-11-19
Diet Pepsi Caffeine Free Cola Bottle 2L,£2.35,12p / 100ml,null,drinks,soft_drink,2024-11-19
Fanta Orange 2L,£2.05,10p / 100ml,null,drinks,soft_drink,2024-11-19
Monster Energy Drink Ultra Zero Sugar 9x500ml,£10.00,22p / 100ml,null,drinks,soft_drink,2024-11-19
Tango Mango Sugar Free Cans 8x330ml,£3.70,14p / 100ml,null,drinks,soft_drink,2024-11-19
Schweppes Slimline Lemonade 6x330ml,£4.00,20p / 100ml,null,drinks,soft_drink,2024-11-19
Fanta Orange Zero 24x330ml,£9.75,12p / 100ml,null,drinks,soft_drink,2024-11-19
Fanta Pineapple & Grapefruit Zero Sugar 2L,£2.05,10p / 100ml,null,drinks,soft_drink,2024-11-19
Oasis Summer Fruits 500ml,£1.95,39p / 100ml,null,drinks,soft_drink,2024-11-19
Coca-Cola Zero Sugar Lemon 8x330ml,£4.95,19p / 100ml,null,drinks,soft_drink,2024-11-19
Pepsi Max Lime No Sugar Cola Bottle 2L,£2.35,12p / 100ml,null,drinks,soft_drink,2024-11-19
J2O Spritz Sparkling Apple & Watermelon Cans 4x250ml,£3.25,33p / 100ml,null,drinks,soft_drink,2024-11-19
Trip CBD Infused Elderflower Mint 4x250ml,£6.50,65p / 100ml,£5.50,drinks,soft_drink,2024-11-19
Pepsi Max No Sugar Cola Cans 12x330ml,£6.00,15p / 100ml,null,drinks,soft_drink,2024-11-19
Coca-Cola Zero Sugar 1.25L,£1.85,15p / 100ml,null,drinks,soft_drink,2024-11-19
Diet Coke 4x250ml,£4.40,44p / 100ml,null,drinks,soft_drink,2024-11-19
Trip CBD Infused Peach Ginger 4x250ml,£6.50,65p / 100ml,£5.50,drinks,soft_drink,2024-11-19
Rubicon Sparkling Mango Juice Soft Drink 6x330ml,£3.70,19p / 100ml,null,drinks,soft_drink,2024-11-19
Pepsi Max Mango No Sugar Cola Bottle 2L,£2.35,12p / 100ml,null,drinks,soft_drink,2024-11-19
Diet Coke 4x330ml,£3.00,23p / 100ml,null,drinks,soft_drink,2024-11-19
Pepsi 8x330ml,£4.50,17p / 100ml,null,drinks,soft_drink,2024-11-19
Diet Coke Sublime Lime 8 x 330ml,£4.95,19p / 100ml,null,drinks,soft_drink,2024-11-19
Nexba Naturally Sugar Free Elderflower & Lemon Kombucha 1L,£3.00,30p / 100ml,null,drinks,soft_drink,2024-11-19
Pepsi Max No Sugar Cola Bottle 500ml,£1.90,38p / 100ml,null,drinks,soft_drink,2024-11-19
Coca-Cola Cherry 1.75L,£2.50,14p / 100ml,null,drinks,soft_drink,2024-11-19
Lucozade Zero Pink Lemonade 900ml,£1.50,17p / 100ml,null,drinks,soft_drink,2024-11-19
Old Jamaica Ginger Beer Regular 2L,£2.20,11p / 100ml,£1.50,drinks,soft_drink,2024-11-19
Coca-Cola Original Taste 500ml,£1.95,39p / 100ml,null,drinks,soft_drink,2024-11-19
Sprite 2L,£2.05,10p / 100ml,null,drinks,soft_drink,2024-11-19
Radnor Fizz Forest Fruits x4 330ml,£2.25,17p / 100ml,null,drinks,soft_drink,2024-11-19
Irn-Bru Soft Drink 6x330ml,£2.70,14p / 100ml,null,drinks,soft_drink,2024-11-19
Fanta Fruit Twist 2L,£2.05,10p / 100ml,null,drinks,soft_drink,2024-11-19
Tango Orange 2L,£2.00,10p / 100ml,null,drinks,soft_drink,2024-11-19
Coca-Cola Zero Sugar 4x330ml,£3.00,23p / 100ml,null,drinks,soft_drink,2024-11-19
Radnor Fizz Tropical x4 330ml,£2.25,17p / 100ml,null,drinks,soft_drink,2024-11-19
Fanta Fruit Twist 8x330ml,£3.75,14p / 100ml,null,drinks,soft_drink,2024-11-19
Ben Shaws Shandy 6x330ml,£2.75,14p / 100ml,null,drinks,soft_drink,2024-11-19
Cawston Press Sparkling Rhubarb 4x330ml,£4.50,34p / 100ml,null,drinks,soft_drink,2024-11-19
"Old Jamaica Ginger Beer, Diet 4x330ml",£2.65,20p / 100ml,£2.00,drinks,soft_drink,2024-11-19
Touch of Strawberry Sparkling Sugar Free Flavoured Water by ...,£3.50,27p / 100ml,null,drinks,soft_drink,2024-11-19
Pepsi Max Mango 8x330ml,£4.75,18p / 100ml,null,drinks,soft_drink,2024-11-19
J2O Spritz Sparkling Pear & Raspberry Cans 4x250ml,£3.25,33p / 100ml,null,drinks,soft_drink,2024-11-19
Coca-Cola Zero Sugar Lemon 2L,£2.40,12p / 100ml,null,drinks,soft_drink,2024-11-19
Tango Apple Sugar Free Bottle 2L,£2.00,£1.00 / 1000ml,null,drinks,soft_drink,2024-11-19
Bundaberg Ginger Beer 4x375ml,£6.50,43p / 100ml,null,drinks,soft_drink,2024-11-19
Diet Coke 500ml,£1.75,35p / 100ml,null,drinks,soft_drink,2024-11-19
Nexba Kombucha Live Naturally Sugar Free Sparkling Probiotic...,£3.00,30p / 100ml,null,drinks,soft_drink,2024-11-19
Rubicon Spring Black Cherry Raspberry Flavoured Sparkling Sp...,£1.60,11p / 100ml,null,drinks,soft_drink,2024-11-19
Shloer Light Zero White Grape Sparkling Juice Drink 750ml,£2.60,35p / 100ml,null,drinks,soft_drink,2024-11-19
Vimto Sparkling Fruit Flavour Drink 2L,£1.65,8p / 100ml,£1.00,drinks,soft_drink,2024-11-19
Touch of Lemon & Lime Sparkling Sugar Free Flavoured Water b...,£3.50,27p / 100ml,null,drinks,soft_drink,2024-11-19
Irn-Bru Sugar Free Soft Drink 6x330ml,£2.70,14p / 100ml,null,drinks,soft_drink,2024-11-19
Rubicon Sparkling Mango Juice Soft Drink 2l,£1.95,10p / 100ml,null,drinks,soft_drink,2024-11-19
Coca-Cola Cherry 8x330ml,£5.50,21p / 100ml,null,drinks,soft_drink,2024-11-19
"Vimto Fizzy, No Added Sugar 2L",£1.65,8p / 100ml,£1.00,drinks,soft_drink,2024-11-19
Touch of Mango Passion Sparkling Sugar Free Flavoured Water ...,£3.50,27p / 100ml,null,drinks,soft_drink,2024-11-19
Diet Pepsi Cans 24x330ml,£11.50,15p / 100ml,null,drinks,soft_drink,2024-11-19
Fentimans Ginger Beer 750ml,£3.50,47p / 100ml,£2.00,drinks,soft_drink,2024-11-19
One Living Raspberry Kombucha with Pomegranate 275ml,£1.95,71p / 100ml,£1.60,drinks,soft_drink,2024-11-19
Pepsi 2L,£2.25,11p / 100ml,null,drinks,soft_drink,2024-11-19
7UP Zero Sugar Free Lemon & Lime Cans 24x330ml,£9.00,11p / 100ml,null,drinks,soft_drink,2024-11-19
One Living Ginger Kombucha with Turmeric 275ml,£1.95,71p / 100ml,£1.60,drinks,soft_drink,2024-11-19
Schweppes Lemonade 6x330ml,£4.00,20p / 100ml,null,drinks,soft_drink,2024-11-19
Ben Shaws Shandy 2L,£1.70,9p / 100ml,null,drinks,soft_drink,2024-11-19
Sprite Zero Sugar 6x250ml,£3.50,23p / 100ml,£2.50,drinks,soft_drink,2024-11-19
Coca-Cola Zero Sugar 500ml,£1.75,35p / 100ml,null,drinks,soft_drink,2024-11-19
Fanta Orange 4x330ml,£2.75,21p / 100ml,null,drinks,soft_drink,2024-11-19
"Sainsbury's Sicilian Lemonade, Sparkling, Taste the Differen...",£3.00,40p / 100ml,null,drinks,soft_drink,2024-11-19
Irn-Bru Soft Drink Bottle 2L,£1.80,9p / 100ml,null,drinks,soft_drink,2024-11-19
Sprite 150ml,65p,43p / 100ml,null,drinks,soft_drink,2024-11-19
Robinsons Ready to Drink Raspberry & Apple Juice Drink 500ml,£1.55,31p / 100ml,null,drinks,soft_drink,2024-11-19
Green Sour Cherry 4x330ml,£4.00,30p / 100ml,£3.00,drinks,soft_drink,2024-11-19
Coca-Cola Zero Sugar 150ml,65p,43p / 100ml,null,drinks,soft_drink,2024-11-19
Sprite 18x330ml,£8.10,14p / 100ml,null,drinks,soft_drink,2024-11-19
Lipton Lemon Ice Tea 6x330ml,£4.00,20p / 100ml,null,drinks,soft_drink,2024-11-19
Lipton Ice Tea Peach Flavoured Still Soft Drink 500ml,£1.85,37p / 100ml,null,drinks,soft_drink,2024-11-19
Lipton Lemon Ice Tea 6x330ml,£4.00,20p / 100ml,null,drinks,soft_drink,2024-11-19
Lipton Ice Tea Peach Flavoured Still Soft Drink 500ml,£1.85,37p / 100ml,null,drinks,soft_drink,2024-11-19
BrewDog Wingman Session IPA 12x330ml,£15.50,£3.91 / ltr,null,drinks,soft_drink,2024-11-19
Fanta Orange 6x250ml,£3.50,23p / 100ml,£2.50,drinks,soft_drink,2024-11-19
Fanta Orange 150ml,65p,43p / 100ml,null,drinks,soft_drink,2024-11-19
Diet Coke x6 375ml,£3.50,16p / 100ml,null,drinks,soft_drink,2024-11-19
Dr Pepper Zero 24x330ml,£9.75,12p / 100ml,null,drinks,soft_drink,2024-11-19
Evian Natural Bottled Mineral Still Water 750ml,£1.50,20p / 100ml,null,drinks,soft_drink,2024-11-19
Tango Cherry Sugar Free 2L,£2.00,10p / 100ml,null,drinks,soft_drink,2024-11-19
Tango Apple Sugar Free Cans 24x330ml,£9.00,11p / 100ml,null,drinks,soft_drink,2024-11-19
Lucozade Energy Drink Orange Cans 12x330ml,£5.55,14p / 100ml,null,drinks,soft_drink,2024-11-19
San Pellegrino Pomegranate & Orange 6x330ml,£4.80,24p / 100ml,null,drinks,soft_drink,2024-11-19
Cawston Press Sparkling Cloudy Apple 4x330ml,£4.50,34p / 100ml,null,drinks,soft_drink,2024-11-19
Schweppes Slimline Grapefuit Tonic Water 1L,£1.80,18p / 100ml,null,drinks,soft_drink,2024-11-19
Fentimans Classic Ginger Beer 275ml,£1.55,56p / 100ml,£1.00,drinks,soft_drink,2024-11-19
Coca-Cola Original Taste 150ml,70p,47p / 100ml,null,drinks,soft_drink,2024-11-19
Coca Cola Zero Sugar Vanilla 8x330ml,£4.95,19p / 100ml,null,drinks,soft_drink,2024-11-19
7UP Refreshing Lemon & Lime Taste 8x330ml,£3.70,14p / 100ml,null,drinks,soft_drink,2024-11-19
Old Jamaica Ginger Beer Can 330ml,60p,18p / 100ml,null,drinks,soft_drink,2024-11-19
Belvoir Farm Sparkling Clementine & Cranberry 750ml,£3.25,43p / 100ml,£2.50,drinks,soft_drink,2024-11-19
Fever-Tree Sparkling Sicilian Lemonade 500ml,£2.10,42p / 100ml,null,drinks,soft_drink,2024-11-19
Pepsi Max Cherry No Sugar Cola Cans 12x330ml,£6.00,15p / 100ml,null,drinks,soft_drink,2024-11-19
Fanta Orange 500mL,£1.80,36p / 100ml,null,drinks,soft_drink,2024-11-19
Diet Coke 150ml,65p,43p / 100ml,null,drinks,soft_drink,2024-11-19
Relentless Origin Energy Drink 4x500ml,£3.90,20p / 100ml,£3.50,drinks,soft_drink,2024-11-19
7UP Cherry Zero Sugar 8x330ml,£3.70,14p / 100ml,null,drinks,soft_drink,2024-11-19
J2O Spritz Sparkling Apple & Elderflower 4x275ml,£4.75,43p / 100ml,£3.00,drinks,soft_drink,2024-11-19
Jack Daniel's & Coca-Cola 330ml,£2.25,£6.82 / ltr,null,drinks,soft_drink,2024-11-19
BrewDog Wingman Session IPA 4x330ml,£6.25,£4.73 / ltr,null,drinks,soft_drink,2024-11-19
Rubicon Sparkling Guava Juice Drink 330ml,70p,21p / 100ml,null,drinks,soft_drink,2024-11-19
One Living Passion Fruit Kombucha with Goji 275ml,£1.95,71p / 100ml,£1.60,drinks,soft_drink,2024-11-19
Belvoir Farm Non-Alcoholic Lime & Yuzu Mojito 750ml,£3.25,43p / 100ml,null,drinks,soft_drink,2024-11-19
Trip CBD Infused Lemon Basil 4 x 250ml,£6.50,65p / 100ml,£5.50,drinks,soft_drink,2024-11-19
Mountain Dew Citrus Blast 500ml,£1.70,34p / 100ml,null,drinks,soft_drink,2024-11-19
Dr Pepper 500ml,£1.75,35p / 100ml,null,drinks,soft_drink,2024-11-19
7UP Zero Sugar Lemon & Lime Bottle 500ml,£1.90,38p / 100ml,null,drinks,soft_drink,2024-11-19
Pepsi Max Cherry No Sugar Cola Bottle 500ml,£1.90,38p / 100ml,null,drinks,soft_drink,2024-11-19
Rubicon Sparkling Passionfruit Juice Soft Drink 6x330ml,£3.70,19p / 100ml,null,drinks,soft_drink,2024-11-19
Monster Energy Zero Sugar 4x500ml,£5.40,27p / 100ml,null,drinks,soft_drink,2024-11-19
Monster Energy Lewis Hamilton Zero Sugar 4x500ml,£5.40,27p / 100ml,null,drinks,soft_drink,2024-11-19
Rubicon Sparkling Lychee 330ml,70p,21p / 100ml,null,drinks,soft_drink,2024-11-19
7UP Zero Sugar Cherry Bottle 2L,£2.00,10p / 100ml,null,drinks,soft_drink,2024-11-19
Belvoir Farm Non-Alcoholic Peach Bellini 750ml,£3.25,43p / 100ml,null,drinks,soft_drink,2024-11-19
Irn-Bru Xtra Sugar Free Soft Drink 6x330ml,£2.70,14p / 100ml,null,drinks,soft_drink,2024-11-19
Fever-Tree Sparkling Raspberry Lemonade 500ml,£2.10,42p / 100ml,null,drinks,soft_drink,2024-11-19
Goodrays Natural CBD Mixed Pack Infused Sparkling Drink 4x25...,£7.50,75p / 100ml,£6.00,drinks,soft_drink,2024-11-19
Fanta fruit Twist 18x330ml,£8.10,14p / 100ml,null,drinks,soft_drink,2024-11-19
Monster Energy Drink Ultra Fiesta Mango 4x500ml,£5.40,27p / 100ml,null,drinks,soft_drink,2024-11-19
Lucozade Energy Drink Original 500ml,£1.85,37p / 100ml,null,drinks,soft_drink,2024-11-19
Cawston Press Ginger Beer 330ml,£4.50,34p / 100ml,null,drinks,soft_drink,2024-11-19
Dr Pepper 150ml,65p,43p / 100ml,null,drinks,soft_drink,2024-11-19
Coca-Cola Lemon 8x330ml,£5.50,21p / 100ml,null,drinks,soft_drink,2024-11-19
Shloer Light Zero Red Grape Sparkling Juice Drink 750ml,£2.60,35p / 100ml,null,drinks,soft_drink,2024-11-19
Dr Pepper 6x250ml,£3.50,23p / 100ml,£2.50,drinks,soft_drink,2024-11-19
Ribena Blackcurrant Juice Drink No Added Sugar 500ml,£1.55,31p / 100ml,null,drinks,soft_drink,2024-11-19
Monster Energy Ultra Rosa 4x500ml,£5.40,27p / 100ml,null,drinks,soft_drink,2024-11-19
Coca-Cola Zero Sugar Lemon 150ml,65p,43p / 100ml,null,drinks,soft_drink,2024-11-19
Twinings Refresh Juicy Raspberry Lemonade with Hibiscus 250m...,£1.90,76p / 100ml,null,drinks,soft_drink,2024-11-19
Lucozade Sport Drink Orange 500ml,£1.85,37p / 100ml,null,drinks,soft_drink,2024-11-19
Monster Energy Drink Pipeline Punch 4x500ml,£6.00,30p / 100ml,null,drinks,soft_drink,2024-11-19
Fever-Tree Pink Grapefruit Soda 500ml,£2.10,42p / 100ml,£1.60,drinks,soft_drink,2024-11-19
Slush Puppie Fizzie Blue Raspberrie 2L,£1.50,8p / 100ml,null,drinks,soft_drink,2024-11-19
Rubicon Sparkling Passion 330ml,70p,21p / 100ml,null,drinks,soft_drink,2024-11-19
KA Sparkling Black Grape Juice Soft Drink 330ml,60p,18p / 100ml,null,drinks,soft_drink,2024-11-19
Fentimans Classic Rose Lemonade 275ml,£1.55,56p / 100ml,£1.00,drinks,soft_drink,2024-11-19
Red Bull Energy Drink 473ml,£2.60,55p / 100ml,null,drinks,soft_drink,2024-11-19
Coca-Cola Zero Sugar Vanilla 2L,£2.40,12p / 100ml,null,drinks,soft_drink,2024-11-19
Tango Orange Original Can 24x330ml,£9.00,11p / 100ml,null,drinks,soft_drink,2024-11-19
Cawston Press Sparkling Elderflower Lemonade 4x330ml,£4.50,34p / 100ml,null,drinks,soft_drink,2024-11-19
Sainsbury's Cola Zero 6x330ml,£2.00,61p / 100ml,null,drinks,soft_drink,2024-11-19
Fever-Tree Sparkling White Grape 500ml,£2.10,42p / 100ml,null,drinks,soft_drink,2024-11-19
San Pellegrino Essenza Sparkling Water Lemon 4x330ml,£3.60,27p / 100ml,null,drinks,soft_drink,2024-11-19
BrewDog Shore Leave Amber Ale 10x440ml,£12.50,£2.82 / ltr,£11.00,drinks,soft_drink,2024-11-19
Irn-Bru Sugar Free Soft Drink Bottle 2L,£1.80,9p / 100ml,null,drinks,soft_drink,2024-11-19
Highland Spring Still Water Sports Cap 750ml,£1.10,15p / 100ml,null,drinks,soft_drink,2024-11-19
Coca-Cola Lemon 1.75L,£2.50,14p / 100ml,null,drinks,soft_drink,2024-11-19
Ufc Refresh Coconut Water 1L,£2.40,24p / 100ml,null,drinks,soft_drink,2024-11-19
Irn-Bru 1901 Soft Drink Glass Bottle 750ml,£2.35,31p / 100ml,null,drinks,soft_drink,2024-11-19
BrewDog Shore Leave Amber Ale 4x440ml,£6.00,£3.41 / ltr,null,drinks,soft_drink,2024-11-19
Green Cola 4x330ml,£4.00,30p / 100ml,£3.00,drinks,soft_drink,2024-11-19
Tango Mango Editions 2L,£2.00,10p / 100ml,null,drinks,soft_drink,2024-11-19
Lucozade Energy Drink Orange 500ml,£1.85,37p / 100ml,null,drinks,soft_drink,2024-11-19
Fentimens Classic Ginger Beer 4x275ml,£5.00,45p / 100ml,null,drinks,soft_drink,2024-11-19
Fever-Tree Premium Sicilian Lemonade 4x250ml,£4.00,40p / 100ml,null,drinks,soft_drink,2024-11-19
Rubicon Sparkling Mango 330ml,70p,21p / 100ml,null,drinks,soft_drink,2024-11-19
Ribena Blackcurrant Juice Drink 500ml,£1.55,31p / 100ml,null,drinks,soft_drink,2024-11-19
Lucozade Zero Pink Lemonade 500ml,£1.85,37p / 100ml,null,drinks,soft_drink,2024-11-19
KA Sparkling Pineapple Juice Soft Drink 330ml,60p,18p / 100ml,null,drinks,soft_drink,2024-11-19
Monster Energy Drink Ultra 500ml,£1.90,38p / 100ml,null,drinks,soft_drink,2024-11-19
Fentimans Classic Curiosity Cola 750ml,£3.50,47p / 100ml,£2.00,drinks,soft_drink,2024-11-19
Fever-Tree Premium Indian Tonic Water 15x150ml,£9.15,41p / 100ml,null,drinks,soft_drink,2024-11-19
Evian Natural Bottled Mineral Still Water 500ml,£1.15,23p / 100ml,null,drinks,soft_drink,2024-11-19
Diet Coke 330ml,£1.10,33p / 100ml,null,drinks,soft_drink,2024-11-19
San Pellegrino Classic Taste Lemon 4x330ml,£3.40,26p / 100ml,null,drinks,soft_drink,2024-11-19
Trip CBD Infused Lemon Basil 250ml,£2.00,80p / 100ml,£1.60,drinks,soft_drink,2024-11-19
Fanta Orange 1.25L,£1.50,12p / 100ml,null,drinks,soft_drink,2024-11-19
Fever-Tree Refreshingly Light Madagascan Cola 6x150ml,£3.90,43p / 100ml,null,drinks,soft_drink,2024-11-19
San Pellegrino Sparkling Natural Mineral Water Bottle 500ml,£1.40,28p / 100ml,null,drinks,soft_drink,2024-11-19
Old Jamaica Light Ginger Beer 2L,£2.20,11p / 100ml,£1.50,drinks,soft_drink,2024-11-19
Monster Energy Drink Mango Loco 500ml,£1.95,39p / 100ml,null,drinks,soft_drink,2024-11-19
Coca-Cola Original Taste 330ml,£1.30,39p / 100ml,null,drinks,soft_drink,2024-11-19
R White's Lemonade 24x330ml,£9.00,11p / 100ml,null,drinks,soft_drink,2024-11-19
Fever-Tree Sparkling Mexican Lime 4x250ml,£4.00,40p / 100ml,null,drinks,soft_drink,2024-11-19
Old Jamaica Ginger Beer Light 330ml,60p,18p / 100ml,45p,drinks,soft_drink,2024-11-19
Fanta Zero Sugar Afterlife 2L,£2.05,10p / 100ml,null,drinks,soft_drink,2024-11-19
San Pellegrino Classic Taste Orange 4x330ml,£3.40,26p / 100ml,null,drinks,soft_drink,2024-11-19
Purdey's Rejuvenate Natural Energy Drink 330ml,£1.70,52p / 100ml,null,drinks,soft_drink,2024-11-19
Red Bull Energy Drink Sugar Free 250ml,£1.65,66p / 100ml,null,drinks,soft_drink,2024-11-19
Shandy Shack Elderflower Lager Top 330ml,£1.85,£5.61 / ltr,null,drinks,soft_drink,2024-11-19
Monster Energy Pipeline Punch 500ml,£1.95,39p / 100ml,null,drinks,soft_drink,2024-11-19
Rubicon Sparkling Mango Juice Soft Drink 500ml,£1.55,31p / 100ml,null,drinks,soft_drink,2024-11-19
Fentimans Classic Cherry Cola 275ml,£1.55,56p / 100ml,£1.00,drinks,soft_drink,2024-11-19
Red Bull Energy Drink 250ml,£1.75,70p / 100ml,null,drinks,soft_drink,2024-11-19
Relentless Raspberry Zero Energy Drink 500ml,£1.25,25p / 100ml,null,drinks,soft_drink,2024-11-19
Lipton Ice Tea Lemon 500ml,£1.85,37p / 100ml,null,drinks,soft_drink,2024-11-19
Regal Siprus Basil Seed Drink Mango 320ml,£1.20,38p / 100ml,null,drinks,soft_drink,2024-11-19
Tropical Sun American Style Root Beer 330ml (Sugar levy appl...,80p,24p / 100ml,null,drinks,soft_drink,2024-11-19
Ting Grapefruit Crush 330ml,50p,15p / 100ml,40p,drinks,soft_drink,2024-11-19
"Shloer Winter Spiced Punch Sparkling Fruit Drink, Limited Ed...",£2.60,35p / 100ml,£1.30,drinks,soft_drink,2024-11-19
Monster Energy Drink Monarch 4x500ml,£6.00,30p / 100ml,null,drinks,soft_drink,2024-11-19
London Essence Pink Grapefruit Crafted Soda Cans 6x150ml,£4.00,44p / 100ml,£2.50,drinks,soft_drink,2024-11-19
KA Sparkling Fruit Punch Soft Drink 330ml,60p,18p / 100ml,null,drinks,soft_drink,2024-11-19
Fentimans Dandelion & Burdock 750ml,£3.50,47p / 100ml,£2.00,drinks,soft_drink,2024-11-19
J2O Spritz Apple & Watermelon Sparkling Juice Drink 4x275ml,£4.75,43p / 100ml,£3.00,drinks,soft_drink,2024-11-19
Belvoir Farm Lighter Sicilian Blood Orange Lemonade 750ml,£3.25,43p / 100ml,null,drinks,soft_drink,2024-11-19
7UP 2L,£2.00,10p / 100ml,null,drinks,soft_drink,2024-11-19
Monster Energy Reserve White Pineapple 500ml,£1.95,39p / 100ml,null,drinks,soft_drink,2024-11-19
Bottle Green Light Elderflower & Crisp Apple Sparkling Press...,£5.80,39p / 100ml,null,drinks,soft_drink,2024-11-19
Coca-Cola Zero Sugar 330ml,£1.10,33p / 100ml,null,drinks,soft_drink,2024-11-19
Red Bull Energy Drink 355ml,£2.05,58p / 100ml,null,drinks,soft_drink,2024-11-19
KA Sparkling Pineapple Juice Soft Drink 2L,£1.85,9p / 100ml,null,drinks,soft_drink,2024-11-19
Pepsi Max Cherry No Sugar Cola Bottle 1.25L,£1.65,13p / 100ml,£1.25,drinks,soft_drink,2024-11-19
Medahuman Recover 20mg CBD Sparkling Ginger + Blood Orange 4...,£7.00,70p / 100ml,null,drinks,soft_drink,2024-11-19
Monster Energy Drink Rossi VR46 500ml,£1.95,39p / 100ml,null,drinks,soft_drink,2024-11-19
Fanta Fruit Twist 500ml,£1.80,36p / 100ml,null,drinks,soft_drink,2024-11-19
Monster Energy Drink 500ml,£1.95,39p / 100ml,null,drinks,soft_drink,2024-11-19
Irn-Bru Soft Drink 500ml,£1.45,29p / 100ml,null,drinks,soft_drink,2024-11-19
Pepsi Max No Sugar Cola Can 330ml,£1.20,36p / 100ml,null,drinks,soft_drink,2024-11-19
Trip CBD Infused Peach Ginger 250ml,£2.00,80p / 100ml,null,drinks,soft_drink,2024-11-19
Orangina Sparkling Juice Drink 420ml,£1.70,40p / 100ml,null,drinks,soft_drink,2024-11-19
Jack Daniel's & Coca-Cola Zero 330ml,£2.25,£6.82 / ltr,null,drinks,soft_drink,2024-11-19
Sprite 500ml,£1.90,38p / 100ml,null,drinks,soft_drink,2024-11-19
Coca-Cola Zero Sugar x6 375ml,£3.50,16p / 100ml,null,drinks,soft_drink,2024-11-19
Schweppes Lemonade 1L,£1.80,18p / 100ml,null,drinks,soft_drink,2024-11-19
Pepsi Max Mango No Sugar Cola Bottle 500ml,£1.90,38p / 100ml,null,drinks,soft_drink,2024-11-19
San Pellegrino Lemon 330ml,£1.30,39p / 100ml,null,drinks,soft_drink,2024-11-19
Drink 420 CBD Infused Wild Berries 250ml,£2.00,80p / 100ml,£1.50,drinks,soft_drink,2024-11-19
Sprite 4x330ml,£2.75,21p / 100ml,null,drinks,soft_drink,2024-11-19
KA Sparkling Fruit Punch Soft Drink 2L,£1.85,9p / 100ml,null,drinks,soft_drink,2024-11-19
Capri Sun Orange 330ml,£1.35,41p / 100ml,null,drinks,soft_drink,2024-11-19
Bundaberg Root Beer 4x375ml,£6.50,43p / 100ml,null,drinks,soft_drink,2024-11-19
Pepsi Max Lime No Sugar Cola Bottle 500ml,£1.90,38p / 100ml,null,drinks,soft_drink,2024-11-19
Monster Energy Aussie Style Lemonade 500ml,£1.95,39p / 100ml,null,drinks,soft_drink,2024-11-19
Monster Energy Drink Khaotic 500ml,£1.95,39p / 100ml,null,drinks,soft_drink,2024-11-19
Monster Energy Drink Zero Sugar 500ml,£1.90,38p / 100ml,null,drinks,soft_drink,2024-11-19
Mogu Mogu Lychee Flavored Drink with Nata de Coco 320ml,£1.30,41p / 100ml,null,drinks,soft_drink,2024-11-19
Regal Siprus Basil Seed Drink Lychee 320ml,£1.20,38p / 100ml,null,drinks,soft_drink,2024-11-19
innocent Juicy Water with Bubbles Raspberry & Blackcurrant 3...,£1.80,55p / 100ml,null,drinks,soft_drink,2024-11-19
Rubicon Sparkling Passion 330ml,£1.85,9p / 100ml,null,drinks,soft_drink,2024-11-19
Robinsons Ready To Drink Blackberry & Blueberry Juice Drink ...,£1.55,31p / 100ml,null,drinks,soft_drink,2024-11-19
Remedy Raspberry Lemonade Kombucha 1L,£4.00,40p / 100ml,£3.00,drinks,soft_drink,2024-11-19
Trip CBD Infused Elderflower Mint 250ml,£2.00,80p / 100ml,null,drinks,soft_drink,2024-11-19
Medahuman CBD Night Sour Cherry & Hibiscus Still 4x250ml,£7.00,70p / 100ml,null,drinks,soft_drink,2024-11-19
Coca-Cola Cherry 500ml,£1.95,39p / 100ml,null,drinks,soft_drink,2024-11-19
Mogu Mogu Mango Flavored Drink with Nata de Coco 320ml,£1.30,41p / 100ml,null,drinks,soft_drink,2024-11-19
Kimura Ramune Carbonated Soft Drink Yuzu Citrus Flavor 200ml,£1.90,95p / 100ml,null,drinks,soft_drink,2024-11-19
Twinings Refresh Juicy Raspberry Lemonade with Hibiscus 4x25...,£6.00,60p / 100ml,£4.75,drinks,soft_drink,2024-11-19
Monster Energy Drink Nitro 500ml,£1.95,39p / 100ml,null,drinks,soft_drink,2024-11-19
Mogu Mogu Strawberry Flavored Drink with Nata de Coco 320ml,£1.30,41p / 100ml,null,drinks,soft_drink,2024-11-19
Monster Energy Drink Ultra Gold 4x500ml,£5.40,27p / 100ml,null,drinks,soft_drink,2024-11-19
Coca-Cola Zero Sugar Cherry 500ml,£1.75,35p / 100ml,null,drinks,soft_drink,2024-11-19
innocent Juicy Water with Bubbles Lemon & Lime 330ml,£1.80,55p / 100ml,null,drinks,soft_drink,2024-11-19
Diet Pepsi Cola Bottle 500ml,£1.90,38p / 100ml,null,drinks,soft_drink,2024-11-19
Red Bull Energy Drink Apricot Edition 250ml,£1.75,70p / 100ml,null,drinks,soft_drink,2024-11-19
Relentless Watermelon Zero Sugar Energy Drink 500ml,£1.25,25p / 100ml,null,drinks,soft_drink,2024-11-19
Nash's Red Lemonade 2L,£2.25,11p / 100ml,null,drinks,soft_drink,2024-11-19
Fentimans Classic Mandarin and Seville Orange Jigger 750ml,£3.50,47p / 100ml,£2.00,drinks,soft_drink,2024-11-19
Relentless Origin Energy Drink 500ml,£1.25,25p / 100ml,null,drinks,soft_drink,2024-11-19
Fentimans Classic Curiosity Cola 4x275ml,£5.00,45p / 100ml,null,drinks,soft_drink,2024-11-19
Bigga Grape Flavour Soft Drink 600ml,£1.40,23p / 100ml,null,drinks,soft_drink,2024-11-19
Bigga Pineapple Flavour Soft Drink 600ml,£1.40,23p / 100ml,null,drinks,soft_drink,2024-11-19
Coca-Cola Zero Sugar Lemon 500ml,£1.75,35p / 100ml,null,drinks,soft_drink,2024-11-19
Pepsi 500ml,£1.90,38p / 100ml,null,drinks,soft_drink,2024-11-19
Bigga Fruit Punch Flavour Soft Drink 600ml,£1.40,23p / 100ml,null,drinks,soft_drink,2024-11-19
Monster Energy Drink Ultra Fiesta Mango 500ml,£1.90,38p / 100ml,null,drinks,soft_drink,2024-11-19
Niru Faluda Drink 290ml,£1.40,48p / 100ml,null,drinks,soft_drink,2024-11-19
Club Orange 1.75L (Sugar levy applied),£2.70,15p / 100ml,null,drinks,soft_drink,2024-11-19
Twinings Boost Zingy Lemon with Ginger & Lemon Balm Sparklin...,£6.00,60p / 100ml,£4.75,drinks,soft_drink,2024-11-19
Niru Mango Faluda Drink 290ml,£1.40,48p / 100ml,null,drinks,soft_drink,2024-11-19
Pepsi Max Cherry No Sugar Cola Can 330ml,£1.20,36p / 100ml,null,drinks,soft_drink,2024-11-19
Sainsbury's British Bottled Spring Water 12x500ml,£2.00,3p / 100ml,null,drinks,water,2024-11-19
Sainsbury's Still British Bottled Spring Water 4x2L,£1.90,2p / 100ml,null,drinks,water,2024-11-19
Sainsburys British Bottled Sparkling Spring water 4x2L,£1.95,2p / 100ml,null,drinks,water,2024-11-19
Nestle Pure Life Still Spring Water 12x500ml,£2.50,4p / 100ml,null,drinks,water,2024-11-19
Highland Spring Still Water 6x1.5L,£4.00,4p / 100ml,£3.50,drinks,water,2024-11-19
Buxton Sparkling Natural Mineral Water 8x500ml,£3.00,8p / 100ml,null,drinks,water,2024-11-19
Evian Natural Bottled Mineral Still Water 6x1.5L,£5.50,6p / 100ml,null,drinks,water,2024-11-19
Sainsbury's British Bottled Still Spring Water 5L,£1.50,3p / 100ml,null,drinks,water,2024-11-19
Highland Spring Still Water 12x500ml,£3.50,6p / 100ml,null,drinks,water,2024-11-19
"Sainsbury's Bottled Sparkling Flavoured Water, Blackcurrant ...",75p,8p / 100ml,null,drinks,water,2024-11-19
Buxton Still Natural Mineral Water 8x500ml,£2.50,6p / 100ml,null,drinks,water,2024-11-19
Sainsbury's British Bottled Spring Sparkling Water 2L,85p,4p / 100ml,null,drinks,water,2024-11-19
"Sainsbury's Bottled Sparkling Flavoured Water, Lemon & Lime ...",75p,8p / 100ml,null,drinks,water,2024-11-19
"Sainsbury's Bottled Sparkling Flavoured Water, Mango & Passi...",75p,8p / 100ml,null,drinks,water,2024-11-19
Highland Spring Sparkling Spring Water 6x1L,£4.10,7p / 100ml,null,drinks,water,2024-11-19
Sainsbury's Bottled No Added Sugar Sparkling Apple & Elderfl...,75p,8p / 100ml,null,drinks,water,2024-11-19
Vita Coco The Original Coconut Water 1L,£4.00,40p / 100ml,null,drinks,water,2024-11-19
Sainsbury's British Bottled Sparkling Spring Water 12x500ml,£2.80,5p / 100ml,null,drinks,water,2024-11-19
Highland Spring Sparkling Spring Water 8x500ml,£3.00,8p / 100ml,null,drinks,water,2024-11-19
Buxton Still Natural Mineral Water 6x1.5L,£4.25,5p / 100ml,null,drinks,water,2024-11-19
"Sainsbury's Bottled Still Flavoured Water, Strawberry & Kiwi...",75p,8p / 100ml,null,drinks,water,2024-11-19
San Pellegrino Sparkling Natural Mineral Water 6x500ml,£4.00,13p / 100ml,null,drinks,water,2024-11-19
"Sainsbury's Bottled Sparkling Flavoured Water, Strawberry & ...",75p,8p / 100ml,null,drinks,water,2024-11-19
Evian Natural Bottled Mineral Still Water 6x500ml,£3.25,11p / 100ml,null,drinks,water,2024-11-19
San Pellegrino Sparkling Natural Mineral Water 6x1L,£7.00,12p / 100ml,null,drinks,water,2024-11-19
"Sainsbury's Bottled Still Flavoured Water, Lemon & Lime 1L",75p,8p / 100ml,null,drinks,water,2024-11-19
Volvic Natural Bottled Mineral Still Water 6x1.5L,£4.80,5p / 100ml,null,drinks,water,2024-11-19
Sainsbury's Bottled Raspberry & Rhubarb Sparkling Water 1L,75p,8p / 100ml,null,drinks,water,2024-11-19
Highland Spring Still Water Sports Cap 12x330ml,£3.50,9p / 100ml,null,drinks,water,2024-11-19
"Sainsbury's Bottled Still Flavoured Water Strawberry & Kiwi,...",£1.80,9p / 100ml,null,drinks,water,2024-11-19
Volvic Touch of Fruit Sugar Free Strawberry Flavoured Water ...,£1.40,9p / 100ml,£1.00,drinks,water,2024-11-19
Evian Natural Bottled Mineral Still Water 12x330ml,£4.75,12p / 100ml,null,drinks,water,2024-11-19
Volvic Touch of Fruit Sugar Free Lemon & Lime Flavoured Wate...,£1.40,9p / 100ml,£1.00,drinks,water,2024-11-19
"Sainsbury's Bottled Still Flavoured Water Lemon & Lime, No A...",£1.80,9p / 100ml,null,drinks,water,2024-11-19
Volvic Touch of Fruit Sugar Free Summer Fruits Flavoured Wat...,£1.40,9p / 100ml,£1.00,drinks,water,2024-11-19
Alpro Coconut Milk Chilled Dairy Alternative 1L,£2.00,£2.00 / ltr,null,drinks,water,2024-11-19
Volvic Touch of Fruit Sugar Free Special Edition Mango Passi...,£1.40,9p / 100ml,£1.00,drinks,water,2024-11-19
Perfectly Clear Still Red Apple Flavour Spring Water 1.5L,£1.00,7p / 100ml,null,drinks,water,2024-11-19
Sainsbury's No Added Sugar Mineral Water Fruit Slurps Blackc...,£1.95,13p / 100ml,null,drinks,water,2024-11-19
Volvic Touch of Fruit Sugar Free Peach & Raspberry Flavoured...,£1.40,14p / 100ml,£1.00,drinks,water,2024-11-19
San Pellegrino Sparkling Natural Mineral Water Glass 750ml,£1.75,23p / 100ml,null,drinks,water,2024-11-19
Perfectly Clear Still Summer Fruits Flavour Spring Water 1.5...,£1.00,7p / 100ml,null,drinks,water,2024-11-19
Aqua Libra Sparkling Water Infused with Raspberry & Blackcur...,£3.50,27p / 100ml,£2.50,drinks,water,2024-11-19
Highland Spring Sparkling Water 1.5L,£1.20,8p / 100ml,null,drinks,water,2024-11-19
"Sainsbury's Bottled Sparkling Flavoured Water Lemon & Lime, ...",£1.80,9p / 100ml,null,drinks,water,2024-11-19
Aqua Libra Sparkling Water Infused with Cucumber Mint & Lime...,£3.50,27p / 100ml,£2.50,drinks,water,2024-11-19
Sainsburys British Bottled Spring Water Still 2L,85p,4p / 100ml,null,drinks,water,2024-11-19
Evian Natural Bottled Mineral Still Water 4x750ml,£3.65,12p / 100ml,null,drinks,water,2024-11-19
Coco Cabana Coconut Water 1L,£2.50,25p / 100ml,null,drinks,water,2024-11-19
Evian Natural Bottled Mineral Still Water 1.5L,£1.35,9p / 100ml,£1.00,drinks,water,2024-11-19
Fruit Shoot Hydro Blackcurrant Kids Water Drink 8x275ml,£3.60,16p / 100ml,null,drinks,water,2024-11-19
Trip CBD Infused Elderflower Mint 4x250ml,£6.50,65p / 100ml,£5.50,drinks,water,2024-11-19
One Living Ginger Kombucha with Turmeric 4x250ml,£5.25,53p / 100ml,£4.00,drinks,water,2024-11-19
Aqua Libra Sparkling Water Infused with Blood Orange & Mango...,£3.50,27p / 100ml,£2.50,drinks,water,2024-11-19
Highland Spring Still Water Sports Cap 6x330ml,£2.00,10p / 100ml,null,drinks,water,2024-11-19
Volvic Touch of Fruit Sugar Free Watermelon Flavoured Water ...,£1.40,9p / 100ml,£1.00,drinks,water,2024-11-19
San Pellegrino Sparkling Natural Mineral Water 1L,£1.60,16p / 100ml,null,drinks,water,2024-11-19
Trip CBD Infused Peach Ginger 4x250ml,£6.50,65p / 100ml,£5.50,drinks,water,2024-11-19
Sainsbury's No Added Sugar Fruit Slurps Orange & Pineapple F...,£1.95,13p / 100ml,null,drinks,water,2024-11-19
Nexba Naturally Sugar Free Elderflower & Lemon Kombucha 1L,£3.00,30p / 100ml,null,drinks,water,2024-11-19
Highland Spring Still Water 750ml,£1.50,20p / 100ml,null,drinks,water,2024-11-19
Dash Raspberry Sparkling Water 6x330ml,£6.50,33p / 100ml,null,drinks,water,2024-11-19
Highland Still Spring Water 10L,£5.80,6p / 100ml,null,drinks,water,2024-11-19
Touch of Strawberry Sparkling Sugar Free Flavoured Water by ...,£3.50,27p / 100ml,null,drinks,water,2024-11-19
Highland Spring Still Water 1.5L,£1.00,7p / 100ml,null,drinks,water,2024-11-19
Nexba Kombucha Live Naturally Sugar Free Sparkling Probiotic...,£3.00,30p / 100ml,null,drinks,water,2024-11-19
Rubicon Spring Black Cherry Raspberry Flavoured Sparkling Sp...,£1.60,11p / 100ml,null,drinks,water,2024-11-19
One Living Raspberry Kombucha with Pomegranate 4x250ml,£5.25,53p / 100ml,£4.00,drinks,water,2024-11-19
Touch of Lemon & Lime Sparkling Sugar Free Flavoured Water b...,£3.50,27p / 100ml,null,drinks,water,2024-11-19
Volvic Touch of Fruit Strawberry Flavoured Water 1.5L,£1.40,9p / 100ml,£1.00,drinks,water,2024-11-19
Vita Coco Coconut Water 4x330ml,£4.80,36p / 100ml,null,drinks,water,2024-11-19
Touch of Mango Passion Sparkling Sugar Free Flavoured Water ...,£3.50,27p / 100ml,null,drinks,water,2024-11-19
Volvic Natural Bottled Mineral Still Water 1.5L,£1.15,8p / 100ml,null,drinks,water,2024-11-19
Volvic Touch of Fruit Summer Fruits Flavoured Water 1.5L,£1.40,9p / 100ml,£1.00,drinks,water,2024-11-19
Ocean Spray Sparkling Water Cranberry & Raspberry 1L,£1.00,10p / 100ml,null,drinks,water,2024-11-19
Dash Lime Sparkling Water 6x330ml,£6.50,33p / 100ml,null,drinks,water,2024-11-19
Ocean Spray Sparkling Water Cranberry 1L,£1.00,10p / 100ml,null,drinks,water,2024-11-19
Orangina Sparkling Fruit Drink x6 330ml,£3.50,18p / 100ml,£3.00,drinks,water,2024-11-19
Volvic Touch of Fruit Lemon & Lime Flavoured Water 1.5L,£1.40,9p / 100ml,£1.00,drinks,water,2024-11-19
Evian Natural Bottled Mineral Still Water 1L,£1.15,12p / 100ml,null,drinks,water,2024-11-19
Volvic Natural Bottled Mineral Still Water 6x500ml,£3.00,10p / 100ml,null,drinks,water,2024-11-19
Sainsbury's Home Maxtra+ Water Filter Cartridges - Pack of 3,£13.00,£13.00 / ea,null,drinks,water,2024-11-19
"Get More Vitamin D, Still Mango & Passionfruit 1L",£2.00,20p / 100ml,null,drinks,water,2024-11-19
Evian Natural Bottled Mineral Still Water 750ml,£1.50,20p / 100ml,null,drinks,water,2024-11-19
Fruit Shoot Hydro Apple & Raspberry Kids Water Drink 8x275ml,£3.60,23p / 100ml,null,drinks,water,2024-11-19
Volvic Touch of Fruit Sugar Free Kiwi & Lime Flavoured Water...,£1.40,9p / 100ml,£1.00,drinks,water,2024-11-19
Cawston Press Sparkling Cloudy Apple 4x330ml,£4.50,34p / 100ml,null,drinks,water,2024-11-19
Brita Maxtra Pro All-In-1 Water Filter Cartridge – 6 Pack,£37.00,£37.00 / ea,null,drinks,water,2024-11-19
Dash Blackcurrant Sparkling Water 6x330ml,£6.50,33p / 100ml,null,drinks,water,2024-11-19
Volvic Touch of Fruit Sugar Free Strawberry Flavoured Water ...,£4.00,13p / 100ml,null,drinks,water,2024-11-19
San Pellegrino Essenza Sparkling Water Cherry & Pomegranate ...,£3.60,27p / 100ml,null,drinks,water,2024-11-19
Dash Peach Sparkling Water 6x330ml,£6.50,33p / 100ml,null,drinks,water,2024-11-19
Grace Coconut Water 1L,£2.70,27p / 100ml,£2.25,drinks,water,2024-11-19
San Pellegrino Essenza Sparkling Water Tangerine & Strawberr...,£3.60,27p / 100ml,null,drinks,water,2024-11-19
Nexba Kombucha Mango 1L,£3.00,30p / 100ml,null,drinks,water,2024-11-19
Vit Hit Lean & Green Apple + Elderflower + Mate Tea + L-Carn...,£1.70,34p / 100ml,null,drinks,water,2024-11-19
Rubicon Sparkling Guava Juice Drink 330ml,70p,21p / 100ml,null,drinks,water,2024-11-19
Dash Orange Sparkling Water 6x330ml,£6.50,33p / 100ml,null,drinks,water,2024-11-19
Radnor Splash Apple & Raspberry Still Flavoured Spring Water...,£1.20,16p / 100ml,null,drinks,water,2024-11-19
Get More Vits Still Apple & Raspberry 1 Litre,£2.00,20p / 100ml,null,drinks,water,2024-11-19
Perfectly Clear Still Strawberry Flavour Spring Water 1.5L,£1.00,7p / 100ml,null,drinks,water,2024-11-19
Pepsi Max Sodastream Sparkling Drink Mix 440 ml,£5.50,£1.25 / 100ml,£4.50,drinks,water,2024-11-19
Dash Grapefruit Sparkling Water 6x330ml,£6.50,33p / 100ml,null,drinks,water,2024-11-19
Glacéau Smartwater Still 6x600ml,£3.75,10p / 100ml,null,drinks,water,2024-11-19
Fanta fruit Twist 18x330ml,£8.10,14p / 100ml,null,drinks,water,2024-11-19
Volvic Touch of Fruit Sugar Free Lemon & Lime Flavoured Wate...,£4.00,13p / 100ml,null,drinks,water,2024-11-19
Evian Sparkling Natural Bottled Mineral Water 1L,£1.75,18p / 100ml,null,drinks,water,2024-11-19
AQUA Carpatica Kids Natural Still Mineral Water 6x250ml,£2.75,18p / 100ml,null,drinks,water,2024-11-19
Perrier Sparkling Natural Mineral Water Glass 4x330ml,£3.50,27p / 100ml,null,drinks,water,2024-11-19
Highland Spring Still Spring Water 1 Litre,£1.20,12p / 100ml,null,drinks,water,2024-11-19
Nexba Kombucha Mixed Berry 1L,£3.00,30p / 100ml,null,drinks,water,2024-11-19
San Pellegrino Essenza Sparkling Water Lemon 4x330ml,£3.60,27p / 100ml,null,drinks,water,2024-11-19
Highland Spring Still Water Sports Cap 750ml,£1.10,15p / 100ml,null,drinks,water,2024-11-19
Pepsi Max Sodastream Sparkling Drink Mix Cherry Flavour 440m...,£5.50,£1.25 / 100ml,£4.50,drinks,water,2024-11-19
KA Sparkling Pineapple Juice Soft Drink 330ml,60p,18p / 100ml,null,drinks,water,2024-11-19
Oshee Vitamin Water Lemon & Orange Flavour 555ml,£1.25,23p / 100ml,null,drinks,water,2024-11-19
Evian Natural Bottled Mineral Still Water 500ml,£1.15,23p / 100ml,null,drinks,water,2024-11-19
Trip CBD Infused Lemon Basil 250ml,£2.00,80p / 100ml,£1.60,drinks,water,2024-11-19
San Pellegrino Sparkling Natural Mineral Water Bottle 500ml,£1.40,28p / 100ml,null,drinks,water,2024-11-19
7Up Free Sodastream Sparkling Drink Mix 440ml,£5.50,£1.25 / 100ml,£4.50,drinks,water,2024-11-19
Multivits Sugar Free Sparkling Lemon & Lime Drink 1L,£2.00,20p / 100ml,null,drinks,water,2024-11-19
Harrogate Spring Water Still 750ml,£1.50,20p / 100ml,null,drinks,water,2024-11-19
Buxton Still Natural Mineral Water 1.5L,£1.15,8p / 100ml,null,drinks,water,2024-11-19
Perrier Sparkling Natural Mineral Water Fridgepack Cans 10x2...,£5.00,20p / 100ml,null,drinks,water,2024-11-19
Aqua Carpatica Natural Still Mineral Water 1.5L,£1.60,11p / 100ml,null,drinks,water,2024-11-19
Oshee Vitamin Water Red Grape/Dragonfruit Flavour 555ml,£1.25,23p / 100ml,null,drinks,water,2024-11-19
Sodastream Quick Connect CO2 Pink Gas Cylinder 425g,£23.00,£23.00 / ea,null,drinks,water,2024-11-19
Sainsbury's Home Water Filter Single Cartridge,£6.00,£6.00 / ea,null,drinks,water,2024-11-19
Brita Classic Refill Catridges - 3 Pack,£15.00,£15.00 / ea,null,drinks,water,2024-11-19
Brita Maxtra Pro All-In-1 Water Filter Cartridge – 3 Pack,£19.00,£19.00 / ea,null,drinks,water,2024-11-19
Aqua Pura Still Natural Mineral Water 12x500ml,£3.25,5p / 100ml,null,drinks,water,2024-11-19
Aquavia Alkaline Natural Spring Water 1L,£1.60,16p / 100ml,null,drinks,water,2024-11-19
Kubus Water Strawberry 500ml,95p,19p / 100ml,null,drinks,water,2024-11-19
Vit Hit Detox Mandarin Green Tea + Vitamins 500ml,£1.70,34p / 100ml,null,drinks,water,2024-11-19
Highland Spring Eco Bottle Sparkling Water 500ml,£1.00,20p / 100ml,null,drinks,water,2024-11-19
Perrier Sparkling Natural Mineral Water Glass 750ml,£2.50,33p / 100ml,null,drinks,water,2024-11-19
Nestle Pure Life Still Spring Water Sports Cap 10x330ml,£3.25,10p / 100ml,null,drinks,water,2024-11-19
Radnor Splash Orange & Passion Fruit Still Flavoured Spring ...,£1.20,16p / 100ml,null,drinks,water,2024-11-19
Belvoir Farm Lighter Sparkling Elderflower 500ml,£3.25,43p / 100ml,null,drinks,water,2024-11-19
Sainsbury's British Spring Still Water 12x330ml,£2.75,7p / 100ml,null,drinks,water,2024-11-19
BRITA MAXTRA PRO All-In-1 Water Filter Cartridge Single,£7.50,£7.50 / ea,null,drinks,water,2024-11-19
Trip CBD Infused Peach Ginger 250ml,£2.00,80p / 100ml,null,drinks,water,2024-11-19
Get More Vits Multi Vits Raspberry & Blueberry Naturally Fla...,£2.95,22p / 100ml,null,drinks,water,2024-11-19
Brita Maxtra Pro Limescale Expert Water Filter Cartridge 6 P...,£39.00,£39.00 / ea,null,drinks,water,2024-11-19
Get More Vits Multi Vits Orange & Mango Naturally Flavoured ...,£2.95,22p / 100ml,null,drinks,water,2024-11-19
Glacéau Smartwater 600ml,£1.40,23p / 100ml,null,drinks,water,2024-11-19
Sainsbury's Peach & Mango Sparkling 1L,75p,8p / 100ml,null,drinks,water,2024-11-19
Oshee Vitamin Energy Tropical Fruit Flavour Sparkling Drink ...,60p,24p / 100ml,null,drinks,water,2024-11-19
Sainsbury's Home Maxtra+ Single Water Filter Jug,£13.00,£13.00 / ea,null,drinks,water,2024-11-19
Sainsbury's Bottled Apple & Elderflower Spark 4x500ml,£1.80,9p / 100ml,null,drinks,water,2024-11-19
Get More Vits Multi Vits Apple & Blackcurrant Naturally Flav...,£2.95,22p / 100ml,null,drinks,water,2024-11-19
Grace Aloe Vera Water Mango 500ml,£1.30,26p / 100ml,null,drinks,water,2024-11-19
Vita Coco the Original Coconut Water 6x330ml,£7.50,38p / 100ml,null,drinks,water,2024-11-19
Trip CBD Infused Elderflower Mint 250ml,£2.00,80p / 100ml,null,drinks,water,2024-11-19
Sodastream Blue CO2 Gas Cylinder 425g,£23.00,£23.00 / ea,null,drinks,water,2024-11-19
Highland Spring Still Spring Water 5L,£5.00,10p / 100ml,£3.50,drinks,water,2024-11-19
Buxton Still Natural Mineral Water Sports Cap 1L,£1.55,16p / 100ml,null,drinks,water,2024-11-19
Brita Marella XL Water Filter Jug White 3.5L,£24.00,£24.00 / ea,null,drinks,water,2024-11-19
Dr Funk Vital Sparkling Mango & Violet 4x330ml,£4.00,30p / 100ml,null,drinks,water,2024-11-19
Dr Funk Immune Sparkling Lemon & Elderflower 4x330ml,£4.00,30p / 100ml,null,drinks,water,2024-11-19
Brita Maxtra Water Filter Jug Blue 2.4L,£19.00,£19.00 / ea,null,drinks,water,2024-11-19
Get More Vits B Vitamins Still Apple & Raspberry Drink 500ml,£1.50,30p / 100ml,null,drinks,water,2024-11-19
Brita Aluna Water Filter Jug White 2.4L,£13.50,£13.50 / ea,null,drinks,water,2024-11-19
BRITA Sports Water Filter Bottle Active Dark Green Inc. 2x M...,£13.00,£13.00 / ea,null,drinks,water,2024-11-19
SodaStream Terra Sparkling Water Maker,£110.00,£110.00 / ea,£55.00,drinks,water,2024-11-19
BRITA Microdisc Replacement Water Filters,£14.00,£14.00 / ea,null,drinks,water,2024-11-19
Grace Aloe Vera Water Natural 1.5L,£3.30,22p / 100ml,null,drinks,water,2024-11-19
Breville VKJ142 HotCup Water Dispenser - Black,£45.00,£45.00 / ea,null,drinks,water,2024-11-19
Breville VKJ318 HotCup Water Dispenser - Black,£65.00,£65.00 / ea,null,drinks,water,2024-11-19
Brita Style Water Filter Jug Blue 2.4L,£32.00,£32.00 / ea,null,drinks,water,2024-11-19
Brita Style Water Filter Jug Grey 2.4L,£32.00,£32.00 / ea,null,drinks,water,2024-11-19
BRITA Sports Water Filter Bottle Active Dark Blue Inc. 2x Mi...,£13.00,£13.00 / ea,null,drinks,water,2024-11-19
Brita Water Filter Carafe White 1.3L,£28.00,£28.00 / ea,null,drinks,water,2024-11-19
BRITA Water Filter Bottle Vital Apricot Inc. 2x Microdisc fi...,£16.00,£16.00 / ea,null,drinks,water,2024-11-19
BRITA Water Filter Bottle Vital Light Green Inc. 2x Microdis...,£16.00,£16.00 / ea,null,drinks,water,2024-11-19
Robinsons Orange Squash No Added Sugar 1L,£2.00,20p / 100ml,null,drinks,squash,2024-11-19
Sainsbury's Quadruple Strength Apple & Blackcurrant Squash 1...,£2.25,15p / 100ml,null,drinks,squash,2024-11-19
Robinsons Apple & Blackcurrant Squash No Added Sugar 1L,£2.00,20p / 100ml,null,drinks,squash,2024-11-19
Stamford Street Co. Double Strength Apple & Blackcurrant Squ...,47p,6p / 100ml,null,drinks,squash,2024-11-19
Vimto No Added Sugar Real Fruit Squash 2L,£3.00,15p / 100ml,null,drinks,squash,2024-11-19
Sainsbury's Quadruple Strength Orange & Mango Squash 1.5L,£2.25,15p / 100ml,null,drinks,squash,2024-11-19
Robinsons Summer Fruits Squash No Added Sugar 1L,£2.00,20p / 100ml,null,drinks,squash,2024-11-19
Stamford Street Co. Double Strength Orange Squash 750ml,47p,6p / 100ml,null,drinks,squash,2024-11-19
J2O Orange & Passion Fruit 4x275ml,£4.75,43p / 100ml,null,drinks,squash,2024-11-19
Sainsbury's Quadruple Strength Cherries & Berries Squash 1.5...,£2.25,15p / 100ml,null,drinks,squash,2024-11-19
Robinsons Double Strength No Added Sugar Squash Apple & Blac...,£3.50,20p / 100ml,£2.50,drinks,squash,2024-11-19
Robinsons Fruit Creations Zesty Orange & Mango Squash 1L,£2.50,25p / 100ml,null,drinks,squash,2024-11-19
Robinsons Double Strength No Added Sugar Squash Orange 1.75L,£3.50,20p / 100ml,£2.50,drinks,squash,2024-11-19
Sainsbury's Quadruple Strength Summer Fruits Squash 1.5L,£2.25,15p / 100ml,null,drinks,squash,2024-11-19
Sainsbury's Quadruple Strength Orange Squash 1.5L,£2.25,15p / 100ml,null,drinks,squash,2024-11-19
Robinsons Lemon Squash No Added Sugar 1L,£2.00,20p / 100ml,null,drinks,squash,2024-11-19
"Sainsbury's Quadruple Strength Orange, Lemon & Pineapple Squ...",£2.25,15p / 100ml,null,drinks,squash,2024-11-19
Ribena Blackcurrant Squash No Added Sugar 1.5L,£2.75,18p / 100ml,null,drinks,squash,2024-11-19
Bottlegreen Elderflower Cordial 500ml,£4.25,85p / 100ml,null,drinks,squash,2024-11-19
Robinsons Fruit & Barley Apple & Pear Squash No Added Sugar ...,£2.15,22p / 100ml,null,drinks,squash,2024-11-19
Vimto Real Fruit Squash 2L,£3.00,15p / 100ml,null,drinks,squash,2024-11-19
Robinsons Double Strength Orange Fruit Squash 750ml,£2.50,33p / 100ml,null,drinks,squash,2024-11-19
Robinsons Fruit & Barley Summer Fruits Squash No Added Sugar...,£2.15,22p / 100ml,null,drinks,squash,2024-11-19
Robinsons Fruit & Barley Peach Squash No Added Sugar 1L,£2.15,22p / 100ml,null,drinks,squash,2024-11-19
"Sainsbury's Apple High Juice Squash, No Added Sugar 1L",£1.80,18p / 100ml,null,drinks,squash,2024-11-19
Robinsons Fruit Creations Delicious Peach & Raspberry Squash...,£2.50,25p / 100ml,null,drinks,squash,2024-11-19
J2O Apple & Raspberry 4x275ml,£4.75,43p / 100ml,null,drinks,squash,2024-11-19
Rose's Lime Juice Cordial 1L,£3.00,30p / 100ml,null,drinks,squash,2024-11-19
Sainsbury's Apple & Mango High Juice Squash 1L,£1.80,18p / 100ml,null,drinks,squash,2024-11-19
Sainsbury's Quadruple Strength Lemon Squash 1.5L,£2.25,15p / 100ml,null,drinks,squash,2024-11-19
Robinsons Crushed Lime & Mint Fruit Cordial 500ml,£3.00,60p / 100ml,£2.50,drinks,squash,2024-11-19
"Sainsbury's High Juice Orange Squash, No Added Sugar 1L",£2.15,22p / 100ml,null,drinks,squash,2024-11-19
"Sainsbury's High Juice Squash White Grape & Peach, No added ...",£1.80,18p / 100ml,null,drinks,squash,2024-11-19
Robinsons Double Strength Apple & Blackcurrant Fruit Squash ...,£2.50,33p / 100ml,null,drinks,squash,2024-11-19
Robinsons Fruit & Barley Orange Squash No Added Sugar 1L,£2.15,22p / 100ml,null,drinks,squash,2024-11-19
Robinsons Double Strength Orange & Pineapple Fruit Squash 75...,£2.50,33p / 100ml,null,drinks,squash,2024-11-19
Sainsbury's Lime Cordial No Added Sugar 1L,£1.35,14p / 100ml,null,drinks,squash,2024-11-19
Vimto Original Real Fruit Squash Blackcurrant Grape & Raspbe...,£2.00,20p / 100ml,£1.25,drinks,squash,2024-11-19
Belvoir Ginger Cordial 500ml,£4.00,80p / 100ml,null,drinks,squash,2024-11-19
Lipton Ice Tea Peach Flavoured Still Soft Drink 1.25L,£2.25,18p / 100ml,£1.60,drinks,squash,2024-11-19
J2O Orange & Passion Fruit 10x275ml,£9.50,35p / 100ml,£6.00,drinks,squash,2024-11-19
Bottlegreen Pomegranate & Elderflower Cordial 500ml,£4.25,85p / 100ml,null,drinks,squash,2024-11-19
J2O Apple & Mango 4x275ml,£4.75,43p / 100ml,null,drinks,squash,2024-11-19
Robinsons Double Strength Blackcurrant Fruit Squash 750ml,£2.50,33p / 100ml,null,drinks,squash,2024-11-19
Ocean Spray Cranberry & Raspberry Squash 1L,£2.35,24p / 100ml,null,drinks,squash,2024-11-19
Sainsbury's Fruit and Barley Peach No added Sugar 1L,£1.25,13p / 100ml,null,drinks,squash,2024-11-19
Bottlegreen Ginger & Lemongrass Cordial 500ml,£4.25,85p / 100ml,null,drinks,squash,2024-11-19
J2O Orange & Passion Fruit Cans 4x250ml,£3.25,33p / 100ml,null,drinks,squash,2024-11-19
J2O Apple & Raspberry Cans 4x250ml,£3.25,33p / 100ml,null,drinks,squash,2024-11-19
Sainsbury's Fruit Blends Mango Passionfruit & Peach Squash 1...,£1.40,14p / 100ml,null,drinks,squash,2024-11-19
Belvoir Farm Elderflower Cordial 500ml,£4.00,80p / 100ml,null,drinks,squash,2024-11-19
Rocks Blackcurrant Squash 740ml,£3.50,47p / 100ml,null,drinks,squash,2024-11-19
Sainsbury's Quadruple Strength Blackcurrant Squash 1.5L,£2.75,18p / 100ml,null,drinks,squash,2024-11-19
Capri-Sun Double Strength Orange No Added Sugar Multivitamin...,£2.00,20p / 100ml,null,drinks,squash,2024-11-19
Robinsons Double Strength No Added Sugar Squash Orange & Pin...,£3.50,20p / 100ml,£2.50,drinks,squash,2024-11-19
Sainsbury's High Juice Squash Pink Grapefruit No added Sugar...,£1.80,18p / 100ml,null,drinks,squash,2024-11-19
Robinsons Fruit Creations Apple & Rhubarb 1L,£2.50,25p / 100ml,null,drinks,squash,2024-11-19
Ribena Winter Spice Squash No Added Sugar 850ml,£2.00,24p / 100ml,null,drinks,squash,2024-11-19
Rocks Juicy Oranges Whole Fruit Squash 740ml,£3.50,47p / 100ml,null,drinks,squash,2024-11-19
Sainsbury's High Juice Orange Squash 1L,£3.20,32p / 100ml,null,drinks,squash,2024-11-19
Sainsbury's Fruit Blends Cherry Plum & Rasbperry Squash 1L,£1.40,14p / 100ml,null,drinks,squash,2024-11-19
"Sainsbury's English Elderflower Cordial, Taste the Differenc...",£2.95,59p / 100ml,null,drinks,squash,2024-11-19
Robinsons Fruit Creations Lemon & Raspberry Squash 1L,£2.50,25p / 100ml,null,drinks,squash,2024-11-19
Oasis Summer Fruits 500ml,£1.95,39p / 100ml,null,drinks,squash,2024-11-19
Robinsons Barley Water Lemon Squash 850ml,£2.60,31p / 100ml,null,drinks,squash,2024-11-19
Sainsbury's Quadruple Strength Lime Squash 1.5L,£2.25,15p / 100ml,null,drinks,squash,2024-11-19
Robinsons Mini Apple & Blackcurrant On the Go Squash 66ml,£2.75,£4.17 / 100ml,null,drinks,squash,2024-11-19
Ribena Pineapple & Passion Fruit Squash No Added Sugar 850ml,£2.00,24p / 100ml,null,drinks,squash,2024-11-19
Robinsons Double Strength Summer Fruits Squash 750ml,£2.50,33p / 100ml,null,drinks,squash,2024-11-19
Lipton Ice Tea Lemon Flavoured Still Soft Drink 1.25L,£2.25,18p / 100ml,£1.60,drinks,squash,2024-11-19
Robinsons Elderflower Fruit Cordial 500ml,£3.00,60p / 100ml,£2.50,drinks,squash,2024-11-19
Robinsons Fruit & Barley Pink Grapefruit Squash 1L,£2.15,22p / 100ml,null,drinks,squash,2024-11-19
Sainsbury's High Juice Summer Fruits Squash 1L,£3.00,30p / 100ml,null,drinks,squash,2024-11-19
Vimto Raspberry Orange & Passionfruit No Added Sugar Fruit S...,£2.00,20p / 100ml,£1.25,drinks,squash,2024-11-19
"Robinsons Fruit Creations Exotic Pineapple, Mango & Passion ...",£2.50,25p / 100ml,null,drinks,squash,2024-11-19
Robinsons Barley Water Orange Squash 850ml,£2.60,31p / 100ml,null,drinks,squash,2024-11-19
Robinsons Mini Summer Fruits On the Go Squash 66ml,£2.75,£4.17 / 100ml,null,drinks,squash,2024-11-19
Bottlegreen Refreshing Lime & Mint Cordial 500ml,£4.25,85p / 100ml,null,drinks,squash,2024-11-19
Lipton Ice Tea Peach Cans 6x330ml,£4.00,20p / 100ml,null,drinks,squash,2024-11-19
Vimto Original Real Fruit Squash Blackcurrant Grape & Raspbe...,£2.00,20p / 100ml,£1.25,drinks,squash,2024-11-19
Robinsons Double Strength Summer Fruits No Added Sugar Fruit...,£3.50,20p / 100ml,£2.50,drinks,squash,2024-11-19
Robinsons Mini Orange On the Go Squash 66ml,£2.75,£4.17 / 100ml,null,drinks,squash,2024-11-19
Sainsbury's Quadruple Strength Apple Squash 1.5L,£2.25,15p / 100ml,null,drinks,squash,2024-11-19
"Robinsons Raspberry, Rhubarb & Orange Blossom Fruit Cordial ...",£3.00,60p / 100ml,£2.50,drinks,squash,2024-11-19
Belvoir Farm Raspberry & Lemon Cordial 500ml,£4.00,80p / 100ml,null,drinks,squash,2024-11-19
Sainsbury's Quadruple Strength Orange Squash 750ml,£1.60,21p / 100ml,null,drinks,squash,2024-11-19
Robisnons Wicked Amazafying Citrus Twist Squash 750ml,£2.50,33p / 100ml,null,drinks,squash,2024-11-19
Sainsbury's Quadruple Strength Apple & Blackcurrant Squash 7...,£1.60,21p / 100ml,null,drinks,squash,2024-11-19
Robinsons Mini Passion Fruit & Mango On The Go Squash 66ml,£2.75,£4.17 / 100ml,null,drinks,squash,2024-11-19
Rocks Tasty Summer Fruits Whole Fruit Squash 740ml,£3.50,47p / 100ml,null,drinks,squash,2024-11-19
Sainsbury's Quadruple Strength Apple & Strawberry Squash 1.5...,£2.25,15p / 100ml,null,drinks,squash,2024-11-19
Lipton Ice Tea Raspberry Flavoured Still Soft Drink 1.25L,£2.25,18p / 100ml,£1.60,drinks,squash,2024-11-19
Ribena Blackcurrant Juice Drink 4x500ml,£3.50,18p / 100ml,null,drinks,squash,2024-11-19
Bottlegreen Winter Spiced Berry Cordial 500ml,£4.25,85p / 100ml,null,drinks,squash,2024-11-19
Robinsons Wicked Outstandiful Berry Squash 750ml,£2.50,33p / 100ml,null,drinks,squash,2024-11-19
"Sainsbury's High Juice Blackcurrant Squash, No Added Sugar 1...",£2.15,22p / 100ml,null,drinks,squash,2024-11-19
Sainsbury's Apple & Elderflower High Juice Squash 1L,£1.80,18p / 100ml,null,drinks,squash,2024-11-19
Sainsbury's Fruit and Barley Orange No added Sugar 1L,£1.25,13p / 100ml,null,drinks,squash,2024-11-19
Robinsons Fruit Creations Refreshing Strawberry & Watermelon...,£2.50,25p / 100ml,null,drinks,squash,2024-11-19
Ocean Spray Cranberry Squash 1L,£2.35,24p / 100ml,null,drinks,squash,2024-11-19
Lipton Lemon Ice Tea 6x330ml,£4.00,20p / 100ml,null,drinks,squash,2024-11-19
Lipton Ice Tea Peach Flavoured Still Soft Drink 500ml,£1.85,37p / 100ml,null,drinks,squash,2024-11-19
Robinsons Mini Lemon & Lime On The Go Squash 66ml,£2.75,£4.17 / 100ml,null,drinks,squash,2024-11-19
Bottlegreen Tropical Mango & Passionfruit Cordial 500ml,£4.25,85p / 100ml,null,drinks,squash,2024-11-19
Belvoir Elderflower & Rose Cordial 500ml,£4.00,80p / 100ml,null,drinks,squash,2024-11-19
Ribena Strawberry Squash No Added Sugar 850ml,£2.00,24p / 100ml,null,drinks,squash,2024-11-19
Radnor Splash Apple & Raspberry Still Flavoured Spring Water...,£1.20,16p / 100ml,null,drinks,squash,2024-11-19
Blossom Cottage Elderflower Cordial 500ml,£2.75,55p / 100ml,null,drinks,squash,2024-11-19
Belvoir Fruit Farms Lime Cordial 500ml,£4.00,80p / 100ml,null,drinks,squash,2024-11-19
PLJ Lemon Juice Cordial 500ml,£2.50,50p / 100ml,null,drinks,squash,2024-11-19
Belvoir Farm Blueberry & Blackcurrant Cordial 500ml,£4.00,80p / 100ml,null,drinks,squash,2024-11-19
Vimto Real Fruit Mango & Passionfruit Squash 1L,£2.00,20p / 100ml,£1.25,drinks,squash,2024-11-19
Ribena Blackcurrant Juice Drink No Added Sugar 500ml,£1.55,31p / 100ml,null,drinks,squash,2024-11-19
Capri-Sun Double Strength Tropical No Added Sugar Multivitam...,£2.00,20p / 100ml,null,drinks,squash,2024-11-19
Bottlegreen Plump Summer Raspberry Cordial 500ml,£4.25,85p / 100ml,null,drinks,squash,2024-11-19
Teisseire Grenadine Zero Sugar 60cl,£4.00,67p / 100ml,£2.95,drinks,squash,2024-11-19
Sainsbury's Fruit and Barley Summer Fruits No added Sugar 1L,£1.25,13p / 100ml,null,drinks,squash,2024-11-19
Sainsbury's Fruit Blends Strawberry & Rhubarb Squash 1L,£1.40,14p / 100ml,null,drinks,squash,2024-11-19
Robinsons Ginger & Orange Fruit Cordial 500ml,£3.00,60p / 100ml,£2.50,drinks,squash,2024-11-19
Ribena Blackcurrant Juice Drink 500ml,£1.55,31p / 100ml,null,drinks,squash,2024-11-19
Swizzels Drumstick Raspberry Squash 1L,£1.50,15p / 100ml,£1.00,drinks,squash,2024-11-19
Robinsons Double Strength Lemon No Added Sugar Fruit Squash ...,£3.50,20p / 100ml,£2.50,drinks,squash,2024-11-19
Belvoir Farm No Added Sugar Sicilian Lemon & Lime Cordial 50...,£4.00,80p / 100ml,£3.25,drinks,squash,2024-11-19
Belvoir Farm No Added Sugar Exotic Mango & Passion Fruit Cor...,£4.00,80p / 100ml,£3.25,drinks,squash,2024-11-19
"Sainsbury's Sicilian Lemon & Mint Cordial, Taste the Differe...",£2.95,59p / 100ml,null,drinks,squash,2024-11-19
Lipton Ice Tea Lemon 500ml,£1.85,37p / 100ml,null,drinks,squash,2024-11-19
Robinsons Boost Raspberry Strawberry & Acai Squash 750ml,£2.50,33p / 100ml,£1.75,drinks,squash,2024-11-19
Sainsbury's Quadruple Strength Tropical Squash 1.5L,£2.25,15p / 100ml,null,drinks,squash,2024-11-19
Robinsons Boost Benefit Drops Raspberry Strawberry & Acai wi...,£3.00,£4.55 / 100ml,£2.50,drinks,squash,2024-11-19
The Very Hungry Caterpillar Cloudy Apple Pressed Apple 3 x 2...,£2.25,38p / 100ml,£1.75,drinks,squash,2024-11-19
Teisseire Passion Fruit Zero Sugar 60cl,£4.00,67p / 100ml,£2.95,drinks,squash,2024-11-19
Robinsons Vitality Benefit Drops Peach Mango & Passion Fruit...,£3.00,£4.05 / 100ml,£2.50,drinks,squash,2024-11-19
Robinsons Vitality Peach Mango & Passion Fruit Squash 750ml,£2.50,33p / 100ml,£1.75,drinks,squash,2024-11-19
Harry Brompton's Summer Berries Iced Tea 1.25L,£2.50,20p / 100ml,null,drinks,squash,2024-11-19
Capri Sun Orange 330ml,£1.35,41p / 100ml,null,drinks,squash,2024-11-19
Harry Brompton's Lemon & Lime Iced Tea 1.25L,£2.50,20p / 100ml,null,drinks,squash,2024-11-19
Swizzels Drumstick Squashies Bubblegum Flavour Squash 1L,£1.50,15p / 100ml,£1.00,drinks,squash,2024-11-19
Sainsbury's Iced Tea Peach 1L,£1.50,15p / 100ml,null,drinks,squash,2024-11-19
Grace Mango Carrot Drink 475ml,£1.90,40p / 100ml,null,drinks,squash,2024-11-19
Sainsbury's Iced Tea Lemon 1L,£1.50,15p / 100ml,null,drinks,squash,2024-11-19
Robinsons Ready To Drink Peach & Mango Juice Drink 500ml,£1.40,28p / 100ml,null,drinks,squash,2024-11-19
Sainsbury's British Semi Skimmed Milk 2.27L (4 pint),£1.45,64p / ltr,null,drinks,milk,2024-11-19
Sainsbury's British Semi Skimmed Milk 1.13L (2 pint),£1.20,£1.06 / ltr,null,drinks,milk,2024-11-19
Sainsbury's British Whole Milk 2.27L (4 pint),£1.45,64p / ltr,null,drinks,milk,2024-11-19
Sainsbury's British Skimmed Milk 2.27L (4 pint),£1.45,64p / ltr,null,drinks,milk,2024-11-19
Cravendale Filtered Fresh Semi Skimmed Milk 2L Fresher for L...,£2.55,£1.28 / ltr,null,drinks,milk,2024-11-19
Sainsbury's British Semi Skimmed Milk 3.4L (6 pint),£2.15,63p / ltr,null,drinks,milk,2024-11-19
Sainsbury's British Skimmed Milk 1.13L (2 pint),£1.20,£1.06 / ltr,null,drinks,milk,2024-11-19
Sainsbury's British Whole Milk 1.13L (2 pint),£1.20,£1.06 / ltr,null,drinks,milk,2024-11-19
Sainsbury's British Filtered Semi Skimmed Milk 2L,£1.90,95p / ltr,null,drinks,milk,2024-11-19
Oatly Oat Drink Barista Edition Long Life 1L,£2.10,£2.10 / ltr,null,drinks,milk,2024-11-19
"Sainsbury's British Semi Skimmed Milk, SO Organic 2.27L (4 p...",£2.15,95p / ltr,null,drinks,milk,2024-11-19
Sainsbury's British Semi Skimmed Milk 1 Pint,85p,£1.50 / ltr,null,drinks,milk,2024-11-19
Cravendale Filtered Fresh Semi Skimmed Milk Fresher for Long...,£1.60,£1.60 / ltr,£1.35,drinks,milk,2024-11-19
Sainsbury's Everyday Lactose Free Semi Skimmed Dairy Drink 1...,£1.35,£1.35 / ltr,null,drinks,milk,2024-11-19
Sainsbury's British Whole Milk 3.4L (6 pint),£2.15,63p / ltr,null,drinks,milk,2024-11-19
Cravendale Filtered Fresh Whole Milk 2L Fresher for Longer,£2.55,£1.28 / ltr,null,drinks,milk,2024-11-19
Arla Bob Skimmed Milk Tastes like Semi Skimmed 2L,£2.55,£1.28 / ltr,null,drinks,milk,2024-11-19
"Sainsbury's British Semi Skimmed Milk, SO Organic 1.13L (2 p...",£1.70,£1.50 / ltr,null,drinks,milk,2024-11-19
Alpro Almond Milk No Sugars Chilled Dairy Alternative 1L,£2.00,£2.00 / ltr,£1.50,drinks,milk,2024-11-19
Alpro Almond Milk No Sugars Long Life Dairy Alternative 1L,£2.10,£2.10 / ltr,null,drinks,milk,2024-11-19
Yeo Valley Organic Fresh Whole Milk 2L,£2.75,£1.38 / ltr,null,drinks,milk,2024-11-19
Sainsbury's British Whole Milk 568ml (1 pint),85p,£1.50 / ltr,null,drinks,milk,2024-11-19
Sainsbury's Semi Skimmed Long Life Milk 6x1L,£5.34,89p / ltr,null,drinks,milk,2024-11-19
Oatly Oat Drink Semi Chilled 1L,£2.10,£2.10 / ltr,null,drinks,milk,2024-11-19
Arla Lactofree Semi Skimmed Milk Drink 1L,£1.85,£1.85 / ltr,null,drinks,milk,2024-11-19
"Sainsbury's British Whole Milk, SO Organic 1.13L (2 pint)",£1.70,£1.50 / ltr,null,drinks,milk,2024-11-19
Cravendale Filtered Fresh Skimmed Milk Fresher for Longer 2L,£2.55,£1.28 / ltr,null,drinks,milk,2024-11-19
Alpro Oat Milk No Sugars Chilled Dairy Alternative 1L,£2.00,£2.00 / ltr,£1.50,drinks,milk,2024-11-19
Sainsbury's Semi Skimmed British Milk 1L,89p,89p / ltr,null,drinks,milk,2024-11-19
Oatly Oat Drink Whole Chilled 1L,£2.10,£2.10 / ltr,null,drinks,milk,2024-11-19
Sainsbury's British Filtered Whole Milk 2L,£1.90,95p / ltr,null,drinks,milk,2024-11-19
Sainsbury's British Skimmed Milk 568ml (1 pint),85p,£1.50 / ltr,null,drinks,milk,2024-11-19
Dairy Pride Semi-Skimmed Longer Lasting UHT Milk 1 Litre,69p,69p / ltr,null,drinks,milk,2024-11-19
Califia Farms Oat Drink Barista Blend 1L,£2.10,£2.10 / ltr,null,drinks,milk,2024-11-19
Alpro Soya Milk Chilled Dairy Alternative 1L,£2.00,£2.00 / ltr,£1.50,drinks,milk,2024-11-19
Alpro Soya Milk No Sugars Chilled Dairy Alternative 1L,£2.00,£2.00 / ltr,£1.50,drinks,milk,2024-11-19
Biotiful Gut Health Kefir Milk Drink Original 1L,£3.50,35p / 100ml,£3.00,drinks,milk,2024-11-19
Cravendale Filtered Fresh Whole Milk Fresher for Longer 1L,£1.60,£1.60 / ltr,£1.35,drinks,milk,2024-11-19
Sainsbury's Skimmed Long Life Milk 6x1L,£5.34,89p / ltr,null,drinks,milk,2024-11-19
Plenish Organic Almond Dairy Alternative Long Life Drink 1L,£2.25,£2.25 / ltr,£2.00,drinks,milk,2024-11-19
Sainsbury's Chocolate Milkshake 1L,£1.00,10p / 100ml,null,drinks,milk,2024-11-19
Dairy Pride UHT Skimmed Milk 1L,69p,69p / ltr,null,drinks,milk,2024-11-19
Sainsbury's Sweetened Soya Drink 1L,99p,99p / ltr,null,drinks,milk,2024-11-19
Sainsbury's Whole British Milk 1L,89p,89p / ltr,null,drinks,milk,2024-11-19
Sainsbury's Unsweetened Almond Drink 1L,99p,99p / ltr,null,drinks,milk,2024-11-19
Alpro Oat Milk Long Life Dairy Alternative 1L,£2.10,£2.10 / ltr,null,drinks,milk,2024-11-19
Oatly Oat Drink Barista Edition Chilled 1L,£2.20,£2.20 / ltr,£1.70,drinks,milk,2024-11-19
Alpro Soya Milk No Sugars Long Life Dairy Alternative 1L,£2.10,£2.10 / ltr,£1.50,drinks,milk,2024-11-19
Graham's Gold Jersey Full Cream Milk 1L,£1.60,£1.60 / ltr,£1.30,drinks,milk,2024-11-19
Arla Jord Chilled Oat Drink 1L,£1.90,£1.90 / ltr,null,drinks,milk,2024-11-19
Sainsbury's Skimmed Milk 1L,89p,89p / ltr,null,drinks,milk,2024-11-19
Biotiful Gut Health Kefir Milk Drink Original 500ml,£2.60,52p / 100ml,null,drinks,milk,2024-11-19
Sainsbury's Everyday Lactose Free Whole Dairy Drink 1l,£1.35,£1.35 / ltr,null,drinks,milk,2024-11-19
Sainsbury's Everyday Lactose Free Skimmed Dairy Drink 1L,£1.35,£1.35 / ltr,null,drinks,milk,2024-11-19
St Helen's Farm Whole Goats Milk 1L,£2.15,£2.15 / ltr,null,drinks,milk,2024-11-19
St Helen's Farm Semi Skimmed Goats Milk 1L,£2.15,£2.15 / ltr,null,drinks,milk,2024-11-19
Arla Big Filtered Milk Vitamin Enriched Whole Milk for Kids ...,£2.65,£1.33 / ltr,null,drinks,milk,2024-11-19
Arla Lactofree Semi Skimmed Milk Drink 2L,£2.90,£1.45 / ltr,£2.25,drinks,milk,2024-11-19
Cravendale Filtered Fresh Skimmed Milk Fresher for Longer 1L,£1.60,£1.60 / ltr,£1.35,drinks,milk,2024-11-19
Oatly Semi Oat Drink Long Life 1L,£1.90,£1.90 / ltr,null,drinks,milk,2024-11-19
Happy Monkey Chocolate Milkshakes 3x200ml,£1.20,20p / 100ml,null,drinks,milk,2024-11-19
Arla Lactofree Fresh Whole Milk Drink 1 Litre,£1.85,£1.85 / ltr,null,drinks,milk,2024-11-19
Sainsbury's Strawberry Milkshake 1L,£1.00,10p / 100ml,null,drinks,milk,2024-11-19
Oatly Organic Oat Drink Long Life 1L,£2.00,£2.00 / ltr,£1.50,drinks,milk,2024-11-19
Alpro Organic Soya Milk No Sugars Long Life Dairy Alternativ...,£2.10,£2.10 / ltr,£1.50,drinks,milk,2024-11-19
Rude Health Almond Drink 1L,£2.30,£2.30 / ltr,null,drinks,milk,2024-11-19
Cravendale Filtered Fresh Semi Skimmed Milk Fresher for Long...,£3.60,£1.20 / ltr,null,drinks,milk,2024-11-19
Yeo Valley Organic Fresh Semi Skimmed Milk 2L,£2.75,£1.38 / ltr,null,drinks,milk,2024-11-19
Rude Health Oat Drink 1L,£2.20,£2.20 / ltr,null,drinks,milk,2024-11-19
Yeo Valley Organic Free Range Whole Milk 1L,£1.80,£1.80 / ltr,null,drinks,milk,2024-11-19
Arla BOB Skimmed Milk Tastes like Semi Skimmed 1L,£1.55,£1.55 / ltr,null,drinks,milk,2024-11-19
"Graham's Whole Milk, Organic 1L",£1.50,£1.50 / ltr,null,drinks,milk,2024-11-19
Alpro Barista Oat Milk Long Life Dairy Alternative 1L,£2.05,£2.05 / ltr,£1.50,drinks,milk,2024-11-19
Yeo Valley Organic Free Range Semi Skimmed Milk 1L,£1.80,£1.80 / ltr,null,drinks,milk,2024-11-19
Biotiful Gut Health Kefir Milk Drink Cherry 500ml,£2.60,52p / 100ml,null,drinks,milk,2024-11-19
Arla Lactofree Skimmed Milk Drink 1L,£1.85,£1.85 / ltr,null,drinks,milk,2024-11-19
"Sainsbury's British Semi Skimmed Milk, SO Organic 568ml (1 p...",£1.05,£1.85 / ltr,null,drinks,milk,2024-11-19
Alpro Barista Oat Milk Chilled Dairy Alternative 750ml,£1.75,£2.33 / ltr,null,drinks,milk,2024-11-19
Alpro Soya Milk Long Life Dairy Alternative 1L,£2.10,£2.10 / ltr,£1.50,drinks,milk,2024-11-19
Alpro Barista Coconut Milk Long Life Dairy Alternative 1L,£2.00,£2.00 / ltr,£1.50,drinks,milk,2024-11-19
Sainsbury's Banana Milkshake 1L,£1.00,10p / 100ml,null,drinks,milk,2024-11-19
Alpro Oat Milk Chilled Dairy Alternative 1L,£2.00,£2.00 / ltr,£1.50,drinks,milk,2024-11-19
"Sainsbury's Jersey Milk, Taste the Difference 1L",£1.35,£1.35 / ltr,null,drinks,milk,2024-11-19
"Sainsbury's Skimmed British Milk, SO Organic 1.136L",£1.70,£1.50 / ltr,null,drinks,milk,2024-11-19
Alpro Oat Growing Up Long Life Dairy Alternative Toddler Dri...,£1.95,£1.95 / ltr,null,drinks,milk,2024-11-19
Alpro Almond Milk Long Life Dairy Alternative 1L,£2.10,£2.10 / ltr,null,drinks,milk,2024-11-19
Happy Monkey Strawberry Milkshake 3x200ml,£1.20,20p / 100ml,null,drinks,milk,2024-11-19
Rude Health Coconut Drink 1L,£2.30,£2.30 / ltr,null,drinks,milk,2024-11-19
Mighty Ultimate Barista Oat Milk Alternative Long Life 1L,£1.90,£1.90 / ltr,null,drinks,milk,2024-11-19
Alpro Soya Growing Up Long Life Dairy Alternative Toddler Dr...,£2.00,£2.00 / ltr,null,drinks,milk,2024-11-19
Oatly Oat Drink Chocolate Long Life 1L,£1.90,£1.90 / ltr,£1.50,drinks,milk,2024-11-19
Alpro Soya Light Milk Chilled Dairy Alternative 1L,£2.00,£2.00 / ltr,£1.50,drinks,milk,2024-11-19
Plenish Organic Coconut Milk 1L,£2.25,£2.25 / ltr,£1.75,drinks,milk,2024-11-19
Sainsbury's Sweetened Almond Drink 1L,99p,99p / ltr,null,drinks,milk,2024-11-19
Arctic Coffee Caffe Latte 1L,£2.20,22p / 100ml,null,drinks,milk,2024-11-19
Alpro Soya Chocolate Chilled Drink 1L,£2.00,£2.00 / ltr,£1.50,drinks,milk,2024-11-19
Oatly Oat Drink Barista Organic Long Life 1L,£2.20,£2.20 / ltr,null,drinks,milk,2024-11-19
Alpro Soya Vanilla Long Life Drink 1L,£1.90,£1.90 / ltr,£1.50,drinks,milk,2024-11-19
Emmi Caffe Latte Skinny Iced Coffee 230ml,£1.85,80p / 100ml,null,drinks,milk,2024-11-19
Biotiful Gut Health Raspberry Kefir Milk Drink 500ml,£2.60,52p / 100g,null,drinks,milk,2024-11-19
Plenish Organic Oat Dairy Alternative Long Life Drink 1L,£2.25,£2.25 / ltr,£1.75,drinks,milk,2024-11-19
Biotiful Gut Health Kefir Milk Drink Strawberry 1L,£3.50,35p / 100ml,£3.00,drinks,milk,2024-11-19
Sainsbury's Sweetened Coconut Drink 1L,£1.25,£1.25 / ltr,null,drinks,milk,2024-11-19
Alpro Almond Milk Chilled Dairy Alternative 1L,£2.00,£2.00 / ltr,£1.50,drinks,milk,2024-11-19
Arla LactoFREE Long Life Semi Skimmed Milk Drink 1L,£1.90,£1.90 / ltr,null,drinks,milk,2024-11-19
Pro Mlk Strawberry Protein Shake 330ml,£1.15,35p / 100ml,null,drinks,milk,2024-11-19
Pro Mlk Chocolate Protein Shake 330ml,£1.15,35p / 100ml,null,drinks,milk,2024-11-19
Arctic Coffee Caramel Latte 1L,£2.20,22p / 100ml,null,drinks,milk,2024-11-19
Yazoo Chocolate Milk Drink 400ml,£1.50,38p / 100ml,null,drinks,milk,2024-11-19
Yazoo Chocolate Milk Drink 6x200ml,£2.40,£2.00 / ltr,null,drinks,milk,2024-11-19
Biotiful Gut Health Kefir Milk Drink Mango 500ml,£2.60,52p / 100ml,null,drinks,milk,2024-11-19
Oatly Oat Drink Light Chilled 1L,£2.10,£2.10 / ltr,null,drinks,milk,2024-11-19
Alpro Hazelnut Long Life Drink 1L,£2.20,£2.20 / ltr,null,drinks,milk,2024-11-19
Alpro Soya Chocolate Long Life Drink 3x250ml,£2.10,28p / 100ml,null,drinks,milk,2024-11-19
Yeo Valley Organic Long Life Semi Skimmed Milk 1L,£2.00,£2.00 / ltr,null,drinks,milk,2024-11-19
Plenish Organic Cashew Dairy Alternative Long Life Drink 1L,£2.25,£2.25 / ltr,£2.00,drinks,milk,2024-11-19
Quick Milk Sipper Chocolate 5x6g,60p,£20.00 / kg,null,drinks,milk,2024-11-19
Alpro Soya Light Milk Long Life Dairy Alternative 1L,£2.00,£2.00 / ltr,£1.50,drinks,milk,2024-11-19
Arctic Rainforest Alliance Arabica Bean Coffee Cafe Latte To...,£1.15,35p / 100ml,null,drinks,milk,2024-11-19
Müller Frijj Chocolate Flavour Milkshake 330ml,£1.50,45p / 100ml,£1.00,drinks,milk,2024-11-19
Cravendale Filtered Fresh Semi Skimmed Milk Fresher for Long...,60p,£2.40 / ltr,null,drinks,milk,2024-11-19
Cravendale Filtered Fresh Whole Milk Fresher for Longer 3L,£3.60,£1.20 / ltr,null,drinks,milk,2024-11-19
Emmi Caffe Latte Cappuccino Iced Coffee 230ml,£1.85,80p / 100ml,null,drinks,milk,2024-11-19
Biotiful Gut Health Kefir Milk Drink Vanilla 1L,£3.50,35p / 100ml,£3.00,drinks,milk,2024-11-19
Biocol Skimmed Milk 1L,£1.80,£1.80 / ltr,null,drinks,milk,2024-11-19
Nesquik Strawberry Milkshake Powder Tub 500g,£5.25,£10.50 / kg,null,drinks,milk,2024-11-19
For Goodness Shakes Protein Chocolate Flavour Shake 435ml,£2.30,53p / 100ml,null,drinks,milk,2024-11-19
Alpro High Protein Chocolate Long Life Soya Dairy Alternativ...,£2.15,£2.15 / ltr,£1.50,drinks,milk,2024-11-19
Alpro My Cuppa Soya Milk Chilled Dairy Alternative 1L,£1.95,£2.60 / ltr,null,drinks,milk,2024-11-19
Plenish Organic Almond Dairy Alternative Long Life 1L,£2.25,£2.25 / ltr,null,drinks,milk,2024-11-19
Shaken Udder Chocolush Milkshake 330ml,£1.60,48p / 100ml,null,drinks,milk,2024-11-19
Starbucks Multiserve Caramel Macchiato Iced Coffee 750ml,£3.75,50p / 100ml,null,drinks,milk,2024-11-19
Yazoo Strawberry Milk Drink 400ml,£1.50,38p / 100ml,null,drinks,milk,2024-11-19
Arla BOB Semi Skimmed Milk That Tastes Like Whole 2L,£2.55,£1.28 / ltr,null,drinks,milk,2024-11-19
Arla Jord Chilled Hemp & Oat Drink 1L,£1.90,£1.90 / ltr,null,drinks,milk,2024-11-19
Mighty High Protein Pea Milk Alternative Unsweetened 1L,£1.90,£1.90 / ltr,null,drinks,milk,2024-11-19
Yazoo Banana Milk Drink 400ml,£1.50,38p / 100ml,null,drinks,milk,2024-11-19
Pro Mlk Coffee Protein Shake 330ml,£1.15,35p / 100ml,null,drinks,milk,2024-11-19
Crusha Strawberry Flavour No Added Sugar Milkshake Mix 500ml...,£2.25,£4.50 / ltr,null,drinks,milk,2024-11-19
Oatly Oat Drink Vanilla Flavour Long Life 1L,£1.80,£1.80 / ltr,£1.50,drinks,milk,2024-11-19
Koko Coconut UHT Drink 1L,£1.80,£1.80 / ltr,£1.25,drinks,milk,2024-11-19
For Goodness Shakes Protein Strawberry Flavour Shake 435ml,£2.30,53p / 100ml,null,drinks,milk,2024-11-19
GetPro Strawberry High Protein Yoghurt Drink 300g,£2.00,67p / 100g,£1.50,drinks,milk,2024-11-19
Shaken Udder Chocolush Milkshake 750ml,£2.45,33p / 100ml,null,drinks,milk,2024-11-19
Yazoo Chocolate Milk Drink 1L,£2.00,20p / 100ml,£1.50,drinks,milk,2024-11-19
Plenish Organic Barista Oat 1L,£2.25,£2.25 / ltr,£1.75,drinks,milk,2024-11-19
Shaken Udder Top Banana! Milkshake 330ml,£1.60,48p / 100ml,null,drinks,milk,2024-11-19
Starbucks Caramel Frappuccino Flavoured Milk Iced Coffee 250...,£2.20,88p / 100ml,£1.25,drinks,milk,2024-11-19
Starbucks Multiserve Caffe Latte IcedCoffee 750ml,£3.75,50p / 100ml,null,drinks,milk,2024-11-19
St Helen's Farm Skimmed Goats Milk 1L,£2.15,£2.15 / ltr,null,drinks,milk,2024-11-19
Mlekovita Natural Polski Kefir 1kg,£2.20,22p / 100ml,null,drinks,milk,2024-11-19
Biotiful Gut Health Organic Kefir Milk Drink Original 500ml,£2.80,56p / 100g,null,drinks,milk,2024-11-19
Mighty Gingerbread Barista Oat Milk Alternative Long Life 1L,£2.30,£2.30 / ltr,null,drinks,milk,2024-11-19
Shaken Udder Vanilla licious Milkshake 330ml,£1.60,48p / 100ml,null,drinks,milk,2024-11-19
Alpro Barista Almond Milk Long Life Dairy Alternative 1L,£2.20,£2.20 / ltr,£1.50,drinks,milk,2024-11-19
Rude Health Coconut High Calcium Chilled Drink 1L,£2.30,£2.30 / ltr,£1.80,drinks,milk,2024-11-19
Huel Banana Flavour Ready to Drink Complete Meal 500ml,£3.50,70p / 100ml,null,drinks,milk,2024-11-19
Oatly Oat Drink Barista Lighter Taste Ambient 1L,£2.10,£2.10 / ltr,null,drinks,milk,2024-11-19
Yazoo Strawberry Milk Drink 6x200ml,£2.40,£2.00 / ltr,null,drinks,milk,2024-11-19
Nesquik Banana Milkshake Powder Tub 500g,£5.25,£10.50 / kg,null,drinks,milk,2024-11-19
Müller Frijj Strawberry Flavour Milkshake 330ml,£1.50,45p / 100ml,£1.00,drinks,milk,2024-11-19
Shaken Udder Strawberry Dream Milkshake 750ml,£2.45,33p / 100ml,null,drinks,milk,2024-11-19
Alpro Soya Growing Up Long Life Dairy Alternative Toddler Dr...,£1.75,£2.33 / ltr,null,drinks,milk,2024-11-19
Mars Chocolate Milk Shake Drink No Added Sugar 400ml,£1.60,40p / 100ml,null,drinks,milk,2024-11-19
Califia Farms Mocha Cold Brew Coffee with Almond 750ml,£2.95,£3.93 / ltr,£2.00,drinks,milk,2024-11-19
Muller Frijj Fudge Brownie Big Bottle Milkshake 950ml,£2.50,26p / 100ml,null,drinks,milk,2024-11-19
Starbucks Skinny Latte Chilled Coffee 750ml,£3.75,50p / 100ml,null,drinks,milk,2024-11-19
Huel Chocolate Flavour Ready-to-Drink Complete Meal 500ml,£3.50,70p / 100ml,null,drinks,milk,2024-11-19
Yazoo Chocolate Milk Drink 200ml,£1.50,25p / 100ml,null,drinks,milk,2024-11-19
Jimmy's Iced Coffee Original 250ml,£1.70,68p / 100ml,£1.00,drinks,milk,2024-11-19
Yazoo Strawberry Milk Drink 1L,£2.00,20p / 100ml,£1.50,drinks,milk,2024-11-19
Fuel10K Chocolate Flavour Breakfast Milk Drink 330ml,£1.30,39p / 100ml,null,drinks,milk,2024-11-19
Starbucks Grande Caffe Latte Iced Coffee Drink 330ml,£2.80,85p / 100ml,null,drinks,milk,2024-11-19
Starbucks Skinny Latte Lactose Free Flavoured Milk Iced Coff...,£2.20,£1.00 / 100ml,£1.25,drinks,milk,2024-11-19
"Starbucks Almond Based Iced Coffee, Plant-Based Drink 220ml",£2.20,£1.00 / 100ml,null,drinks,milk,2024-11-19
"Starbucks White Chocolate Mocha Iced Coffee, Limited Edition...",£2.20,£1.00 / 100ml,null,drinks,milk,2024-11-19
Starbucks Caffé Latte Flavoured Milk Iced Coffee 220ml,£2.20,£1.00 / 100ml,£1.25,drinks,milk,2024-11-19
"Starbucks Vanilla Macchiato Iced Coffee, Plant-Based Drink 2...",£2.20,£1.00 / 100ml,null,drinks,milk,2024-11-19
Alpro Coconut Milk Long Life Dairy Alternative 1L,£2.10,£2.10 / ltr,null,drinks,milk,2024-11-19
GetPro Forest Fruits Flavour Protein Pouch Drink 200g,£1.65,83p / 100g,null,drinks,milk,2024-11-19
Yazoo Strawberry Milk Drink 200ml,£1.50,25p / 100ml,null,drinks,milk,2024-11-19
Arla Protein Chocolate Flavoured Milk Drink 1L,£3.00,30p / 100ml,£2.25,drinks,milk,2024-11-19
The Estate Diary Unhomogenised Organic Whole Milk 1L,£2.90,£2.90 / ltr,null,drinks,milk,2024-11-19
Sainsbury's Sweetened Soya Drink 1L,£1.25,£1.25 / ltr,null,drinks,milk,2024-11-19
Fuel10K High Protein Banana Breakfast Milk Drink 330ml,£1.30,39p / 100ml,null,drinks,milk,2024-11-19
Arla Protein Vanilla Milk Shake 482ml,£2.00,42p / 100ml,null,drinks,milk,2024-11-19
Arla Protein Strawberry & Raspberry Flavoured Milk Drink 482...,£2.00,42p / 100ml,null,drinks,milk,2024-11-19
Shaken Udder Vanilla licious Milkshake 750ml,£2.45,33p / 100ml,null,drinks,milk,2024-11-19
Grahams The Family Dairy Organic Whole Milk 2L,£2.50,£1.25 / ltr,null,drinks,milk,2024-11-19
Starbucks DoubleShot Espresso Iced Coffee 200ml,£2.20,£1.10 / 100ml,null,drinks,milk,2024-11-19
Arla Protein Food To Go Chocolate Caramel Flavoured Meal Rep...,£3.50,70p / 100ml,null,drinks,milk,2024-11-19
Plenish Organic Cashew 1L,£2.25,£2.25 / ltr,null,drinks,milk,2024-11-19
Arctic Rainforest Alliance Roasted Arabica Bean Coffee Caram...,£1.15,35p / 100ml,null,drinks,milk,2024-11-19
Arctic Iced Coffee Mocha 1L,£2.20,22p / 100ml,null,drinks,milk,2024-11-19
Tom Parker Creamery Free Range Chocolate Milk 250ml,£1.55,62p / 100ml,null,drinks,milk,2024-11-19
Fuel10K Strawberry Flavour Breakfast Milk Drink 330ml,£1.30,39p / 100ml,null,drinks,milk,2024-11-19
Up & Go Breakfast Drink Strawberry 300ml,£1.25,38p / 100ml,null,drinks,milk,2024-11-19
Huel Black Edition Chocolate 500ml,£3.80,76p / 100ml,null,drinks,milk,2024-11-19
Huel Ready-to-drink Vanilla Flavour 500ml,£3.50,70p / 100ml,null,drinks,milk,2024-11-19
Smug Dairy Blended Oat & Dairy Milk 1L,£1.95,£1.95 / ltr,£1.00,drinks,milk,2024-11-19
Muller Frijj Strawberry Big Bottle Milkshake 950ml,£2.50,26p / 100ml,null,drinks,milk,2024-11-19
Alpro Barista Caramel Flavour 750ml,£1.75,£2.33 / ltr,null,drinks,milk,2024-11-19
Arla Protein Food To Go Vanilla Hazelnut Flavoured Meal Repl...,£3.50,70p / 100ml,null,drinks,milk,2024-11-19
Chocomel 750ml,£2.75,37p / 100ml,£2.00,drinks,milk,2024-11-19
Starbucks Caramel Macchiato Flavoured Milk Iced Coffee 220ml,£2.20,£1.00 / 100ml,£1.25,drinks,milk,2024-11-19
Emmi Caffe Latte Cappuccino Iced Coffee 650ml,£3.00,46p / 100ml,null,drinks,milk,2024-11-19
Arctic Iced Coffee Vanilla Latte 330ml,£1.15,35p / 100ml,null,drinks,milk,2024-11-19
Tom Parker Creamery Vitamin Enriched Whole Milk 500ml,£1.25,£2.50 / ltr,null,drinks,milk,2024-11-19
Emmi Caffe Latte Protein Iced Coffee 230ml,£1.85,80p / 100ml,null,drinks,milk,2024-11-19
SuperNutrio High Protein Semi Skimmed Cow's Milk 1L,£2.50,£2.50 / ltr,null,drinks,milk,2024-11-19
Jimmy's Iced Coffee Caramel 250ml,£1.70,68p / 100ml,£1.00,drinks,milk,2024-11-19
Emmi Caffe Latte Skinny Iced Coffee 650ml,£3.00,46p / 100ml,null,drinks,milk,2024-11-19
Arla Protein Chocolate Flavoured Milk Drink 479ml,£2.00,42p / 100ml,null,drinks,milk,2024-11-19
For Goodness Shakes Protein Salted Caramel Flavour Shake 435...,£2.30,53p / 100ml,null,drinks,milk,2024-11-19
Arla Barista Milk Drink 1 Litre,£2.00,£2.00 / ltr,£1.50,drinks,milk,2024-11-19
Chocomel Chocolate Flavoured Milk Drink 250ml,£1.70,68p / 100ml,null,drinks,milk,2024-11-19
SuperNutrio High Protein Whole Cow's Milk 1L,£2.50,£2.50 / ltr,null,drinks,milk,2024-11-19
Arla Lactofree Whole Milk Drink 2L,£2.75,£1.38 / ltr,£2.25,drinks,milk,2024-11-19
Starbucks DoubleShot Espresso No Added Sugar Iced Coffee Dri...,£2.20,£1.10 / 100ml,null,drinks,milk,2024-11-19
Starbucks Grande Cup Caramel Macchiato Flavour Chilled Coffe...,£2.80,85p / 100ml,null,drinks,milk,2024-11-19
Nurishment The Original Vanilla Flavoured Milk 400g,£1.65,45p / 100ml,£1.30,drinks,milk,2024-11-19
Fuel10K Vanilla Flavour Breakfast Milk Drink 330ml,£1.30,39p / 100ml,null,drinks,milk,2024-11-19
Tom Parker Creamery Free Range Strawberries & Cream Milk 250...,£1.55,62p / 100ml,null,drinks,milk,2024-11-19
Huel Black Edition Strawberry Banana 500ml,£3.80,76p / 100ml,null,drinks,milk,2024-11-19
Shaken Udder Chocolate Protein Milkshake 330ml,£2.30,70p / 100ml,null,drinks,milk,2024-11-19
Ufit White Chocolate Flavour High Protein Milkshake 330ml,£2.00,61p / 100ml,null,drinks,milk,2024-11-19
Huel Salted Caramel 500ml,£3.50,70p / 100ml,null,drinks,milk,2024-11-19
Shaken Udder Salted Caramel Milkshake 750ml,£2.45,33p / 100ml,null,drinks,milk,2024-11-19
Up & Go Breakfast Drink Chocolate 300ml,£1.25,38p / 100ml,null,drinks,milk,2024-11-19
Starbucks Caffe Latte Protein Drink with Coffee 330ml,£2.75,83p / 100ml,£1.75,drinks,milk,2024-11-19
Huel Black Edition Vanilla 500ml,£3.80,76p / 100ml,null,drinks,milk,2024-11-19
Califia Farms Almond Barista Blend 1L,£2.35,£2.35 / ltr,null,drinks,milk,2024-11-19
Marvel Original Dried Skimmed Milk Powder 250g,£4.50,£18.00 / kg,null,drinks,milk,2024-11-19
Shaken Udder Double Choc Milkshake 330ml,£1.60,48p / 100ml,null,drinks,milk,2024-11-19
Nurishment The Original Chocolate Flavoured Milk 400g,£1.65,45p / 100ml,£1.30,drinks,milk,2024-11-19
Shaken Udder White Choc Protein Milkshake 330ml,£2.30,70p / 100ml,null,drinks,milk,2024-11-19
Tom Parker Creamery Free Range Banana Fudge Milk 250ml,£1.55,62p / 100ml,null,drinks,milk,2024-11-19
Alpro Plant Protein Plain 1L,£2.30,£2.30 / ltr,£1.50,drinks,milk,2024-11-19
Huel Chocolate Brownie 500ml,£3.50,70p / 100ml,null,drinks,milk,2024-11-19
Sainsbury's Shape & Slim Meal Replacement Shakes Chocolate 1...,£5.50,£18.97 / kg,null,drinks,milk,2024-11-19
Ufit Raspberry Ripple Flavour High Protein Milkshake 330ml,£2.00,61p / 100ml,null,drinks,milk,2024-11-19
Starbucks Chocolate Mocha Flavour Protein Drink with Coffee ...,£2.75,83p / 100ml,£1.75,drinks,milk,2024-11-19
For Goodness Protein Shakes Vanilla Flavour Shake 435ml,£2.30,53p / 100ml,null,drinks,milk,2024-11-19
Yazoo Banana Milk Drink 1L,£2.00,20p / 100ml,null,drinks,milk,2024-11-19
Shaken Udder Salted Caramel Milkshake 330ml,£1.60,48p / 100ml,null,drinks,milk,2024-11-19
Ufit Chocolate Flavour High Protein Milkshake 330ml,£2.00,61p / 100ml,null,drinks,milk,2024-11-19
Huel Black Edition Iced Latte 500ml,£3.80,76p / 100ml,null,drinks,milk,2024-11-19
Barebells Protein Milkshake Chocolate Flavour 330ml,£2.50,76p / 100ml,null,drinks,milk,2024-11-19
Nido Instant Full Cream Milk Powder 900g,£13.00,£1.44 / 100g,null,drinks,milk,2024-11-19
Shaken Udder Strawberry Protein Milkshake 330ml,£2.30,70p / 100ml,null,drinks,milk,2024-11-19
Biotiful Gut Health Strawberry Kefir Protein Drink 330ml,£2.00,61p / 100ml,null,drinks,milk,2024-11-19
Sainsbury's Shape & Slim Meal Replacement Shakes Strawberry ...,£5.50,£18.97 / kg,null,drinks,milk,2024-11-19
UFIT Fudge Brownie Flavour High Protein Milkshake 330ml,£2.00,61p / 100ml,null,drinks,milk,2024-11-19
Biotiful Gut Health Kefir Chocolate Protein Drink 330ml,£2.00,61p / 100ml,null,drinks,milk,2024-11-19
Arctic Iced Coffee Hi Protein Caramel Latte 330ml,£1.15,35p / 100ml,null,drinks,milk,2024-11-19
Ufit Strawberry Flavour High Protein Milkshake 500ml,£3.00,60p / 100ml,£2.25,drinks,milk,2024-11-19
Ufit Salted Caramel Flavour High Protein Milkshake 500ml,£3.00,60p / 100ml,£2.25,drinks,milk,2024-11-19
Starbucks Protein Drink with Coffee Caramel Hazelnut Flavour...,£2.75,83p / 100ml,£1.75,drinks,milk,2024-11-19
Yeo Valley Organic Free Range Fresh Milk Skimmed 1L,£1.80,£1.80 / ltr,null,drinks,milk,2024-11-19
Shaken Udder White Chocolate Milkshake 330ml,£1.60,48p / 100ml,null,drinks,milk,2024-11-19
Barebells Protein Milkshake Strawberry Flavour 330ml,£2.50,76p / 100ml,null,drinks,milk,2024-11-19
Califia Farms Oat Latte 750ml,£2.95,39p / 100ml,£2.00,drinks,milk,2024-11-19
Ufit Caramelised Bisenit Flavour High Protein Milkshake 330m...,£2.00,67p / 100ml,null,drinks,milk,2024-11-19
Jimmy's Original Iced Coffee 380ml,£2.75,72p / 100ml,null,drinks,milk,2024-11-19
yfood Classic Choco Ready to Drink Complete Meal 500ml,£3.50,70p / 100ml,null,drinks,milk,2024-11-19
Graham's The Family Dairy Organic Semi-Skimmed 2L,£2.50,£1.25 / ltr,null,drinks,milk,2024-11-19
Jimmy's Mocha Iced Coffee 380ml,£2.75,72p / 100ml,null,drinks,milk,2024-11-19
Huel Berry 500ml,£3.50,70p / 100ml,null,drinks,milk,2024-11-19
For Goodness Shakes Recovery Vanilla Flavour Shake 435ml,£2.00,46p / 100ml,null,drinks,milk,2024-11-19
Starbucks Frappuccino S'mores Flavoured Milk Iced Coffee 250...,£2.20,88p / 100ml,£1.25,drinks,milk,2024-11-19
For Goodness Shakes Recovery Chocolate Flavour Shake 435ml,£2.00,46p / 100ml,null,drinks,milk,2024-11-19
Starbucks Frappuccino Caramel Flavoured Milk Iced Coffee No ...,£2.20,88p / 100ml,null,drinks,milk,2024-11-19
yfood Smooth Vanilla Ready to Drink Complete Meal 500ml,£3.50,70p / 100ml,null,drinks,milk,2024-11-19
Starbucks Frappuccino Indulgent Caramel Flavour Coffee Drink...,£7.35,74p / 100ml,£4.00,drinks,milk,2024-11-19
Huel Strawberries & Cream 500ml,£3.50,70p / 100ml,null,drinks,milk,2024-11-19
Nurishment the Original Blueberry Swirl Flavour Fusion Milk ...,£1.65,45p / 100ml,£1.30,drinks,milk,2024-11-19
Emmi Caffe Latte Skinny Iced Coffee 370ml,£2.65,72p / 100ml,null,drinks,milk,2024-11-19
Sainsbury's Shape & Slim Meal Replacement Shakes Vanilla 10x...,£5.50,£18.97 / kg,null,drinks,milk,2024-11-19
Serge Peanut Punch 240ml,£1.00,42p / 100ml,90p,drinks,milk,2024-11-19
For Goodness Shakes Protein Strawberry Flavour Shake 1000 m...,£4.50,45p / 100ml,£3.00,drinks,milk,2024-11-19
Nurishment The Original Strawberry Flavoured Milk 400g,£1.65,45p / 100ml,£1.30,drinks,milk,2024-11-19
Mlekovita Strawberry Kefir 1kg,£2.35,24p / 100ml,null,drinks,milk,2024-11-19
Nurishment the Original Hazelnut Swirl Flavour Fusion Milk D...,£1.65,45p / 100ml,£1.30,drinks,milk,2024-11-19
Nurishment The Original Banana Flavoured Milk 400g,£1.65,45p / 100ml,£1.30,drinks,milk,2024-11-19
For Goodness Shakes Protein Chocolate Flavour Shake 1000ml,£4.50,45p / 100ml,£3.00,drinks,milk,2024-11-19
Yorkshire Tea Bags x240,£6.30,84p / 100g,null,drinks,tea,2024-11-19
Sainsbury’s Decaffeinated Red Label Tea Bags x80 250g,£1.65,66p / 100g,null,drinks,tea,2024-11-19
Yorkshire Tea Tea Bags x80,£3.30,£1.32 / 100g,£3.00,drinks,tea,2024-11-19
PG Tips Original Tea Bags x210 609g,£5.50,90p / 100g,null,drinks,tea,2024-11-19
Sainsbury's Red Label Tea Bags x240 750g,£3.20,43p / 100g,null,drinks,tea,2024-11-19
"Tetley Everyday Tea Bags, Softpack x240",£5.75,77p / 100g,null,drinks,tea,2024-11-19
Sainsbury's Red Label Tea Bags x80 250g,£1.25,50p / 100g,null,drinks,tea,2024-11-19
PG tips Original Biodegradable Black Tea Bags x80,£3.00,£1.29 / 100g,£2.50,drinks,tea,2024-11-19
Twinings English Breakfast Plant Based Tea Bags x80 200g,£4.80,£2.40 / 100g,null,drinks,tea,2024-11-19
PG Tips Decaffeinated Tea Bags x70 230g,£3.00,£1.48 / 100g,£2.50,drinks,tea,2024-11-19
Sainsbury's Red Label Tea Bags x160 500g,£2.30,46p / 100g,null,drinks,tea,2024-11-19
Pukka Organic Three Mint Tea Bags x 20,£4.75,£14.84 / 100g,null,drinks,tea,2024-11-19
Sainsbury's Infusions Peppermint Tea Bags x20,95p,£2.38 / 100g,null,drinks,tea,2024-11-19
Sainsbury's Infusions Lemon & Ginger Tea Bags x20,80p,£2.00 / 100g,null,drinks,tea,2024-11-19
Yorkshire Tea Decaf Tea Bags x80,£3.80,£1.52 / 100g,null,drinks,tea,2024-11-19
Clipper Organic Everyday Tea Bags x80,£3.75,£1.62 / 100g,£3.00,drinks,tea,2024-11-19
Yorkshire Tea Decaf Tea Bags x160,£5.25,£1.05 / 100g,null,drinks,tea,2024-11-19
Tetley Everyday Tea Bags Decaffeinated x160,£6.00,£1.20 / 100g,null,drinks,tea,2024-11-19
"Sainsbury's Earl Grey Tea Bags, Taste the Difference x100",£2.60,£1.04 / 100g,null,drinks,tea,2024-11-19
Sainsbury's Infusions Peppermint Tea Bags x80,£2.90,£1.81 / 100g,null,drinks,tea,2024-11-19
Sainsbury's English Breakfast Tea Bags Taste the Difference ...,£2.20,88p / 100g,null,drinks,tea,2024-11-19
Taylors of Harrogate Yorkshire Tea Bags x40 125g,£1.75,£1.40 / 100g,null,drinks,tea,2024-11-19
"Sainsbury's Strawberry, Raspberry & Cranberry Tea Bags x20",80p,£2.00 / 100g,null,drinks,tea,2024-11-19
Yorkshire Gold Tea Bags x80,£3.90,£1.56 / 100g,null,drinks,tea,2024-11-19
Tetley Everyday Tea Bags Decaffeinated x80 250g,£3.70,£1.48 / 100g,£2.00,drinks,tea,2024-11-19
Twinings the Earl Grey Plant Based Tea Bags x80 200g,£4.80,£2.40 / 100g,null,drinks,tea,2024-11-19
Pukka Peppermint & Licorice Tea Bags x20,£4.75,£15.83 / 100g,null,drinks,tea,2024-11-19
"Sainsbury's Earl Grey Decaff Tea Bags, Taste the Difference ...",£1.70,£1.36 / 100g,null,drinks,tea,2024-11-19
Sainsbury's Assam Tea Bags Taste the Difference x80,£2.60,£1.04 / 100g,null,drinks,tea,2024-11-19
"Twinings Peppermint Tea, 20 Tea Bags",£2.25,£5.63 / 100g,null,drinks,tea,2024-11-19
"Tetley Everyday Tea Bags, Softpack x80",£3.15,£1.26 / 100g,null,drinks,tea,2024-11-19
Twinings Everyday Teabags 232g x80,£4.80,£2.07 / 100g,null,drinks,tea,2024-11-19
Yorkshire Tea Tea Bags x160,£5.50,£1.10 / 100g,null,drinks,tea,2024-11-19
Yorkshire Tea Loose Leaf Tea 250g,£2.80,£1.12 / 100g,null,drinks,tea,2024-11-19
Sainsbury's Infusions Camomile Tea Bags x20,95p,£3.17 / 100g,null,drinks,tea,2024-11-19
"Pukka Organic Ginger, Galangal & Golden Turmeric Tea Bags x2...",£4.75,£13.19 / 100g,null,drinks,tea,2024-11-19
Clipper Fairtrade Organic Green Tea x80 Tea Bags 160g,£4.00,£2.50 / 100g,null,drinks,tea,2024-11-19
Clipper Fairtrade Everyday Tea Bags x80 23g,£3.75,£1.50 / 100g,null,drinks,tea,2024-11-19
Sainsbury's Rooibos x80 Tea Bags 200g,£2.50,£1.25 / 100g,null,drinks,tea,2024-11-19
Sainsbury's Green Tea x80 Tea Bags 152g,£1.60,£1.05 / 100g,null,drinks,tea,2024-11-19
"Pukka Organic Lemon, Ginger & Manuka Honey Tea Bags x 20",£4.75,£13.19 / 100g,null,drinks,tea,2024-11-19
"Twinings Peppermint Tea, 80 Tea Bags",£5.00,£3.13 / 100g,£4.50,drinks,tea,2024-11-19
Tick Tock Rooibos Tea Bags x80,£3.90,£2.17 / 100g,null,drinks,tea,2024-11-19
Yorkshire Gold Tea Bags x160,£6.30,£1.26 / 100g,£6.00,drinks,tea,2024-11-19
"Twinings English Strong Breakfast Tea, 80 Tea Bags",£5.30,£2.12 / 100g,null,drinks,tea,2024-11-19
Sainsbury's Red Label Tea Bags x40 125g,75p,60p / 100g,null,drinks,tea,2024-11-19
Drink Me Chai Spiced Latte 250g,£3.80,£1.52 / 100g,£3.00,drinks,tea,2024-11-19
"Twinings Lemon & Ginger Tea, 20 Tea Bags",£2.25,£7.50 / 100g,null,drinks,tea,2024-11-19
Sainsbury's Camomile Tea Bags x80 120g,£2.90,£2.42 / 100g,null,drinks,tea,2024-11-19
Yorkshire Tea Hard Water Tea Bags x80,£3.30,£1.32 / 100g,null,drinks,tea,2024-11-19
Clipper Organic Decaf Everyday Tea x80 Tea Bags 250g,£6.00,£2.17 / 100g,null,drinks,tea,2024-11-19
Sainsbury's Assam Loose Tea Taste the Difference 125g,£1.70,£1.36 / 100g,null,drinks,tea,2024-11-19
"Twinings Camomile & Honey Tea, 20 Tea Bags",£2.25,£7.50 / 100g,null,drinks,tea,2024-11-19
Clipper Organic Sleep Time Herbal Tea Bags x20 30g,£3.40,£4.47 / 100g,null,drinks,tea,2024-11-19
"Sainsbury's Earl Grey Tea Bags, Taste the Difference x50",£1.70,£1.36 / 100g,null,drinks,tea,2024-11-19
Tick Tock Earl Grey Rooibos Tea Biodegradable Bags x40 90g,£2.25,£2.50 / 100g,£1.90,drinks,tea,2024-11-19
Stamford Street Co. Tea Bags x160 400g,£1.85,46p / 100g,null,drinks,tea,2024-11-19
"Twinings Camomile Tea, 20 Tea Bags",£2.25,£7.50 / 100g,null,drinks,tea,2024-11-19
"Twinings Superblends Sleep with Spiced Apple & Camomile, 20 ...",£3.50,£11.67 / 100g,£2.50,drinks,tea,2024-11-19
"Twinings Spiced Ginger Tea, 20 Tea Bags",£2.25,£6.43 / 100g,null,drinks,tea,2024-11-19
Pukka Organic Supreme Matcha Green x20 Tea Bags 30g,£4.75,£15.83 / 100g,null,drinks,tea,2024-11-19
Teapigs Peppermint Leaves Tea Bags x15,£4.75,£15.83 / 100g,null,drinks,tea,2024-11-19
Twinings the Earl Grey Decaffeinated Plant Based Tea Bags x4...,£3.60,£3.60 / 100g,null,drinks,tea,2024-11-19
Sainsbury's Extra Strong Red Label Tea Bags x80 250g,£2.00,80p / 100g,null,drinks,tea,2024-11-19
"Twinings Mint Green Tea, 20 Tea Bags",£2.25,£5.63 / 100g,null,drinks,tea,2024-11-19
Pukka Organic Vanilla Chai Tea Bags x20 40g,£4.75,£11.88 / 100g,null,drinks,tea,2024-11-19
Yorkshire Tea Biscuit Brew x40 Tea Bags 112g,£2.30,£2.05 / 100g,null,drinks,tea,2024-11-19
Twinings Lady Grey Teabags 200g x80,£4.80,£2.40 / 100g,null,drinks,tea,2024-11-19
Sainsbury's Gold Label Tea Bags x80 250g,£2.20,88p / 100g,null,drinks,tea,2024-11-19
"Twinings Cranberry & Raspberry Tea, 20 Tea Bags",£2.25,£5.63 / 100g,null,drinks,tea,2024-11-19
Sainsbury's Green Tea with Lemon x20 Tea Bags 38g,80p,£2.11 / 100g,null,drinks,tea,2024-11-19
"Tetley Everyday Tea Bags, Softpack x160",£4.65,93p / 100g,£3.50,drinks,tea,2024-11-19
Tea India Masala Chai Teabags x40,£2.60,£2.60 / 100g,£1.80,drinks,tea,2024-11-19
"Twinings Decaffeinated Everyday Tea, 80 Tea Bags",£5.30,£2.12 / 100g,null,drinks,tea,2024-11-19
Tetley Green Tea Decaffeinated x50 Tea Bags 100g,£2.85,£2.85 / 100g,£2.00,drinks,tea,2024-11-19
Sainsbury's Red Label Loose Tea 250g,£1.65,66p / 100g,null,drinks,tea,2024-11-19
Twinings English Breakfast Plant Based Tea Bags x120 300g,£5.75,£1.92 / 100g,null,drinks,tea,2024-11-19
"Twinings Fennel Tea, 20 Tea Bags",£2.25,£5.63 / 100g,null,drinks,tea,2024-11-19
Clipper Fairtrade Restoring Roots Ginger & Turmeric Organic ...,£3.25,£9.03 / 100g,null,drinks,tea,2024-11-19
Sainsbury's Gold Label Tea Bags x160 500g,£4.00,80p / 100g,null,drinks,tea,2024-11-19
Tetley Pure Green Tea x50 Tea Bags 100g,£2.85,£2.85 / 100g,£2.00,drinks,tea,2024-11-19
Twinings the Earl Grey Plant Based Tea Bags x120 300g,£5.80,£1.93 / 100g,null,drinks,tea,2024-11-19
"Twinings Peach & Orange Fruit Tea, 20 Tea Bags",£2.80,£7.00 / 100g,null,drinks,tea,2024-11-19
Sainsbury's Bedtime Infusion Tea Bags x20 36g,£1.70,£4.72 / 100g,null,drinks,tea,2024-11-19
Teapigs Mao Feng Green Tea x15 Tea Bags 37.5g,£4.75,£12.67 / 100g,null,drinks,tea,2024-11-19
Twinings Blood Orange & Cranberry with Juicy Pomegranate Tea...,£2.80,£7.00 / 100g,null,drinks,tea,2024-11-19
Twinings the Earl Grey Plant Based Tea Bags x40 100g,£2.80,£2.80 / 100g,£2.50,drinks,tea,2024-11-19
"Twinings Lemon & Ginger Tea, 80 Tea Bags",£5.00,£4.17 / 100g,£4.50,drinks,tea,2024-11-19
Tetley Redbush Tea Bags x80,£5.00,£2.50 / 100g,null,drinks,tea,2024-11-19
Clipper Organic White Tea x26 Tea Bags 45g,£1.80,£4.00 / 100g,null,drinks,tea,2024-11-19
Pukka Chamomile Vanilla & Manuka Honey Tea Bags x20,£4.75,£9.90 / 100g,null,drinks,tea,2024-11-19
Tick Tock Rooibos Tea Bags x40,£2.50,£2.78 / 100g,£1.90,drinks,tea,2024-11-19
"Sainsbury's Kenya Tea Bags, Taste the Difference x80",£3.00,£1.20 / 100g,null,drinks,tea,2024-11-19
Pukka Organic Relax Herbal Tea Sachets x20 40g,£4.75,£11.88 / 100g,null,drinks,tea,2024-11-19
"Twinings Ginger Green Tea, 20 Tea Bags",£2.25,£5.63 / 100g,null,drinks,tea,2024-11-19
"Twinings Superblends Digest with Spearmint, Apple & Rooibos,...",£3.50,£10.00 / 100g,£2.50,drinks,tea,2024-11-19
Sainsbury's Matcha Green Tea Bags x20 36g,£1.70,£4.72 / 100g,null,drinks,tea,2024-11-19
Sainsbury's Green Tea x20 Tea Bags 38g,80p,£2.11 / 100g,null,drinks,tea,2024-11-19
"Twinings Raspberry & Lemon Fruit Tea, 20 Tea Bags",£2.80,£7.00 / 100g,null,drinks,tea,2024-11-19
Twinings Assam Tea Bags x80 200g,£5.30,£2.65 / 100g,null,drinks,tea,2024-11-19
"Lift Lemon Tea, Reduced Sweetness 165g",£1.70,68p / 100g,null,drinks,tea,2024-11-19
Sainsbury's Infusions Blackberry & Blueberry x20,80p,£2.00 / 100g,null,drinks,tea,2024-11-19
Tetley Original Tea Bags 1.25kg,£9.00,72p / 100g,£6.00,drinks,tea,2024-11-19
Tick Tock Rooibos Vanilla Tea Bags x40 80g,£2.25,£2.81 / 100g,£1.90,drinks,tea,2024-11-19
Sainsbury's Green Tea with Mint x20 Tea Bags 38g,80p,£2.11 / 100g,null,drinks,tea,2024-11-19
"Twinings Superblends Glow with Strawberry, Cucumber & Green ...",£3.50,£8.75 / 100g,£2.50,drinks,tea,2024-11-19
"Twinings Strawberry & Raspberry Tea, 20 Tea Bags",£2.25,£5.63 / 100g,null,drinks,tea,2024-11-19
"Twinings Mango & Lychee Green Tea, 20 Tea Bags",£2.25,£5.63 / 100g,null,drinks,tea,2024-11-19
Twinings Superblends Sleep Valerian & Orange Blossom Tea Bag...,£3.50,£11.67 / 100g,£2.50,drinks,tea,2024-11-19
Pukka Herbal Tea Collection x20 34.4g,£4.75,£13.81 / 100g,null,drinks,tea,2024-11-19
Twinings Superblends Wellbeing Collection Teabags 37g x20,£3.50,£9.46 / 100g,£2.50,drinks,tea,2024-11-19
Twinings English Breakfast Loose Tea 125g,£2.50,£2.00 / 100g,null,drinks,tea,2024-11-19
"Sainsbury's Blackberry, Apple, Beetroot & Ginger Infusion Te...",£2.20,£5.50 / 100g,null,drinks,tea,2024-11-19
Yorkshire Tea Caramelised Biscuit Brew Bags x40 112g,£2.30,£2.05 / 100g,null,drinks,tea,2024-11-19
Perfect Ted Matcha 30g,£9.95,£33.17 / 100g,null,drinks,tea,2024-11-19
"Twinings Decaffeinated Green Tea, 20 Tea Bags",£2.25,£6.43 / 100g,null,drinks,tea,2024-11-19
"Twinings Pocket Tin Gift with 4 Tea Bags (1 Tin, Colour May ...",£3.50,£7.14 / 100g,null,drinks,tea,2024-11-19
Pukka Organic Three Chamomile Tea Bags x20 30g,£4.75,£13.19 / 100g,null,drinks,tea,2024-11-19
"Sainsbury's Earl Grey Loose Tea, Taste the Difference 125g",£1.70,£1.36 / 100g,null,drinks,tea,2024-11-19
Sainsbury's Gold Label Loose Tea 250g,£2.00,80p / 100g,null,drinks,tea,2024-11-19
"Twinings Superblends Calm with Spiced Camomile & Vanilla, 20...",£3.50,£11.67 / 100g,£2.50,drinks,tea,2024-11-19
Twinings Feel Good Collection Gift With 20 Tea Bags,£8.50,£21.25 / 100g,null,drinks,tea,2024-11-19
Twinings Assam Loose Tea 125g,£2.50,£2.00 / 100g,null,drinks,tea,2024-11-19
Twinings Loose Leaf Earl Grey Tea 125g,£2.50,£2.00 / 100g,null,drinks,tea,2024-11-19
"Twinings Superblends Detox with Lemon, Ginger & Fennel, 20 T...",£3.50,£8.75 / 100g,£2.50,drinks,tea,2024-11-19
Taylors of Harrogate Yorkshire Tea Bags Decaf Bedtime Brew 4...,£2.30,£2.30 / 100g,null,drinks,tea,2024-11-19
"Twinings Pure Camomile Tea, 80 Tea Bags",£5.00,£4.17 / 100g,£4.50,drinks,tea,2024-11-19
Tetley Green Tea Lemon x50 Tea Bags 100g,£2.85,£2.85 / 100g,£2.00,drinks,tea,2024-11-19
Pukka Morning Berry Herbal Tea Sachets x20 34g,£4.75,£13.97 / 100g,null,drinks,tea,2024-11-19
"Sainsbury's Fairtrade English Breakfast Fine Tea Loose Leaf,...",£1.70,£1.36 / 100g,null,drinks,tea,2024-11-19
"Sainsbury's Darjeeling Tea Bags, Taste the Difference x50",£1.90,£1.52 / 100g,null,drinks,tea,2024-11-19
Pukka Organic Peace Herbal Tea Sachets x20 30g,£4.75,£15.83 / 100g,null,drinks,tea,2024-11-19
Pukka Night Time Berry Tea Bags 20's 36g,£4.75,£13.19 / 100g,null,drinks,tea,2024-11-19
Pukka Organic Elderberry & Echinacea Fruit Tea Sachets x20 4...,£4.75,£13.19 / 100g,null,drinks,tea,2024-11-19
"Twinings Jasmine Green Tea, 80 Tea Bags",£5.00,£2.50 / 100g,£4.50,drinks,tea,2024-11-19
Clipper Peppermint & Spearmint Organic Infusion 34g,£3.40,£4.25 / 100g,null,drinks,tea,2024-11-19
Teapigs Chamomile Flowers Tea Bags x15,£4.75,£21.11 / 100g,null,drinks,tea,2024-11-19
Pukka Organic Lemongrass & Ginger Herbal Tea Sachets x20 36g,£4.75,£13.19 / 100g,null,drinks,tea,2024-11-19
PG Tips Original Tea Bags x40 116g,£1.70,£1.47 / 100g,null,drinks,tea,2024-11-19
Teapigs Everyday Brew Tea Temples 15x3.3g,£4.75,£9.50 / 100g,null,drinks,tea,2024-11-19
Teapigs Lemon & Ginger Tea Bags x15,£4.75,£12.67 / 100g,null,drinks,tea,2024-11-19
Twinings Lady Grey Plant Based Tea Bags x40 100g,£2.80,£2.80 / 100g,£2.50,drinks,tea,2024-11-19
Pukka Turmeric Active 20 Caffeine Free Herbal Tea Sachets 36...,£4.75,£13.19 / 100g,null,drinks,tea,2024-11-19
"Good Earth Hibiscus, Rose & Sweet Berries Tea Bags x15 39g",£3.00,£7.69 / 100g,£2.00,drinks,tea,2024-11-19
Taylors of Harrogate Yorkshire Tea Bags x480 1.5kg,£12.30,82p / 100g,null,drinks,tea,2024-11-19
"Twinings Jasmine Green Tea, 20 Tea Bags",£2.25,£4.50 / 100g,null,drinks,tea,2024-11-19
Twinings English Breakfast Plant Based Tea Bags x40 100g,£2.80,£2.80 / 100g,£2.50,drinks,tea,2024-11-19
Sainsbury's Echinacea & Hibiscus Infusion Tea Bags x20 40g,£1.70,£4.25 / 100g,null,drinks,tea,2024-11-19
Twinings Spicy Chai Plant-Based Tea Bags 100g x40,£2.80,£2.80 / 100g,£2.50,drinks,tea,2024-11-19
Twinings Superblends Immune Support Blackcurrant & Raspberry...,£3.50,£8.75 / 100g,£2.50,drinks,tea,2024-11-19
Clipper Blackcurrant & Blueberry Organic Infusion 50g,£3.40,£3.54 / 100g,null,drinks,tea,2024-11-19
Good Earth Turmeric Lemon Tea Bags x15,£3.00,£7.69 / 100g,£2.00,drinks,tea,2024-11-19
Tetley Redbush Tea Bags x40,£2.85,£2.85 / 100g,£2.00,drinks,tea,2024-11-19
Clipper Fairtrade Green Tea & Lemon x80 Tea Bags 160g,£4.00,£2.50 / 100g,null,drinks,tea,2024-11-19
Sainsbury's Spiced Turmeric Infusion Tea Bags x20 36g,£1.70,£4.72 / 100g,null,drinks,tea,2024-11-19
"Sainsbury's Chai Tea, Taste the Difference x20 50g",£1.75,£3.50 / 100g,£1.50,drinks,tea,2024-11-19
Twinings Superblends Digest Ginger & Turmeric with Fig Tea B...,£3.50,£8.75 / 100g,£2.50,drinks,tea,2024-11-19
"Sainsbury's Ceylon Tea Bags, Taste the Difference x80",£3.40,£1.36 / 100g,null,drinks,tea,2024-11-19
Twinings Superblends Sleep Plant-Based Tea Bags 60g x40,£5.30,£8.83 / 100g,null,drinks,tea,2024-11-19
Twinings Superblends Wind Down Collection 33.2g x20,£3.50,£10.54 / 100g,£2.50,drinks,tea,2024-11-19
Twinings Darjeeling Plant Based Tea Bags x40 100g,£2.80,£2.80 / 100g,£2.50,drinks,tea,2024-11-19
Yorkshire Gold Loose Tea 250g,£3.20,£1.28 / 100g,null,drinks,tea,2024-11-19
Clipper Organic Everyday Tea Bags x160 464g,£6.95,£1.28 / 100g,null,drinks,tea,2024-11-19
"Twinings Green Tea, 80 Tea Bags",£5.00,£2.50 / 100g,£4.50,drinks,tea,2024-11-19
Twinings Buttermint Tea Bags x20 40g,£2.25,£5.63 / 100g,null,drinks,tea,2024-11-19
Riverstone Easy Rolling 30g Pouch,£19.00,£63.33 / 100g,null,drinks,tea,2024-11-19
Good Earth Moroccan Mint Tea Bags x15,£3.00,£11.11 / 100g,£2.00,drinks,tea,2024-11-19
"Sainsbury's Camomile, Manuka Honey & Cinnamon Infusion Bags,...",£2.20,£7.33 / 100g,null,drinks,tea,2024-11-19
PG Tips Gold Tea Bags x70 203g,£3.80,£1.87 / 100g,null,drinks,tea,2024-11-19
"Twinings Lemon Green Tea, 20 Tea Bags",£2.25,£5.63 / 100g,null,drinks,tea,2024-11-19
Brew Tea Co Earl Grey Proper Tea Bags x15 45g,£4.60,£10.22 / 100g,null,drinks,tea,2024-11-19
"Sainsbury's Darjeeling Loose Tea, Taste the Difference 125g",£1.90,£1.52 / 100g,null,drinks,tea,2024-11-19
Twinings Soulful Blends Reset 20 Plant-Based Tea Bags 34g,£3.50,£10.29 / 100g,null,drinks,tea,2024-11-19
Clipper Chamomile & Peach Organic Infusion 30g,£3.40,£4.47 / 100g,null,drinks,tea,2024-11-19
"Twinings Green Tea, 20 Tea Bags",£2.25,£4.50 / 100g,null,drinks,tea,2024-11-19
Twinings Superblends Metabolism Peppermint with Spiced Green...,£3.50,£8.75 / 100g,£2.50,drinks,tea,2024-11-19
"Sainsbury's Fairtrade Tea Bags, SO Organic x80 250g",£2.25,90p / 100g,null,drinks,tea,2024-11-19
Sainsbury's Mint & Fennel Infusion x20 36g,£1.70,£4.72 / 100g,null,drinks,tea,2024-11-19
"Sainsbury's Lemon, Manuka Honey & Ginger Infusion Bags, Tast...",£2.20,£5.50 / 100g,null,drinks,tea,2024-11-19
Twinings Everyday 120 Plant-Based Tea Bags 348g,£5.75,£1.65 / 100g,null,drinks,tea,2024-11-19
Twinings Strong English Breakfast 120 Plant-Based Tea Bags 3...,£5.75,£1.53 / 100g,null,drinks,tea,2024-11-19
Brew Tea Co English Breakfast Tea Bags x15 56g,£4.60,£8.21 / 100g,null,drinks,tea,2024-11-19
Twinings Organic Pure Peppermint Tea Bags 40g x20,£3.00,£7.50 / 100g,£2.50,drinks,tea,2024-11-19
"Sainsbury's Kenya Loose Tea, Taste the Difference 125g",£1.90,£1.52 / 100g,null,drinks,tea,2024-11-19
"Twinings Superblends Defence with Citrus, Ginger & Green Tea...",£3.50,£8.75 / 100g,£2.50,drinks,tea,2024-11-19
Tick Tock Organic Green Rooibos Tea 40 Biodegradable Bags 72...,£2.15,£2.99 / 100g,£1.90,drinks,tea,2024-11-19
Twinings Mango & Strawberry with Zesty Lime Tea Bags x20 50g,£2.80,£5.60 / 100g,null,drinks,tea,2024-11-19
Clipper Fairtrade Bags of Our Organic Earl Grey Tea Unbleach...,£4.40,£1.80 / 100g,null,drinks,tea,2024-11-19
Teapigs Organic Snooze Sleepy Tea with Lavender 15x3g,£4.75,£10.56 / 100g,null,drinks,tea,2024-11-19
Twinings Soulful Blends Peace 20 Plant-Based Tea Bags 40g,£3.50,£8.75 / 100g,null,drinks,tea,2024-11-19
Bubbleology Passion Fruit Bubble Tea,£2.30,£1.70 / 100g,null,drinks,tea,2024-11-19
"Sainsbury's Mulled Spice Tea, Taste the Difference x20 50g",£1.75,£3.50 / 100g,£1.50,drinks,tea,2024-11-19
Teapigs Earl Grey Strong Biodegradable Tea Temples x15,£4.75,£12.67 / 100g,null,drinks,tea,2024-11-19
Twinings Superblends Time to Unwind Strawberry & Camomile wi...,£3.50,£8.75 / 100g,£2.50,drinks,tea,2024-11-19
Tetley Extra Strong Tea Bags x75,£3.75,£1.58 / 100g,£2.75,drinks,tea,2024-11-19
Twinings Ceylon Sri Lanka Plant Based Tea Bags x40 100g,£2.80,£2.80 / 100g,£2.50,drinks,tea,2024-11-19
Good Earth Elderflower & Pear Biodegradable Teabags x15,£3.00,£7.69 / 100g,£2.00,drinks,tea,2024-11-19
"Twinings Superblends Focus with Mango & Pineapple, 20 Tea Ba...",£3.50,£11.67 / 100g,£2.50,drinks,tea,2024-11-19
"Sainsbury's Peppermint & Spearmint 20s, Taste the Difference",£2.20,£7.33 / 100g,null,drinks,tea,2024-11-19
"Twinings Lemon Green Tea, 80 Tea Bags",£5.00,£4.17 / 100g,£4.50,drinks,tea,2024-11-19
Twinings Soulful Blends Quiet Mind 20 Plant-Based Tea Bags 4...,£3.50,£8.75 / 100g,null,drinks,tea,2024-11-19
Sainsbury's Flourish Calm Infusion Tea,£1.80,£5.00 / 100g,null,drinks,tea,2024-11-19
Twinings Superblends Super Green Matcha Plant-Based Tea Bags...,£3.50,£8.75 / 100g,£2.50,drinks,tea,2024-11-19
Sainsbury's Flourish Energise Infusion Tea,£1.80,£5.00 / 100g,null,drinks,tea,2024-11-19
"Twinings Superblends Turmeric with Orange & Star Anise, 20 T...",£3.50,£8.75 / 100g,£2.50,drinks,tea,2024-11-19
"Sainsbury's Sencha Rose Green Loose Leaf Tea, Taste the Diff...",£3.30,£3.30 / 100g,null,drinks,tea,2024-11-19
"Twinings Superblends Heartea with Blackcurrant, Rosemary & H...",£3.50,£8.75 / 100g,£2.50,drinks,tea,2024-11-19
Twinings Organic Pure Camomile Tea Bags 30g x20,£3.00,£10.00 / 100g,£2.50,drinks,tea,2024-11-19
Twinings Superblends Sweet Dreams Plant Based Tea Bags x20 4...,£3.50,£8.75 / 100g,£2.50,drinks,tea,2024-11-19
"Sainsbury's Oolong Tea Loose Leaf, Taste the Difference 100g",£3.30,£3.30 / 100g,null,drinks,tea,2024-11-19
"Sainsbury's Ceylon Loose Tea, Taste the Difference 125g",£1.90,£1.52 / 100g,null,drinks,tea,2024-11-19
Twinings Soulful Blends Little Lift 20 Plant-Based Tea Bags ...,£3.50,£9.72 / 100g,null,drinks,tea,2024-11-19
Twinings Distinctively Smoky Plant Based Tea Bags x40 100g,£2.80,£2.80 / 100g,£2.50,drinks,tea,2024-11-19
Costa Coffee Smooth Medium Roast 150g,£7.50,£5.00 / 100g,null,drinks,tea,2024-11-19
Good Earth Moringa Mango Tea Bags x15,£3.00,£7.69 / 100g,£2.00,drinks,tea,2024-11-19
"Sainsbury's Night Time Berry Tea Bags 20s, Taste the Differe...",£2.20,£6.11 / 100g,null,drinks,tea,2024-11-19
Twinings Pomegranate Single Green Tea Bags x20 40g,£2.25,£5.63 / 100g,null,drinks,tea,2024-11-19
Teapigs Organic Calm Relaxing Tea Biodegradable Temples x15 ...,£4.75,£15.83 / 100g,null,drinks,tea,2024-11-19
Sainsbury's Flourish Good For The Heart Infusion Tea,£1.80,£5.00 / 100g,null,drinks,tea,2024-11-19
Harry Brompton's Summer Berries Iced Tea 1.25L,£2.50,20p / 100ml,null,drinks,tea,2024-11-19
"Twinings Superblends Balance Rose, Lemon Verbena & Lemon Bal...",£3.50,£10.94 / 100g,£2.50,drinks,tea,2024-11-19
Twinings Soulful Blends Pause 20 Plant-Based Tea Bags 36g,£3.50,£9.72 / 100g,null,drinks,tea,2024-11-19
"Sainsbury's Relax Infusion Tea Bags 20's, Taste the Differen...",£2.20,£6.11 / 100g,null,drinks,tea,2024-11-19
Twinings Superblends Menopause Cool Moments Plant-Based Tea ...,£3.50,£8.75 / 100g,£2.50,drinks,tea,2024-11-19
Bubbleology Taro Milk Bubble Tea,£2.30,£3.07 / 100g,null,drinks,tea,2024-11-19
Teapigs Peppermint Leaves Tea Temples 40x2g,£9.15,£7.04 / 100g,£7.30,drinks,tea,2024-11-19
Bubbleology Milk Tea Mixology Kit,£8.50,£1.57 / 100g,null,drinks,tea,2024-11-19
Tetley Mango & Passionfruit Green Tea Bags x50,£2.85,£7.13 / 100g,£2.00,drinks,tea,2024-11-19
Dalgety Honey & Ginger Tea 72g,£1.90,£2.64 / 100g,null,drinks,tea,2024-11-19
Twinings Apple & Pear Single Green Tea Bags x20 40g,£2.25,£5.63 / 100g,null,drinks,tea,2024-11-19
CeraVe Hydrating Foaming Oil Cleanser 236ml,£14.50,£6.14 / 100ml,£9.55,drinks,tea,2024-11-19
Teapigs All Day Brew Tea Temples 40x2.7g,£4.60,£4.26 / 100g,£4.00,drinks,tea,2024-11-19
Twinings Peach Cooler Tea Bags x20 30g,£2.50,£8.33 / 100g,null,drinks,tea,2024-11-19
Dalgety Strong Lemon & Ginger Herbal Teabags x18 54g,£1.90,£3.52 / 100g,null,drinks,tea,2024-11-19
Tick Tock Decaf Decaffeinated Black Tea 216g,£5.50,£2.55 / 100g,null,drinks,tea,2024-11-19
Twinings Tropical Cooler Tea Bags x20 30g,£2.50,£8.33 / 100g,null,drinks,tea,2024-11-19
Nescafé Gold Blend Instant Coffee 200g,£7.60,£3.80 / 100g,£5.50,drinks,coffee,2024-11-19
Sainsbury's Gold Roast Instant Coffee 200g,£2.25,£1.13 / 100g,null,drinks,coffee,2024-11-19
Nescafe Azera Americano Instant Coffee 140g,£5.50,£3.93 / 100g,null,drinks,coffee,2024-11-19
"Sainsbury's Fairtrade Italian Style Coffee, Strength 4 227g",£3.00,£1.32 / 100g,null,drinks,coffee,2024-11-19
Nescafe Cappuccino Decaf Unsweetened Instant Coffee Sachets ...,£2.35,£1.96 / 100g,null,drinks,coffee,2024-11-19
Nescafé Original Instant Coffee 300g,£7.75,£2.58 / 100g,£6.00,drinks,coffee,2024-11-19
Nescafe Cappuccino Instant Coffee Sachets 8x15.5g,£2.35,£1.90 / 100g,null,drinks,coffee,2024-11-19
Kenco Latte Instant Coffee Sachets 130.4g,£1.90,£1.46 / 100g,null,drinks,coffee,2024-11-19
Nescafe Cappuccino Instant Coffee Sachets 12x15.5g,£2.80,£1.51 / 100g,£2.25,drinks,coffee,2024-11-19
Nescafe Gold Blend Decaf Instant Coffee 200g,£7.60,£3.80 / 100g,£5.50,drinks,coffee,2024-11-19
Nescafe Cappuccino Unsweetened Instant Coffee Sachets 8x14.2...,£2.35,£2.07 / 100g,null,drinks,coffee,2024-11-19
"Sainsbury's Fairtrade Colombian Coffee Strength 3, Taste the...",£3.90,£1.72 / 100g,null,drinks,coffee,2024-11-19
Lavazza Qualita Rossa Ground Coffee 2x250g,£8.60,£1.72 / 100g,null,drinks,coffee,2024-11-19
Sainsbury's Gold Roast Decaffeinated Instant Coffee Granules...,£2.50,£1.25 / 100g,null,drinks,coffee,2024-11-19
"Sainsbury's Colombian Origin Instant Coffee, Taste the Diffe...",£2.15,£2.15 / 100g,null,drinks,coffee,2024-11-19
Nescafe Caramel Latte Instant Coffee Sachets 8x17g,£2.35,£1.73 / 100g,null,drinks,coffee,2024-11-19
"Sainsbury's Fairtrade House Blend Original Coffee, Strength ...",£3.00,£1.32 / 100g,null,drinks,coffee,2024-11-19
Taylors of Harrogate Rich Italian Roast Ground Coffee 200g,£4.30,£2.15 / 100g,£3.50,drinks,coffee,2024-11-19
Nescafe Gold Blend Instant Coffee Refill 150g,£5.25,£3.50 / 100g,null,drinks,coffee,2024-11-19
Kenco Decaff Instant Coffee 200g,£7.00,£3.50 / 100g,null,drinks,coffee,2024-11-19
Kenco Smooth Instant Coffee 200g,£7.00,£3.50 / 100g,null,drinks,coffee,2024-11-19
Taylors of Harrogate Lazy Sunday Roast Ground Coffee 200g,£4.30,£2.15 / 100g,£3.50,drinks,coffee,2024-11-19
Nescafe Vanilla Latte Instant Coffee Sachets 8x18.5g,£2.35,£1.59 / 100g,null,drinks,coffee,2024-11-19
Cafedirect 4 Organic Machu Picchu Ground Coffee 200g,£4.35,£2.18 / 100g,£3.50,drinks,coffee,2024-11-19
"Sainsbury's Fairtrade Decaff House Blend Coffee, Strength 3 ...",£3.00,£1.32 / 100g,null,drinks,coffee,2024-11-19
"Sainsbury's Ground Coffee, Winter Edition, Taste the Differe...",£3.90,£1.72 / 100g,null,drinks,coffee,2024-11-19
Kenco Millicano Americano Instant Coffee 170g,£7.50,£4.41 / 100g,null,drinks,coffee,2024-11-19
Nescafe Latte Instant Coffee Sachets 8x15.5g,£2.35,£1.63 / 100g,null,drinks,coffee,2024-11-19
Kenco Decaff Instant Coffee Refill 150g,£4.75,£3.17 / 100g,null,drinks,coffee,2024-11-19
Sainsbury's Gold Roast Instant Coffee 500g,£6.00,£1.20 / 100g,null,drinks,coffee,2024-11-19
Nescafé Gold Alta Rica Instant Coffee 190g,£9.40,£4.95 / 100g,null,drinks,coffee,2024-11-19
Sainsbury's Gold Roast Decaffeinated Instant Coffee Granules...,£1.05,£1.05 / 100g,null,drinks,coffee,2024-11-19
"Sainsbury's Italian Style Coffee, Strength 4 454g",£5.50,£1.21 / 100g,null,drinks,coffee,2024-11-19
"Sainsbury's Fairtrade Peruvian Machu Picchu Ground Coffee, T...",£3.90,£1.72 / 100g,null,drinks,coffee,2024-11-19
Kenco Rich Instant Coffee 200g,£7.00,£3.50 / 100g,null,drinks,coffee,2024-11-19
Nescafé Azera Americano Decaff Instant Coffee 90g,£6.50,£7.22 / 100g,£3.90,drinks,coffee,2024-11-19
Douwe Egberts Pure Gold Instant Coffee 190g,£7.20,£3.79 / 100g,£6.50,drinks,coffee,2024-11-19
Kenco Cappuccino Instant Coffee x8 Sachets,£1.90,£1.60 / 100g,null,drinks,coffee,2024-11-19
Lavazza Cafe Decaffeinated Ground Coffee 250g,£5.35,£2.14 / 100g,£4.50,drinks,coffee,2024-11-19
Sainsbury's Rich Roast Instant Coffee 200g,£2.25,£1.13 / 100g,null,drinks,coffee,2024-11-19
Nescafé Azera Americano Instant Coffee 90g,£6.50,£7.22 / 100g,£3.90,drinks,coffee,2024-11-19
"Sainsbury's Fairtrade House Blend Original Coffee Beans, Str...",£3.00,£1.32 / 100g,null,drinks,coffee,2024-11-19
"Sainsbury's Fairtrade Colombian Decaff Coffee Strength 3, Ta...",£3.90,£1.72 / 100g,null,drinks,coffee,2024-11-19
Nescafé Gold Blend Smooth Instant Coffee 200g,£7.60,£3.80 / 100g,null,drinks,coffee,2024-11-19
Lavazza Qualita Rossa Ground Coffee 250g,£5.10,£2.04 / 100g,£4.25,drinks,coffee,2024-11-19
Kenco Smooth Instant Coffee Refill 150g,£4.75,£3.17 / 100g,null,drinks,coffee,2024-11-19
Sainsbury's Fairtrade Intense Roast Coffee 227g,£3.00,£1.32 / 100g,null,drinks,coffee,2024-11-19
Taylors of Harrogate Rich Italian Ground Coffee Bags x10,£3.00,£4.00 / 100g,null,drinks,coffee,2024-11-19
Arctic Coffee Caffe Latte 1L,£2.20,22p / 100ml,null,drinks,coffee,2024-11-19
Starbucks by Nespresso Decaf Espresso Coffee Pods x10,£2.95,£5.18 / 100g,null,drinks,coffee,2024-11-19
Sainsbury's Skimmed Milk Powder 340g,£2.80,£8.24 / kg,null,drinks,coffee,2024-11-19
Kenco Rich Instant Coffee Refill 150g,£4.75,£3.17 / 100g,null,drinks,coffee,2024-11-19
Emmi Caffe Latte Skinny Iced Coffee 230ml,£1.85,80p / 100ml,null,drinks,coffee,2024-11-19
Kenco Cappuccino Unsweetened Instant Coffee 8 Sachets,£1.90,£2.14 / 100g,null,drinks,coffee,2024-11-19
Nescafé Gold Blend Intense Instant Coffee 200g,£7.60,£3.80 / 100g,null,drinks,coffee,2024-11-19
"Sainsbury's Fairtrade Colombian Beans Strength 3, Taste the ...",£3.90,£1.72 / 100g,null,drinks,coffee,2024-11-19
Nescafé Gold Origins Alta Rica Instant Coffee 95g,£5.05,£5.32 / 100g,£3.85,drinks,coffee,2024-11-19
Clipper Fairtrade Organic Latin American Instant Coffee 100g,£6.00,£6.00 / 100g,null,drinks,coffee,2024-11-19
Costa Coffee Mocha Italia Signature Blend Ground for Cafetie...,£4.00,£2.00 / 100g,null,drinks,coffee,2024-11-19
"Sainsbury's Fairtrade Italian Espresso Coffee Beans, Strengt...",£3.00,£1.32 / 100g,null,drinks,coffee,2024-11-19
Nescafe Latte Instant Coffee Sachets 12x15.5g,£2.80,£1.51 / 100g,£2.25,drinks,coffee,2024-11-19
Nescafe Irish Latte Instant Coffee Sachets 8x22g,£2.35,£1.49 / 100g,null,drinks,coffee,2024-11-19
"Sainsbury's Fairtrade Italian Espresso Coffee, Strength 5 22...",£3.00,£1.32 / 100g,null,drinks,coffee,2024-11-19
Starbucks White Mocha Instant Coffee Sachets 5x24g,£1.50,£1.25 / 100g,null,drinks,coffee,2024-11-19
Nescafe Toffee Nut Latte Instant Coffee Sachets 8x19.5g,£2.35,£1.51 / 100g,null,drinks,coffee,2024-11-19
Arctic Coffee Caramel Latte 1L,£2.20,22p / 100ml,null,drinks,coffee,2024-11-19
"Sainsbury's Fairtrade Kenyan Coffee Beans, Taste the Differe...",£3.90,£1.72 / 100g,null,drinks,coffee,2024-11-19
Clipper Fairtrade Organic Decaf Latin American Instant Coffe...,£6.00,£6.00 / 100g,null,drinks,coffee,2024-11-19
Douwe Egberts Pure Indulgence Instant Coffee 190g,£7.20,£3.79 / 100g,£6.50,drinks,coffee,2024-11-19
"Starbucks Toffee Nut Latte Coffee Sachets, Limited Edition 4...",£2.90,£3.15 / 100g,null,drinks,coffee,2024-11-19
Taylors of Harrogate Decaffé Roast Ground Coffee 200g,£4.30,£2.15 / 100g,null,drinks,coffee,2024-11-19
Nescafé Original Instant Coffee 200g,£4.85,£2.43 / 100g,null,drinks,coffee,2024-11-19
"Sainsbury's Fairtrade Sumatra Mandheling Coffee Strength 4, ...",£3.90,£1.72 / 100g,null,drinks,coffee,2024-11-19
Nescafe Original 3 in 1 Instant Coffee Sachets 12x16g,£1.75,91p / 100g,null,drinks,coffee,2024-11-19
Lavazza Crema e Gusto Ground Coffee 250g,£4.50,£1.80 / 100g,£4.25,drinks,coffee,2024-11-19
Nescafé Gold Blend Espresso Instant Coffee 190g,£9.40,£4.95 / 100g,null,drinks,coffee,2024-11-19
Nescafé Gold Blend Instant Coffee 100g,£3.65,£3.65 / 100g,null,drinks,coffee,2024-11-19
Kenco Decaff Instant Coffee 100g,£3.50,£3.50 / 100g,null,drinks,coffee,2024-11-19
Arctic Rainforest Alliance Arabica Bean Coffee Cafe Latte To...,£1.15,35p / 100ml,null,drinks,coffee,2024-11-19
Emmi Caffe Latte Cappuccino Iced Coffee 230ml,£1.85,80p / 100ml,null,drinks,coffee,2024-11-19
Nescafe Chocolate Caramel Brownie Mocha Instant Coffee Sache...,£2.35,£1.57 / 100g,null,drinks,coffee,2024-11-19
"Sainsbury's Fairtrade Kenyan Coffee, Taste the Difference, S...",£3.90,£1.72 / 100g,null,drinks,coffee,2024-11-19
Nescafé Gold Blend Espresso Instant Coffee 95g,£5.05,£5.32 / 100g,£3.85,drinks,coffee,2024-11-19
Sainsbury's Fairtrade Espresso Wholebean Coffee 1kg,£11.00,£1.10 / 100g,null,drinks,coffee,2024-11-19
Kenco Smooth Instant Coffee 100g,£3.50,£3.50 / 100g,null,drinks,coffee,2024-11-19
Taylors of Harrogate Hot Lava Java Ground Coffee Bags x10,£3.00,£4.00 / 100g,null,drinks,coffee,2024-11-19
Sainsbury's Italian Decaf R&G 227g,£3.00,£1.32 / 100g,null,drinks,coffee,2024-11-19
Nescafe Original 2 in 1 Instant Coffee Sachets 8x9g,£1.35,£1.88 / 100g,null,drinks,coffee,2024-11-19
"Sainsbury's Costa Rican Freeze Dried Instant Coffee, Taste t...",£2.15,£2.15 / 100g,null,drinks,coffee,2024-11-19
Nescafe Peppermint Aero Mocha Instant Coffee Sachets 7x19g,£2.35,£1.77 / 100g,null,drinks,coffee,2024-11-19
Taylors of Harrogate Lazy Sunday Roast Ground Coffee 400g,£7.50,£1.88 / 100g,null,drinks,coffee,2024-11-19
Taylors of Harrogate Decaffe Ground Coffee Bags x10,£3.00,£4.00 / 100g,null,drinks,coffee,2024-11-19
Kenco Iced Hot Salted Caramel Latte Sachets 8x20.3g,£1.90,£1.17 / 100g,null,drinks,coffee,2024-11-19
Lavazza Qualita Rossa Coffee Beans 250g,£5.10,£2.04 / 100g,£4.25,drinks,coffee,2024-11-19
"Sainsbury's Fairtrade Sundried Quinchia Coffee Strength 4, T...",£3.90,£1.72 / 100g,null,drinks,coffee,2024-11-19
L'OR Decaff Instant Coffee 100g,£6.00,£6.00 / 100g,null,drinks,coffee,2024-11-19
Cafedirect 5 Organic Mayan Gold Mexico Ground Coffee 200g,£4.35,£2.18 / 100g,£3.50,drinks,coffee,2024-11-19
Douwe Egberts Decaff Instant Coffee 95g,£4.65,£4.89 / 100g,null,drinks,coffee,2024-11-19
Nescafe Original Decaf Instant Coffee 300g,£7.75,£2.58 / 100g,£6.00,drinks,coffee,2024-11-19
Taylors of Harrogate Hot Lava Java Ground Roast Coffee 200g,£4.30,£2.15 / 100g,£3.50,drinks,coffee,2024-11-19
Lyons Go-Joe Compostable Coffee Bags x10 70g,£2.20,£3.14 / 100g,null,drinks,coffee,2024-11-19
Kenco Colombian Origins Instant Coffee 100g,£4.40,£4.40 / 100g,null,drinks,coffee,2024-11-19
Stamford Street Co. Instant Coffee Medium Strength 200g,£1.98,99p / 100g,null,drinks,coffee,2024-11-19
Taylors of Harrogate Rich Italian Roast Ground Coffee 400g,£7.50,£1.88 / 100g,null,drinks,coffee,2024-11-19
Rombouts Original Compostable One Cup Filter Coffees 10x70g,£3.90,£5.57 / 100g,null,drinks,coffee,2024-11-19
L'OR Intense Instant Coffee 150g,£7.00,£4.67 / 100g,£5.50,drinks,coffee,2024-11-19
Starbucks Cinnamon Latte Instant Coffee Sachets 5x23.5g,£1.50,£1.28 / 100g,null,drinks,coffee,2024-11-19
Costa Coffee Mocha Italia Signature Blend Coffee Beans 200g,£4.00,£2.00 / 100g,null,drinks,coffee,2024-11-19
Taylors of Harrogate Flying Start Ground Coffee Bags x10 75g,£3.00,£4.00 / 100g,null,drinks,coffee,2024-11-19
Kenco 2 in 1 Smooth White Instant Coffee Sachets x5,£1.10,£1.57 / 100g,null,drinks,coffee,2024-11-19
Douwe Egberts Pure Gold Instant Coffee Refill 150g,£5.50,£3.67 / 100g,null,drinks,coffee,2024-11-19
Taylors of Harrogate Rich Italian Beans Roast Coffee 700g,£10.50,£1.50 / 100g,£9.50,drinks,coffee,2024-11-19
Kenco Iced Hot Vanilla Latte Sachets 8x20.3g,£1.90,£1.12 / 100g,null,drinks,coffee,2024-11-19
Cafédirect Fairtrade Machu Picchu Peru Instant Coffee 100g,£4.30,£4.30 / 100g,£3.95,drinks,coffee,2024-11-19
Nescafé Caramel Latte Instant Coffee Sachets 12x17g,£2.80,£1.37 / 100g,£2.25,drinks,coffee,2024-11-19
Ueshima Coffee Company Fuji Mountain Bold Roast Ground Coffe...,£4.75,£1.90 / 100g,null,drinks,coffee,2024-11-19
Lavazza Qualita Rossa Coffee Beans 1kg,£18.50,£1.85 / 100g,null,drinks,coffee,2024-11-19
Nescafe Original Decaf Instant Coffee 200g,£4.85,£2.43 / 100g,null,drinks,coffee,2024-11-19
Cafedirect Decaf Machu Picchu Peru Ground Coffee 200g,£4.35,£2.18 / 100g,£3.50,drinks,coffee,2024-11-19
Nescafe Azera Americano Intense Instant Coffee 90g,£6.50,£7.22 / 100g,£3.90,drinks,coffee,2024-11-19
L'OR Classique Instant Coffee 150g,£7.00,£4.67 / 100g,£5.50,drinks,coffee,2024-11-19
"Sainsbury's Italian Style Coffee Bags x10, Taste the Differe...",£2.60,£3.47 / 100g,null,drinks,coffee,2024-11-19
"Sainsbury's Lungo Pods, Taste the Difference x10 52g",£2.90,£5.58 / 100g,£2.60,drinks,coffee,2024-11-19
Nescafe Quality Street Mocha Instant Coffee Sachets 7x19g,£2.35,£1.77 / 100g,null,drinks,coffee,2024-11-19
Mellow Bird's Instant Coffee Powder 100g,£2.40,£2.40 / 100g,null,drinks,coffee,2024-11-19
Sainsbury's Fairtrade Colombian Decaff 100% Arabica Wholebea...,£3.90,£1.72 / 100g,null,drinks,coffee,2024-11-19
illy Espresso Medium Roast Ground Coffee 250g,£6.80,£2.72 / 100g,£5.50,drinks,coffee,2024-11-19
Ueshima Coffee Company House Blend Rich Roast Ground Coffee ...,£4.75,£1.90 / 100g,null,drinks,coffee,2024-11-19
"Sainsbury's Colombian Lungo, Taste the Difference x10 52g",£2.90,£5.58 / 100g,£2.60,drinks,coffee,2024-11-19
Starbucks Caramel Frappuccino Flavoured Milk Iced Coffee 250...,£2.20,88p / 100ml,£1.25,drinks,coffee,2024-11-19
"Sainsbury's Fairtrade French Style Coffee, Strength 4 227g",£3.00,£1.32 / 100g,null,drinks,coffee,2024-11-19
Union Hand-Roasted Coffee House Roast Cafetière Grind 200g,£6.50,£3.25 / 100g,null,drinks,coffee,2024-11-19
Kenco Gold Indulgence Instant Coffee 195g,£7.00,£3.59 / 100g,null,drinks,coffee,2024-11-19
Nescafé Dolce Gusto Cafe Au Lait Decaf Coffee Pods x16,£3.75,£2.34 / 100g,null,drinks,coffee,2024-11-19
Starbucks by Nespresso Blonde Espresso Roast Decaf Coffee Po...,£2.95,£5.18 / 100g,null,drinks,coffee,2024-11-19
Taylors of Harrogate After Dark Roast Ground Coffee 200g,£4.30,£2.15 / 100g,£3.50,drinks,coffee,2024-11-19
Taylors of Harrogate Brasilia Ground Coffee 200g,£4.30,£2.15 / 100g,£3.50,drinks,coffee,2024-11-19
Cafedirect Organic Machu Picchu Peru Coffee Beans 750g,£13.00,£1.73 / 100g,null,drinks,coffee,2024-11-19
"Sainsbury's Fairtrade Ethiopian Sidamo Coffee Strength 3, Ta...",£3.90,£1.72 / 100g,null,drinks,coffee,2024-11-19
Nescafé Gold Golden Honeycomb Aero Mocha Instant Coffee Sach...,£2.35,£1.77 / 100g,null,drinks,coffee,2024-11-19
Sainsbury's Mellow Roast Instant Coffee 200g,£2.25,£1.13 / 100g,null,drinks,coffee,2024-11-19
Union Hand-Roasted Revelation Wholebean 700g,£16.00,£2.29 / 100g,null,drinks,coffee,2024-11-19
Nescafé Origins Cap Colombia Instant Coffee 95g,£5.05,£5.32 / 100g,£3.85,drinks,coffee,2024-11-19
"Sainsbury's Lungo Decaff Pods, Taste the Difference x10 52g",£2.90,£5.58 / 100g,£2.60,drinks,coffee,2024-11-19
"Sainsbury's Rich Roast Instant Coffee Granules, Decaffeinate...",£2.25,£1.13 / 100g,null,drinks,coffee,2024-11-19
illy Espresso Roasted Coffee Beans 250g,£6.80,£2.72 / 100g,£5.50,drinks,coffee,2024-11-19
Nescafé Original Instant Coffee 100g,£3.25,£3.25 / 100g,null,drinks,coffee,2024-11-19
"Sainsbury's Guatemalan Espresso Beans Strength 4, Taste the ...",£3.90,£1.72 / 100g,null,drinks,coffee,2024-11-19
"Sainsbury's Fairtrade Indian Monsoon Malabar Ground Coffee, ...",£3.90,£1.72 / 100g,null,drinks,coffee,2024-11-19
Nescafe Original Instant Coffee Refill 150g,£4.85,£3.23 / 100g,null,drinks,coffee,2024-11-19
Kenco Plant Based Oat Latte Instant Coffee Sachets x6,£1.90,£2.03 / 100g,null,drinks,coffee,2024-11-19
Ueshima Coffee Company House Blend Rich Roast Coffee Beans 2...,£4.75,£1.90 / 100g,null,drinks,coffee,2024-11-19
Taylors of Harrogate Rich Italian Decaf Roast Ground Coffee ...,£4.30,£2.15 / 100g,null,drinks,coffee,2024-11-19
Nescafe Original Decaf Instant Coffee 100g,£3.25,£3.25 / 100g,null,drinks,coffee,2024-11-19
Kenco Millicano Americano Instant Coffee 100g,£6.00,£6.00 / 100g,null,drinks,coffee,2024-11-19
Ueshima Coffee Company Fuji Mountain Bold Roast Coffee Beans...,£4.75,£1.90 / 100g,null,drinks,coffee,2024-11-19
"Sainsbury's Papua New Guinea Coffee, SO Organic 227g",£3.90,£1.72 / 100g,null,drinks,coffee,2024-11-19
Kenco Millicano Smooth Latte Instant Coffee 220g,£5.00,£2.27 / 100g,null,drinks,coffee,2024-11-19
Nescafé Sticky Toffee Pudding Latte Instant Coffee Sachets 7...,£2.35,£1.68 / 100g,null,drinks,coffee,2024-11-19
"Sainsbury's Espresso Pods, Taste the Difference x30 156g",£7.00,£4.49 / 100g,null,drinks,coffee,2024-11-19
Nescafe Gold Blend Roastery Collection Dark Roast Instant Co...,£5.70,£6.00 / 100g,£3.00,drinks,coffee,2024-11-19
"Sainsbury's Ristretto Pods, Taste the Difference x30 156g",£7.00,£4.49 / 100g,null,drinks,coffee,2024-11-19
Starbucks Skinny Latte Chilled Coffee 750ml,£3.75,50p / 100ml,null,drinks,coffee,2024-11-19
Jimmy's Iced Coffee Original 250ml,£1.70,68p / 100ml,£1.00,drinks,coffee,2024-11-19
Raw Bean Definitely Decaffeinated Ground Coffee 227g,£5.50,£2.42 / 100g,null,drinks,coffee,2024-11-19
Douwe Egberts Pure Decaf Instant Coffee 190g,£7.20,£3.79 / 100g,£6.50,drinks,coffee,2024-11-19
"Sainsbury's Fairtrade Colombian Coffee Strength 3, Taste the...",£7.50,£1.65 / 100g,null,drinks,coffee,2024-11-19
Costa Coffee Creamy Cappuccino Sachets Drinks 6x17g,£2.50,£2.45 / 100g,null,drinks,coffee,2024-11-19
Kenco Millicano Americano Decaff Instant Coffee 100g,£6.00,£6.00 / 100g,null,drinks,coffee,2024-11-19
Union Gajah Mountain Coffee Beans 200g,£6.50,£3.25 / 100g,null,drinks,coffee,2024-11-19
Lavazza Caffe Espresso Coffee Beans 250g,£5.35,£2.14 / 100g,£4.50,drinks,coffee,2024-11-19
Douwe Egberts Pure Gold Instant Coffee 95g,£4.65,£4.89 / 100g,null,drinks,coffee,2024-11-19
Starbucks Skinny Latte Lactose Free Flavoured Milk Iced Coff...,£2.20,£1.00 / 100ml,£1.25,drinks,coffee,2024-11-19
"Starbucks White Chocolate Mocha Iced Coffee, Limited Edition...",£2.20,£1.00 / 100ml,null,drinks,coffee,2024-11-19
L'OR Classique Instant Coffee 100g,£6.00,£6.00 / 100g,null,drinks,coffee,2024-11-19
Beanies Irish Cream Flavour Coffee 50g,£2.65,£5.30 / 100g,null,drinks,coffee,2024-11-19
Nido Instant Full Cream Milk Powder Tin 400g,£6.00,£1.50 / 100g,£4.00,drinks,coffee,2024-11-19
Starbucks Caffé Latte Flavoured Milk Iced Coffee 220ml,£2.20,£1.00 / 100ml,£1.25,drinks,coffee,2024-11-19
Douwe Egberts Pure Gold Medium Roast Instant Coffee 400g,£13.00,£3.25 / 100g,null,drinks,coffee,2024-11-19
"Starbucks Vanilla Macchiato Iced Coffee, Plant-Based Drink 2...",£2.20,£1.00 / 100ml,null,drinks,coffee,2024-11-19
Carte Noire Roast & Ground Coffee 250g,£4.50,£1.80 / 100g,null,drinks,coffee,2024-11-19
Nescafé Dolce Gusto Americano Decaf Coffee Pods x16,£3.75,£2.93 / 100g,null,drinks,coffee,2024-11-19
Kenco Millicano Cadbury Mocha Instant Coffee 250g,£5.00,£2.00 / 100g,null,drinks,coffee,2024-11-19
Starbucks DoubleShot Espresso Iced Coffee 200ml,£2.20,£1.10 / 100ml,null,drinks,coffee,2024-11-19
Union Hand-Roasted Coffee Bobolink Brazil Cafetière Grind 20...,£6.50,£3.25 / 100g,null,drinks,coffee,2024-11-19
Carte Noire Decaffeinated Instant Coffee 100g,£5.05,£5.05 / 100g,null,drinks,coffee,2024-11-19
Arctic Rainforest Alliance Roasted Arabica Bean Coffee Caram...,£1.15,35p / 100ml,null,drinks,coffee,2024-11-19
Arctic Iced Coffee Mocha 1L,£2.20,22p / 100ml,null,drinks,coffee,2024-11-19
illy Instant Coffee 95g,£6.25,£6.58 / 100g,£5.00,drinks,coffee,2024-11-19
Taylors of Harrogate Decaffe Beans Roast Coffee 200g,£4.30,£2.15 / 100g,null,drinks,coffee,2024-11-19
"Sainsbury's Seize The Day Coffee Bags 10's, Taste the Differ...",£2.60,£3.47 / 100g,null,drinks,coffee,2024-11-19
Cafedirect 4 Organic Machu Picchu Peru Coffee Beans 200g,£4.35,£2.18 / 100g,£3.50,drinks,coffee,2024-11-19
Sainsbury's Fairtrade Colombian Sundried Quinchia Whole Bean...,£3.90,£1.72 / 100g,null,drinks,coffee,2024-11-19
"Sainsbury's Decaff Coffee Bags 10s, Taste the Difference 75g",£2.60,£3.47 / 100g,null,drinks,coffee,2024-11-19
Carte Noire Classique Instant Coffee 180g,£8.25,£4.58 / 100g,£7.00,drinks,coffee,2024-11-19
"Sainsbury's Espresso Decaff Pods, Taste the Difference x30 1...",£7.00,£4.49 / 100g,null,drinks,coffee,2024-11-19
Nescafe Vanilla Cookie Dough Latte Instant Coffee Sachets 7x...,£2.35,£1.73 / 100g,null,drinks,coffee,2024-11-19
Starbucks Caramel Macchiato Flavoured Milk Iced Coffee 220ml,£2.20,£1.00 / 100ml,£1.25,drinks,coffee,2024-11-19
Lavazza Espresso Italiano Coffee Beans 1kg,£19.50,£1.95 / 100g,null,drinks,coffee,2024-11-19
Emmi Caffe Latte Cappuccino Iced Coffee 650ml,£3.00,46p / 100ml,null,drinks,coffee,2024-11-19
Arctic Iced Coffee Vanilla Latte 330ml,£1.15,35p / 100ml,null,drinks,coffee,2024-11-19
Union Hand Roasted Coffee House Roast Original Blend Wholebe...,£16.00,£2.29 / 100g,null,drinks,coffee,2024-11-19
Costa Coffee Instant Smooth Medium Roast 100g,£5.50,£5.50 / 100g,null,drinks,coffee,2024-11-19
"Sainsbury's Ristretto Pods, Taste the Difference x10 52g",£2.90,£5.58 / 100g,£2.60,drinks,coffee,2024-11-19
Kenco Plant Based Almond Latte Instant Coffee Sachets x6,£1.90,£2.03 / 100g,null,drinks,coffee,2024-11-19
Little's Rich Hazelnut Flavour Infused Instant Coffee 50g,£3.50,£7.00 / 100g,null,drinks,coffee,2024-11-19
Beanies Creamy Caramel Flavour Instant Coffee 50g,£2.65,£5.30 / 100g,null,drinks,coffee,2024-11-19
Carte Noire Classique Instant Coffee 100g,£5.05,£5.05 / 100g,null,drinks,coffee,2024-11-19
Jimmy's Iced Coffee Caramel 250ml,£1.70,68p / 100ml,£1.00,drinks,coffee,2024-11-19
L'OR Classique Coffee Beans 200g,£4.50,£2.25 / 100g,null,drinks,coffee,2024-11-19
Union Hand-Roasted Revelation Espresso Wholebean Coffee 200g,£6.50,£3.25 / 100g,null,drinks,coffee,2024-11-19
Emmi Caffe Latte Skinny Iced Coffee 650ml,£3.00,46p / 100ml,null,drinks,coffee,2024-11-19
Nescafe 3 In 1 Caramel Instant Coffee Sachets 12x16g,£1.75,91p / 100g,null,drinks,coffee,2024-11-19
Lavazza Qualità Oro Coffee Beans 250g,£5.35,£2.14 / 100g,£4.50,drinks,coffee,2024-11-19
Kenco Millicano Cappuccino Instant Coffee 210g,£5.00,£2.38 / 100g,null,drinks,coffee,2024-11-19
L’OR Intense Instant Coffee Refill 125g,£6.00,£4.80 / 100g,£4.50,drinks,coffee,2024-11-19
Costa Coffee Intense Amazonian Blend Beans 200g,£4.00,£2.00 / 100g,null,drinks,coffee,2024-11-19
Yayu Forest Ethiopia Wild Coffee Wholebean 200g,£6.50,£3.25 / 100g,null,drinks,coffee,2024-11-19
Union Hand-Roasted Timana Colombia Ground Coffee 200g,£6.50,£3.25 / 100g,£5.00,drinks,coffee,2024-11-19
Taylors of Harrogate Rich Italian Roast Coffee Beans 400g,£7.50,£1.88 / 100g,null,drinks,coffee,2024-11-19
Nescafe Original 3 in 1 Instant Coffee Sachets 8x16g,£1.35,£1.05 / 100g,null,drinks,coffee,2024-11-19
L'OR Artiste Delicato Intensity 5 Instant Coffee 95g,£6.00,£6.32 / 100g,£3.50,drinks,coffee,2024-11-19
Illy Espresso Dark Roast Ground Coffee 250g,£6.80,£2.72 / 100g,£5.50,drinks,coffee,2024-11-19
Kenco Rich Instant Coffee 100g,£3.50,£3.50 / 100g,null,drinks,coffee,2024-11-19
L’OR Classique Instant Coffee Refill 125g,£6.00,£4.80 / 100g,£4.50,drinks,coffee,2024-11-19
Costa Coffee Intensely Dark Amazonian Blend 200g,£4.00,£2.00 / 100g,null,drinks,coffee,2024-11-19
Little's French Vanilla Infused Instant Coffee 50g,£3.50,£7.00 / 100g,null,drinks,coffee,2024-11-19
"Sainsbury's Ft Winterblend Beans, Taste the Difference 227g",£3.90,£1.72 / 100g,null,drinks,coffee,2024-11-19
Lavazza Qualita Oro 1kg,£20.00,£2.00 / 100g,null,drinks,coffee,2024-11-19
L'OR Onyx Quality Coffee Beans 200g,£4.50,£2.25 / 100g,null,drinks,coffee,2024-11-19
"Sainsbury's Espresso Decaff Pods, Taste the Difference x10 5...",£2.90,£5.58 / 100g,£2.60,drinks,coffee,2024-11-19
Costa Coffee Salted Caramel Latte Sachets Drinks 6x17g,£2.50,£2.45 / 100g,null,drinks,coffee,2024-11-19
"Sainsbury's Espresso Pods, Taste the Difference x10 52g",£2.90,£5.58 / 100g,£2.60,drinks,coffee,2024-11-19
Marvel Original Dried Skimmed Milk Powder 250g,£4.50,£18.00 / kg,null,drinks,coffee,2024-11-19
Taylors of Harrogate Lazy Sunday Beans Roast Coffee 200g,£4.30,£2.15 / 100g,£3.50,drinks,coffee,2024-11-19
Lavazza A Modo Mio Qualita Rossa Coffee Capsules x16 120g,£5.50,£4.58 / 100g,null,drinks,coffee,2024-11-19
Lavazza Decaffeinated Coffee Beans 500g,£11.00,£2.20 / 100g,£8.50,drinks,coffee,2024-11-19
L'OR Quality Forza Coffee Beans 200g,£4.50,£2.25 / 100g,null,drinks,coffee,2024-11-19
Costa Coffee Intense Dark Roast Instant 100g,£5.50,£5.50 / 100g,null,drinks,coffee,2024-11-19
Nescafe Gold Blend Roastery Collection Light Roast Instant C...,£5.70,£6.00 / 100g,£3.00,drinks,coffee,2024-11-19
Kenco Millicano Americano Intense Instant Coffee 95g,£6.00,£6.32 / 100g,null,drinks,coffee,2024-11-19
Lavazza Espresso Barista Intenso Coffee beans 1kg,£23.00,£2.30 / 100g,null,drinks,coffee,2024-11-19
L'OR Artiste Vigoroso Intensity 8 Instant Coffee 95g,£6.00,£6.32 / 100g,£3.50,drinks,coffee,2024-11-19
Change Please Bold Soul Coffee 200g,£4.50,£2.25 / 100g,null,drinks,coffee,2024-11-19
Taylors of Harrogate Rich Italian Beans Roast Coffee 200g,£4.30,£2.15 / 100g,£3.50,drinks,coffee,2024-11-19
Costa Coffee Caramel Latte Iced Coffee 330ml,£2.50,76p / 100ml,null,drinks,coffee,2024-11-19
Carte Noire Intense Instant Coffee 100g,£5.05,£5.05 / 100g,null,drinks,coffee,2024-11-19
Lavazza Tales of Milano Ground Coffee 200g,£6.00,£3.00 / 100g,null,drinks,coffee,2024-11-19
Costa Coffee Smooth Medium Roast 150g,£7.50,£5.00 / 100g,null,drinks,coffee,2024-11-19
Arctic Iced Coffee Hi Protein Caramel Latte 330ml,£1.15,35p / 100ml,null,drinks,coffee,2024-11-19
Costa Coffee Latte Iced Coffee 330ml,£2.50,76p / 100ml,null,drinks,coffee,2024-11-19
L’OR Decaf Instant Coffee Refill 125g,£6.00,£4.80 / 100g,£4.50,drinks,coffee,2024-11-19
Califia Farms Pumpkin Spice Cold Brew Coffee with Almond 750...,£2.95,£3.93 / ltr,null,drinks,coffee,2024-11-19
Lavazza Tales of Napoli Ground Coffee 200g,£6.00,£3.00 / 100g,null,drinks,coffee,2024-11-19
Lavazza Espresso Barista Gran Crema Coffee Beans 500g,£12.50,£2.50 / 100g,null,drinks,coffee,2024-11-19
Califia Farms Oat Latte 750ml,£2.95,39p / 100ml,£2.00,drinks,coffee,2024-11-19
Jimmy's Original Iced Coffee 380ml,£2.75,72p / 100ml,null,drinks,coffee,2024-11-19
Jimmy's Mocha Iced Coffee 380ml,£2.75,72p / 100ml,null,drinks,coffee,2024-11-19
Starbucks Frappuccino S'mores Flavoured Milk Iced Coffee 250...,£2.20,88p / 100ml,£1.25,drinks,coffee,2024-11-19
Starbucks Frappuccino Caramel Flavoured Milk Iced Coffee No ...,£2.20,88p / 100ml,null,drinks,coffee,2024-11-19
Starbucks Frappuccino Indulgent Caramel Flavour Coffee Drink...,£7.35,74p / 100ml,£4.00,drinks,coffee,2024-11-19
Union Hand Roasted Coffee Huayna Picchu 500g,£15.00,£3.00 / 100g,£12.00,drinks,coffee,2024-11-19
Emmi Caffe Latte Skinny Iced Coffee 370ml,£2.65,72p / 100ml,null,drinks,coffee,2024-11-19
Lavazza Tales of Roma Coffee Beans 250g,£6.50,£2.60 / 100g,null,drinks,coffee,2024-11-19
Lavazza Tales of Roma Ground Coffee 200g,£6.00,£3.00 / 100g,null,drinks,coffee,2024-11-19
Lavazza Espresso Barista Perfetto Coffee Beans 1000g,£23.00,£2.30 / 100g,£18.00,drinks,coffee,2024-11-19
Union Hand Roasted Coffee Huayna Picchu 200g,£6.50,£3.25 / 100g,£5.00,drinks,coffee,2024-11-19
Union Hand-Roasted Rich Decaf Ground Coffee 200g,£6.50,£3.25 / 100g,£5.00,drinks,coffee,2024-11-19
Union Hand-Roasted Coffee Maraba Rwanda Cafetière Grind 200g,£6.50,£3.25 / 100g,null,drinks,coffee,2024-11-19
Stella Artois Premium Lager Beer Cans 18x440ml,£18.00,£2.27 / ltr,£14.00,drinks,beer_cider,2024-11-19
Corona Extra Premium Lager Beer bottles 18x330ml,£18.75,£3.16 / ltr,null,drinks,beer_cider,2024-11-19
Peroni Nastro Azzurro Beer Lager Bottles 18x330ml,£25.00,£4.21 / ltr,null,drinks,beer_cider,2024-11-19
Budweiser Lager Beer Bottles 20x300ml,£17.00,£2.83 / ltr,null,drinks,beer_cider,2024-11-19
Heineken Premium Lager Beer Cans 15x440ml,£15.00,£2.27 / ltr,£12.00,drinks,beer_cider,2024-11-19
Stella Artois Premium Lager Beer Cans 10x440ml,£12.00,£2.73 / ltr,null,drinks,beer_cider,2024-11-19
Foster's Lager Beer Cans 18x440ml,£15.00,£1.89 / ltr,£12.00,drinks,beer_cider,2024-11-19
Corona Extra Premium Lager Beer Bottles 12x330ml,£15.00,£3.79 / ltr,£10.00,drinks,beer_cider,2024-11-19
Estrella Damm Lager Beer Bottles 12x330ml,£16.50,£4.17 / ltr,£12.00,drinks,beer_cider,2024-11-19
San Miguel Premium Lager Beer Bottles 12x330ml,£12.50,£3.16 / ltr,£10.00,drinks,beer_cider,2024-11-19
Guinness Alcohol Free 0.0% Stout Beer Cans 4x440ml,£5.00,£2.84 / ltr,null,drinks,beer_cider,2024-11-19
Carling Original Lager Beer Cans x18 440ml,£16.00,£2.02 / ltr,£12.00,drinks,beer_cider,2024-11-19
Birra Moretti Lager Beer Bottle 18x330ml,£23.00,£3.87 / ltr,null,drinks,beer_cider,2024-11-19
Peroni Nastro Azzurro 0.0% Alcohol Free Beer Lager Bottles 4...,£5.25,£3.98 / ltr,null,drinks,beer_cider,2024-11-19
Guinness Draught In Can Stout Beer 12x440ml,£17.00,£3.22 / ltr,null,drinks,beer_cider,2024-11-19
Guinness Draught Stout Beer Cans 4x440ml,£5.75,£3.27 / ltr,null,drinks,beer_cider,2024-11-19
Kronenbourg 1664 Lager Beer Cans 15 x 440ml,£17.00,£2.58 / ltr,null,drinks,beer_cider,2024-11-19
Heineken Alcohol Free Lager 6x330ml,£4.75,£2.40 / ltr,null,drinks,beer_cider,2024-11-19
Guinness Draught 0.0% Non Alcoholic Beer 10x440ml,£12.00,£2.73 / ltr,null,drinks,beer_cider,2024-11-19
San Miguel Premium Lager Beer 10x440ml,£12.75,£2.90 / ltr,£10.00,drinks,beer_cider,2024-11-19
Strongbow Original Cider Cans 18 x 440ml,£14.00,£1.77 / ltr,£11.00,drinks,beer_cider,2024-11-19
Beavertown Neck Oil Session IPA 10x330ml,£17.00,£5.15 / ltr,£14.00,drinks,beer_cider,2024-11-19
Madri Excepcional Lager 12x330ml,£16.00,£4.04 / ltr,£11.00,drinks,beer_cider,2024-11-19
Birra Moretti Premium Lager Cans 10x330ml,£12.00,£3.64 / ltr,null,drinks,beer_cider,2024-11-19
Erdinger Alkoholfrei Alcohol Free Wheat Beer 500ml,£1.75,£3.50 / ltr,null,drinks,beer_cider,2024-11-19
Beck's Blue Alcohol Free Beer Bottles x6 275ml,£4.00,£2.42 / ltr,null,drinks,beer_cider,2024-11-19
Sainsbury's Original Dry Cider 4x440ml,£2.60,£1.48 / ltr,null,drinks,beer_cider,2024-11-19
Greene King Abbot Ale Beer Cans 4x500ml,£5.75,£2.88 / ltr,£5.25,drinks,beer_cider,2024-11-19
Old Speckled Hen Pale Ale Beer Cans 4x500ml,£5.75,£2.88 / ltr,null,drinks,beer_cider,2024-11-19
Timothy Taylor's Landlord Ale 500ml,£2.25,£4.50 / ltr,null,drinks,beer_cider,2024-11-19
Thatchers Gold Cider 10x440ml,£11.00,£2.50 / ltr,£9.00,drinks,beer_cider,2024-11-19
Stella Artois Premium Lager Beer Bottles 12x330ml,£12.00,£3.03 / ltr,null,drinks,beer_cider,2024-11-19
BrewDog Lost Planet First Lager 10x440ml,£13.00,£2.93 / ltr,null,drinks,beer_cider,2024-11-19
Carlsberg Danish Pilsner Lager Beer Can 18x440ml,£12.00,£1.52 / ltr,£10.00,drinks,beer_cider,2024-11-19
Cobra Premium Beer 620ml,£2.50,£4.03 / ltr,null,drinks,beer_cider,2024-11-19
St Austell Brewery Proper Job Cornish IPA 500ml,£2.10,£4.20 / ltr,null,drinks,beer_cider,2024-11-19
Lucky Saint Alcohol Free Lager 4x330ml,£6.00,£4.55 / ltr,null,drinks,beer_cider,2024-11-19
Stella Artois Unfiltered Premium Lager Beer Bottles 4x330ml,£5.50,£4.17 / ltr,null,drinks,beer_cider,2024-11-19
BrewDog Punk India Pale Ale (IPA) 4x330ml,£6.25,£4.73 / ltr,null,drinks,beer_cider,2024-11-19
Birra Moretti Lager Beer Bottle 660ml,£2.75,£4.17 / ltr,null,drinks,beer_cider,2024-11-19
Birra Moretti Lager Beer Bottles 4 x 330ml,£6.00,£4.55 / ltr,null,drinks,beer_cider,2024-11-19
Ghost Ship 0.5% 500ml,£1.60,£3.20 / ltr,null,drinks,beer_cider,2024-11-19
Hobgoblin Session IPA Ale Beer Can 4x440ml,£4.25,£2.41 / ltr,null,drinks,beer_cider,2024-11-19
Heineken 0.0 Alcohol Free Lager Beer 12x330ml,£10.00,£2.53 / ltr,£8.00,drinks,beer_cider,2024-11-19
Free Damm Non-Alcoholic Lager Beer 4x330ml,£4.00,£3.03 / ltr,null,drinks,beer_cider,2024-11-19
Peroni Nastro Azzurro Beer Lager Bottles 12x330ml,£18.00,£4.55 / ltr,£13.00,drinks,beer_cider,2024-11-19
Corona Cero Alcohol Free Beer 12x330ml,£12.00,£3.03 / ltr,null,drinks,beer_cider,2024-11-19
Peroni Nastro Azzurro 0.0% Alcohol Free Beer 12x330ml,£12.00,£3.03 / ltr,null,drinks,beer_cider,2024-11-19
Guinness Original Stout 500ml,£2.50,£5.00 / ltr,null,drinks,beer_cider,2024-11-19
BrewDog Mixed Beer Can Pack 12x330ml,£16.50,£4.17 / ltr,null,drinks,beer_cider,2024-11-19
BrewDog Punk AF Alcohol Free IPA 4x330ml,£5.00,£3.79 / ltr,£4.00,drinks,beer_cider,2024-11-19
Thatchers Zero 0.0% Alcohol Free Cider 500ml,£2.00,£4.00 / ltr,£1.50,drinks,beer_cider,2024-11-19
Theakston Old Peculier Ale 500ml,£2.10,£4.20 / ltr,null,drinks,beer_cider,2024-11-19
Henry Westons Medium Dry Vintage Cider 6x500ml,£10.75,£3.58 / ltr,null,drinks,beer_cider,2024-11-19
Birra Moretti Zero Alcohol-Free Beer 4x330ml,£5.00,£3.79 / ltr,null,drinks,beer_cider,2024-11-19
Peroni Nastro Azzurro Beer Lager Bottle 620ml,£2.75,£4.44 / ltr,null,drinks,beer_cider,2024-11-19
Kopparberg Pear Alcohol Free 500ml,£1.50,£3.00 / ltr,£1.25,drinks,beer_cider,2024-11-19
Fuller's London Pride 4.7% Amber Ale Beer Bottles 4x500ml,£6.75,£3.38 / ltr,null,drinks,beer_cider,2024-11-19
Old Speckled Hen Pale Ale Beer Cans 10x440ml,£12.50,£2.84 / ltr,null,drinks,beer_cider,2024-11-19
Asahi Super Dry Beer Lager Bottle 620ml,£3.00,£4.84 / ltr,null,drinks,beer_cider,2024-11-19
Stella Artois Premium Alcohol Free Lager Beer Bottles 4x330m...,£3.50,£2.65 / ltr,null,drinks,beer_cider,2024-11-19
Birra Moretti Lager Beer Bottles 12x330ml,£17.00,£4.29 / ltr,£13.00,drinks,beer_cider,2024-11-19
Bud Light Lager Beer Cans 15x440ml,£13.00,£1.97 / ltr,null,drinks,beer_cider,2024-11-19
Inch's Medium Apple Cider SGL 10x440ml,£10.75,£2.44 / ltr,null,drinks,beer_cider,2024-11-19
Kopparberg Mixed Fruit Alcohol Free Cider 500ml,£1.50,£3.00 / ltr,£1.25,drinks,beer_cider,2024-11-19
Spitfire Amber Ale 500ml,£1.65,£3.30 / ltr,null,drinks,beer_cider,2024-11-19
Hobgoblin Gold Ale Beer Pint Can 4x568ml,£6.00,£2.64 / ltr,null,drinks,beer_cider,2024-11-19
Sainsbury's Original Dry Cider 2L,£2.85,£1.43 / ltr,null,drinks,beer_cider,2024-11-19
Wainwright Golden Ale Beer Bottle 500ml,£2.10,£4.20 / ltr,null,drinks,beer_cider,2024-11-19
Golden Ales Mixed Pack 6x500ml,£12.00,£4.00 / ltr,null,drinks,beer_cider,2024-11-19
Sainsbury's Medium Dry Low Alcohol Apple Cider 500ml,£1.70,£3.40 / ltr,null,drinks,beer_cider,2024-11-19
Inch's Medium Apple Cider 4x440ml,£5.50,£3.13 / ltr,null,drinks,beer_cider,2024-11-19
John Smith's Extra Smooth Ale Cans 18 x 440ml,£17.00,£2.15 / ltr,null,drinks,beer_cider,2024-11-19
Thatchers Haze Cloudy Somerset Cider 10x440ml,£11.00,£2.50 / ltr,£9.00,drinks,beer_cider,2024-11-19
Sainsbury's Crown Lager 4x440ml,£2.25,£1.28 / ltr,null,drinks,beer_cider,2024-11-19
Corona Cero Alcohol Free 4x330ml,£4.50,£3.41 / ltr,null,drinks,beer_cider,2024-11-19
Stella Artois Premium Lager Pint Cans 4x568ml,£6.25,£2.75 / ltr,null,drinks,beer_cider,2024-11-19
Newcastle Brown Ale Bottle 550ml,£2.25,£4.09 / ltr,null,drinks,beer_cider,2024-11-19
Kopparberg Premium Cider Variety Pack 10x330ml,£11.00,£3.33 / ltr,£9.00,drinks,beer_cider,2024-11-19
Crabbies Original Alcoholic Ginger Beer 500ml,£1.80,£3.60 / ltr,null,drinks,beer_cider,2024-11-19
Budweiser Lager Beer Cans 15x440ml,£16.00,£2.42 / ltr,null,drinks,beer_cider,2024-11-19
Guinness Nitrosurge Stout Beer Cans For Use with Nitrosurge ...,£8.50,£3.81 / ltr,null,drinks,beer_cider,2024-11-19
San Miguel Alcohol Free Lager Beer 4x330ml Bottles,£4.25,£3.22 / ltr,£3.75,drinks,beer_cider,2024-11-19
Classic Ales Mixed Pack x6 500ml,£12.00,£4.00 / ltr,null,drinks,beer_cider,2024-11-19
Ghost Ship Pale Ale 500ml,£2.10,£4.20 / ltr,null,drinks,beer_cider,2024-11-19
Birra Moretti Lager Beer Cans 6 x 330ml,£7.40,£3.74 / ltr,£6.50,drinks,beer_cider,2024-11-19
1698 Bottled Conditioned Strong Ale 500ml,£2.35,£4.70 / ltr,null,drinks,beer_cider,2024-11-19
St Austell Brewery Tribute Ale 500ml,£2.10,£4.20 / ltr,null,drinks,beer_cider,2024-11-19
Sharp's Doom Bar Amber Ale 500ml,£2.50,£5.00 / ltr,null,drinks,beer_cider,2024-11-19
Doom Bar Amber Ale 10x440ml,£12.50,£2.84 / ltr,null,drinks,beer_cider,2024-11-19
"Sainsbury's India Pale Ale (IPA), Taste the Difference 500ml",£2.10,£4.20 / ltr,null,drinks,beer_cider,2024-11-19
McEwan's Champion Ale 500ml,£2.10,£4.20 / ltr,null,drinks,beer_cider,2024-11-19
Budweiser Lager Beer Bottles 12x300ml,£11.50,£3.19 / ltr,null,drinks,beer_cider,2024-11-19
Birra Moretti Sale Di Mare Unfiltered Lager Beer Bottle 660m...,£3.00,£4.55 / ltr,null,drinks,beer_cider,2024-11-19
Budweiser Lager Beer Cans 10x440ml,£11.00,£2.50 / ltr,null,drinks,beer_cider,2024-11-19
Fosters Proper Lager Shandy Beer Can 4x440ml,£3.75,£2.13 / ltr,null,drinks,beer_cider,2024-11-19
Kopparberg Alcohol Free Premium Cider with Strawberry & Lime...,£3.75,£2.84 / ltr,null,drinks,beer_cider,2024-11-19
BrewDog Alcohol Free Mixed Pack 8x330ml,£10.00,£3.79 / ltr,£8.00,drinks,beer_cider,2024-11-19
Greene King India Pale Ale 4 x 500ml,£4.75,£2.38 / ltr,null,drinks,beer_cider,2024-11-19
Daura Gluten Free Lager Spanish Beer 4x330ml,£6.75,£5.11 / ltr,null,drinks,beer_cider,2024-11-19
Bishops Finger Shepherd Neame Kentish Strong Ale 500ml,£1.60,£3.20 / ltr,null,drinks,beer_cider,2024-11-19
Desperados Tequila Lager Beer Bottles 3 x 330ml,£5.50,£5.56 / ltr,null,drinks,beer_cider,2024-11-19
Peroni Nastro Azzurro Beer Lager Bottles 4x330ml,£6.75,£5.11 / ltr,£5.75,drinks,beer_cider,2024-11-19
Leffe Blonde 0.0% Beer Bottles 6x250ml,£4.50,£3.00 / ltr,null,drinks,beer_cider,2024-11-19
Black Sheep Ale 500ml,£2.00,£4.00 / ltr,null,drinks,beer_cider,2024-11-19
BrewDog Hazy Jane New England IPA 4x330ml,£6.25,£4.73 / ltr,null,drinks,beer_cider,2024-11-19
Henry Westons Vintage Cider 500ml,£2.60,£5.20 / ltr,null,drinks,beer_cider,2024-11-19
BrewDog Punk IPA 12x330ml,£16.50,£4.17 / ltr,£13.50,drinks,beer_cider,2024-11-19
Staropramen Premium Czech Lager 660ml,£2.50,£3.79 / ltr,null,drinks,beer_cider,2024-11-19
Frome Valley Dry Cider 500ml,£2.50,£5.00 / ltr,null,drinks,beer_cider,2024-11-19
Corona Extra Premium Lager Beer bottles 4x330ml,£5.75,£4.36 / ltr,£5.00,drinks,beer_cider,2024-11-19
Hobgoblin Ruby Ale Beer Pint Can 4x568ml,£6.00,£2.64 / ltr,£5.50,drinks,beer_cider,2024-11-19
Hobgoblin Ruby Ale Beer Bottle 500ml,£1.59,£3.18 / ltr,null,drinks,beer_cider,2024-11-19
Fuller's ESB 5.9% Ale Beer Bottle 500ml,£2.25,£4.50 / ltr,null,drinks,beer_cider,2024-11-19
Guinness Draught Stout Beer Can 8x440ml,£11.50,£3.27 / ltr,£9.75,drinks,beer_cider,2024-11-19
Thatchers Gold Cider 4x440ml,£5.00,£2.84 / ltr,null,drinks,beer_cider,2024-11-19
Strongbow Original Cider 10x440ml,£10.00,£2.27 / ltr,null,drinks,beer_cider,2024-11-19
Whitstable Bay Pale Ale 500ml,£2.10,£4.20 / ltr,null,drinks,beer_cider,2024-11-19
Fuller's London Pride 4.7% Amber Ale Beer Cans 4x500ml,£6.50,£3.25 / ltr,£6.00,drinks,beer_cider,2024-11-19
Kopparberg Strawberry & Lime Cider 500ml,£2.35,£4.70 / ltr,null,drinks,beer_cider,2024-11-19
Thatchers Blood Orange Cider Cans 4x440ml,£6.00,£3.41 / ltr,null,drinks,beer_cider,2024-11-19
Erdinger Weissbier Wheat Beer Bottle 500ml,£2.00,£4.00 / ltr,null,drinks,beer_cider,2024-11-19
Old Mout Cider Kiwi & Lime Bottle 500ml,£2.45,£4.90 / ltr,null,drinks,beer_cider,2024-11-19
Ghost Ship Pale Ale 4x440ml,£6.00,£3.41 / ltr,null,drinks,beer_cider,2024-11-19
Old Speckled Hen Pale Ale Beer 500ml,£2.00,£4.00 / ltr,null,drinks,beer_cider,2024-11-19
Camden Pale Ale Cans 12x330ml,£15.50,£3.91 / ltr,null,drinks,beer_cider,2024-11-19
Tanqueray Alcohol Free Spirit 70cl,£17.00,£24.29 / ltr,null,drinks,beer_cider,2024-11-19
Magners Irish Cider Original Cans 10x440ml,£10.25,£2.33 / ltr,null,drinks,beer_cider,2024-11-19
Badger The Blandford Fly Ale 500ml,£2.10,£4.20 / ltr,null,drinks,beer_cider,2024-11-19
St Austell Brewery Tribute Pale Ale 10x440ml,£12.00,£2.73 / ltr,null,drinks,beer_cider,2024-11-19
Carlsberg Lager Beer 4x568ml,£5.00,£2.20 / ltr,null,drinks,beer_cider,2024-11-19
Penguin Sands Cabernet Sauvignon 75cl,£4.29,£4.29 / 75cl,null,drinks,beer_cider,2024-11-19
Aspall Premier Cru Dry Cyder 500ml,£2.85,£5.70 / ltr,null,drinks,beer_cider,2024-11-19
"Sainsbury's Winter Porter, Seasonal Edition, Taste the Diffe...",£1.95,£3.90 / ltr,null,drinks,beer_cider,2024-11-19
John Smith's Extra Smooth Ale Cans 4x440ml,£4.75,£2.70 / ltr,null,drinks,beer_cider,2024-11-19
Hobgoblin Gold Ale Beer Bottle 500ml,£1.59,£3.18 / ltr,null,drinks,beer_cider,2024-11-19
San Miguel Premium Lager Beer Cans 4x440ml,£5.45,£3.10 / ltr,£4.75,drinks,beer_cider,2024-11-19
Hobgoblin Gold Beer x10 440ml,£11.00,£2.50 / ltr,null,drinks,beer_cider,2024-11-19
Badger Fursty Ferret Ale 500ml,£2.00,£4.00 / ltr,null,drinks,beer_cider,2024-11-19
Badger Golden Champion 500ml,£2.00,£4.00 / ltr,null,drinks,beer_cider,2024-11-19
Infinite Session Alcohol Free IPA 4x330ml,£4.25,£3.22 / ltr,null,drinks,beer_cider,2024-11-19
"Sainsbury's Winter Warmer Ale, Seasonal Edition, Taste the D...",£1.95,£3.90 / ltr,null,drinks,beer_cider,2024-11-19
Beavertown Lazer Crush Alcohol Free IPA 4x330ml,£6.00,£4.55 / ltr,null,drinks,beer_cider,2024-11-19
Camden Hells Lager Cans 12x330ml,£15.50,£3.91 / ltr,null,drinks,beer_cider,2024-11-19
BrewDog Wingman Session IPA 12x330ml,£15.50,£3.91 / ltr,null,drinks,beer_cider,2024-11-19
Camden Pale Ale Cans 4x330ml,£6.25,£4.73 / ltr,null,drinks,beer_cider,2024-11-19
Heineken Premium Lager Beer Bottles 12x330ml,£12.00,£3.03 / ltr,null,drinks,beer_cider,2024-11-19
Old Mout Cider Berries & Cherries Bottle 500ml,£2.45,£4.90 / ltr,null,drinks,beer_cider,2024-11-19
Beavertown Neck Oil Session IPA 4x330ml,£7.50,£5.68 / ltr,£6.00,drinks,beer_cider,2024-11-19
Holsten Pils Lager Beer Cans 4x440ml,£5.25,£2.98 / ltr,null,drinks,beer_cider,2024-11-19
Foster's Lager Beer Cans 4 x 440ml,£4.50,£2.56 / ltr,null,drinks,beer_cider,2024-11-19
Sharp's Doom Bar Amber Ale 6x500ml,£11.00,£3.67 / ltr,null,drinks,beer_cider,2024-11-19
Stella Artois Premium Lager Beer Bottles 18x330ml,£17.00,£2.86 / ltr,£14.00,drinks,beer_cider,2024-11-19
Cruzcampo Sevilla Lager Beer Can 4x440ml,£5.75,£3.27 / ltr,null,drinks,beer_cider,2024-11-19
Strongbow Dark Fruit Cider Cans 10 x 440ml,£12.00,£2.73 / ltr,£10.00,drinks,beer_cider,2024-11-19
Kopparberg Mixed Fruit Cider 500ml,£2.35,£4.70 / ltr,null,drinks,beer_cider,2024-11-19
Red Stripe Jamaica Lager Beer Cans x4 440ml,£5.30,£3.01 / ltr,null,drinks,beer_cider,2024-11-19
Thatchers Haze Cloudy Cider 4x440ml,£5.00,£2.84 / ltr,null,drinks,beer_cider,2024-11-19
St Austell Brewery Tribute Ale 4x500ml,£6.00,£3.00 / ltr,£5.25,drinks,beer_cider,2024-11-19
Northern Monk Faith Hazy Pale Ale 4x330ml,£6.50,£4.92 / ltr,null,drinks,beer_cider,2024-11-19
San Miguel Premium Lager Beer Cans 4x568ml,£7.00,£3.08 / ltr,null,drinks,beer_cider,2024-11-19
Budweiser Lager Beer Bottles 6x300ml,£6.25,£3.47 / ltr,null,drinks,beer_cider,2024-11-19
Leffe Blonde Abbey Beer Bottles 4x330ml,£6.00,£4.55 / ltr,null,drinks,beer_cider,2024-11-19
Budweiser Lager Beer Pint Cans 4x568ml,£6.00,£2.64 / ltr,null,drinks,beer_cider,2024-11-19
Asahi Super Dry Beer Lager Cans 6x330ml,£8.75,£4.42 / ltr,£7.25,drinks,beer_cider,2024-11-19
Fuller's 1845 6.3% Bottle Conditioned Ale Beer Bottle 500ml,£2.25,£4.50 / ltr,null,drinks,beer_cider,2024-11-19
Corona Extra Premium Lager Cans 10x330ml,£10.00,£3.03 / ltr,null,drinks,beer_cider,2024-11-19
Cornish Orchards Gold 5.0% Cider Bottle 500ml,£2.50,£5.00 / ltr,null,drinks,beer_cider,2024-11-19
Estrella Galicia Spanish World Lager Beer 660ml,£2.50,£3.79 / ltr,null,drinks,beer_cider,2024-11-19
Madri Excepcional Premium Lager Beer Bottle 660ml,£2.50,£3.79 / ltr,null,drinks,beer_cider,2024-11-19
Mahou Lager Beer Bottle 12x330ml,£16.00,£4.04 / ltr,null,drinks,beer_cider,2024-11-19
San Miguel Premium Lager Beer Bottle 660ml,£1.99,£3.02 / ltr,null,drinks,beer_cider,2024-11-19
Asahi Super Dry Lager Beer Bottles 12x330ml,£18.25,£4.61 / ltr,£14.00,drinks,beer_cider,2024-11-19
Badger The Cranborne Poacher Ale 500ml,£2.10,£4.20 / ltr,null,drinks,beer_cider,2024-11-19
Symonds Scrumpy Jack Premium British Cider Cans 4 x 440ml,£5.00,£2.84 / ltr,null,drinks,beer_cider,2024-11-19
Birra Moretti Sale Di Mare Unfiltered Lager Beer Bottle 10x3...,£15.75,£4.77 / ltr,null,drinks,beer_cider,2024-11-19
Cruzcampo Sevilla Lager Beer Bottle 660ml,£2.50,£3.79 / ltr,null,drinks,beer_cider,2024-11-19
Brooklyn Special Effects Alcohol Free Beer Bottles 4x330ml,£4.50,£3.41 / ltr,null,drinks,beer_cider,2024-11-19
Thatchers Vintage Cider 500ml,£2.50,£5.00 / ltr,null,drinks,beer_cider,2024-11-19
Staropramen Premium Czech Lager 12x330ml,£13.00,£3.28 / ltr,null,drinks,beer_cider,2024-11-19
BrewDog Lost Lager 15x440ml,£17.00,£2.58 / ltr,null,drinks,beer_cider,2024-11-19
Leffe Blonde Abbey Beer Bottles 12x330ml,£16.75,£4.23 / ltr,£14.00,drinks,beer_cider,2024-11-19
Doom Bar Zero Alcohol Free Amber Ale 500ml,£2.00,£4.00 / ltr,null,drinks,beer_cider,2024-11-19
Old Mout Cider Pineapple & Raspberry Bottle 500ml,£2.45,£4.90 / ltr,null,drinks,beer_cider,2024-11-19
King Goblin Ruby Ale Beer Bottle 500ml,£2.10,£4.20 / ltr,null,drinks,beer_cider,2024-11-19
Stella Artois Unfiltered Premium Lager Beer Cans 10x400ml,£15.00,£3.41 / ltr,null,drinks,beer_cider,2024-11-19
Madri Excepcional 10x440ml,£14.00,£3.18 / ltr,null,drinks,beer_cider,2024-11-19
BrewDog Hazy Jane 12x330ml,£16.50,£4.17 / ltr,£13.50,drinks,beer_cider,2024-11-19
Peroni Nastro Azzurro Gluten Free Beer Lager Bottles 4x330ml,£7.50,£5.68 / ltr,£6.00,drinks,beer_cider,2024-11-19
Kopparberg Mixed Fruit Can 4x330ml,£5.50,£4.17 / ltr,£4.50,drinks,beer_cider,2024-11-19
Warsteiner Premium Lager Beer 660ml Bottle,£2.35,£3.56 / ltr,null,drinks,beer_cider,2024-11-19
Estrella Damm Lager Beer Cans 10x330ml,£13.75,£4.17 / ltr,null,drinks,beer_cider,2024-11-19
Marston's Old Empire Ale India Pale Ale (IPA) 500ml,£1.85,£3.70 / ltr,null,drinks,beer_cider,2024-11-19
Heineken Premium Lager Beer Bottle 650ml,£1.99,£3.06 / ltr,null,drinks,beer_cider,2024-11-19
Kronenbourg 1664 Lager Beer Cans 4 x 568ml Pint,£6.75,£2.97 / ltr,£6.25,drinks,beer_cider,2024-11-19
Aspall Draught Cyder 500ml,£2.75,£5.50 / ltr,null,drinks,beer_cider,2024-11-19
Guinness Original 4x440ml,£6.20,£3.52 / ltr,£5.75,drinks,beer_cider,2024-11-19
Sharp's Doom Bar Amber Ale 4x500ml,£6.50,£3.25 / ltr,£5.50,drinks,beer_cider,2024-11-19
BrewDog Wingman Session IPA 4x330ml,£6.25,£4.73 / ltr,null,drinks,beer_cider,2024-11-19
Old Mout Cider Berries & Cherries Can 10x330ml,£12.50,£3.79 / ltr,null,drinks,beer_cider,2024-11-19
Depot No.90 Bitter 4x440ml,£1.45,82p / ltr,null,drinks,beer_cider,2024-11-19
Adnams Broadside Ale 500ml,£2.10,£4.20 / ltr,null,drinks,beer_cider,2024-11-19
BrewDog Black Heart Draught Stout 4x440ml,£5.50,£3.13 / ltr,£4.75,drinks,beer_cider,2024-11-19
"Sainsbury's Winter Porter, Seasonal Edition, Taste the Diffe...",£1.95,£3.90 / ltr,null,drinks,beer_cider,2024-11-19
Kopparberg Mixed Fruit Cider 10x330ml,£13.00,£3.94 / ltr,£10.00,drinks,beer_cider,2024-11-19
Kopparberg Premium Pear Cider 4x330ml,£5.50,£4.17 / ltr,£4.50,drinks,beer_cider,2024-11-19
Beavertown Satellite Super Session IPA 4x330ml,£6.50,£4.92 / ltr,null,drinks,beer_cider,2024-11-19
Estrella Damm Lager Spanish Beer Bottle 660ml,£2.75,£4.17 / ltr,null,drinks,beer_cider,2024-11-19
Budweiser Zero Alcohol Free Lager 4x330ml,£3.75,£2.84 / ltr,null,drinks,beer_cider,2024-11-19
Stella Artois Unfiltered Premium Lager Beer Bottle 620ml,£2.50,£4.03 / ltr,null,drinks,beer_cider,2024-11-19
Kopparberg Premium Cider with Cherry 500ml,£1.75,£3.50 / ltr,null,drinks,beer_cider,2024-11-19
Camden Town Brewery Eazy Hazy IPA 4x330ml,£6.25,£4.73 / ltr,£5.00,drinks,beer_cider,2024-11-19
Madri Excepcional Premium Lager Beer Can 4x440ml,£6.00,£3.41 / ltr,£5.50,drinks,beer_cider,2024-11-19
BrewDog Alcohol Free Hazy Jane New England IPA 4×330ml,£5.00,£3.79 / ltr,null,drinks,beer_cider,2024-11-19
Kopparberg Strawberry & Lime Cider 10x330ml,£13.00,£3.94 / ltr,£10.00,drinks,beer_cider,2024-11-19
Carling Original Lager Beer Cans x4 440ml,£4.50,£2.56 / ltr,null,drinks,beer_cider,2024-11-19
Stella Artois Premium Lager Beer Cans 4x440ml,£5.50,£3.13 / ltr,null,drinks,beer_cider,2024-11-19
Healey's Cornish Rattler Cyder 500ml,£2.50,£5.00 / ltr,null,drinks,beer_cider,2024-11-19
Old Mout Cider Strawberry & Apple Bottle 500ml,£2.45,£4.90 / ltr,null,drinks,beer_cider,2024-11-19
Franziskaner Weissbier German Wheat Beer Bottle 500ml,£2.30,£4.60 / ltr,null,drinks,beer_cider,2024-11-19
Thatchers Rascal Cider 500ml,£2.50,£5.00 / ltr,null,drinks,beer_cider,2024-11-19
Tiny Rebel Mixed IPA 12x330ml,£18.50,£4.67 / ltr,null,drinks,beer_cider,2024-11-19
Thatchers Zero% 4x440ml,£4.00,£2.27 / ltr,£3.75,drinks,beer_cider,2024-11-19
Boddingtons Draught Bitter 4x440ml,£4.50,£2.56 / ltr,null,drinks,beer_cider,2024-11-19
Thatchers Rosé Sweet Sparkling Somerset Cider 4x440ml,£6.00,£3.41 / ltr,£5.00,drinks,beer_cider,2024-11-19
Carlsberg Special Brew Lager Beer Cans 4x440ml,£9.50,£5.40 / ltr,null,drinks,beer_cider,2024-11-19
BrewDog Hazy Jane Guava New England IPA 4x330ml,£6.25,£4.73 / ltr,null,drinks,beer_cider,2024-11-19
Coors 12x330ml,£11.00,£2.78 / ltr,null,drinks,beer_cider,2024-11-19
Old Speckled Hen Gluten Free Pale Ale Beer 500ml,£2.25,£4.50 / ltr,null,drinks,beer_cider,2024-11-19
Duvel The Original Specialty Beer 330ml,£2.50,£7.58 / ltr,£2.00,drinks,beer_cider,2024-11-19
"Sainsbury's Vintage Cider, Taste the Difference 500ml",£2.60,£5.20 / ltr,null,drinks,beer_cider,2024-11-19
Oakham Citra Session IPA 500ml,£2.25,£4.50 / ltr,null,drinks,beer_cider,2024-11-19
Radox Mineral Therapy Muscle Soak Bath Soak Bubble Bath 1L,£2.00,20p / 100ml,null,drinks,beer_cider,2024-11-19
Foster's Lager Beer Can 10x440ml,£11.50,£2.61 / ltr,null,drinks,beer_cider,2024-11-19
St Austell Brewery Proper Job Cornish IPA 4x440ml,£6.25,£3.55 / ltr,null,drinks,beer_cider,2024-11-19
Beavertown Gamma Ray American Pale Ale 4x330ml,£7.50,£5.68 / ltr,£6.00,drinks,beer_cider,2024-11-19
Hobgoblin IPA Beer Cans 4x440ml,£5.50,£3.13 / ltr,null,drinks,beer_cider,2024-11-19
Erdinger Weissbier Wheat Beer Bottle 4x330ml,£6.00,£4.55 / ltr,null,drinks,beer_cider,2024-11-19
BrewDog Cold Beer Lager 4x440ml,£4.00,£2.27 / ltr,null,drinks,beer_cider,2024-11-19
Old Crafty Hen 6.5% Ale Beer 500ml,£2.50,£5.00 / ltr,null,drinks,beer_cider,2024-11-19
Greene King Abbot Rich & Malty Premium Ale 10x440ml,£12.50,£2.84 / ltr,null,drinks,beer_cider,2024-11-19
Brooklyn Pilsner Crisp Lager Beer Can 10x440ml,£10.00,£2.27 / ltr,null,drinks,beer_cider,2024-11-19
Inch's Medium Apple Cider Bottle 500ml,£2.50,£5.00 / ltr,null,drinks,beer_cider,2024-11-19
Carlsberg Export Lager Beer 4x568ml,£6.25,£2.75 / ltr,null,drinks,beer_cider,2024-11-19
Shipyard American IPA Ale Beer Bottle 500ml,£2.10,£4.20 / ltr,null,drinks,beer_cider,2024-11-19
"Sainsbury's Mulled Cider, Taste the Difference 750ml",£3.75,£5.00 / ltr,£3.50,drinks,beer_cider,2024-11-19
Desperados Tequila Lager Beer Bottles 12 x 250ml,£14.50,£4.83 / ltr,£12.00,drinks,beer_cider,2024-11-19
Shipyard American IPA Ale Beer Can 4x440ml,£5.75,£3.27 / ltr,null,drinks,beer_cider,2024-11-19
Thatchers Katy Cider 500ml,£2.50,£5.00 / ltr,null,drinks,beer_cider,2024-11-19
Fuller's London Pride 4.7% Amber Ale Beer Bottle 500ml,£2.40,£4.80 / ltr,null,drinks,beer_cider,2024-11-19
"Sainsbury's American IPA, Taste the Difference 500ml",£2.10,£4.20 / ltr,null,drinks,beer_cider,2024-11-19
BrewDog Black Heart Draught Stout 10x440ml,£12.50,£2.84 / ltr,£11.00,drinks,beer_cider,2024-11-19
Stella Artois Premium Lager Beer Bottles 6x330ml,£6.25,£3.16 / ltr,null,drinks,beer_cider,2024-11-19
Weihenstephaner Hefe Weissbier Wheat Beer 50cl,£2.60,£5.20 / ltr,null,drinks,beer_cider,2024-11-19
Thatchers Katy Somerset Cider 6x500ml,£11.50,£3.83 / ltr,£9.50,drinks,beer_cider,2024-11-19
Sipsmith London Mini Trio of Gins Gift Set,£13.50,£13.50 / ea,£10.00,drinks,beer_cider,2024-11-19
Rosa Blanca Spanish Beer Can 4x440ml,£5.00,£2.84 / ltr,null,drinks,beer_cider,2024-11-19
Birra Moretti Premium Lager & Pint Glass,£8.00,£8.00 / ea,£6.50,drinks,beer_cider,2024-11-19
Staropramen Premium Czech Style Pilsner Lager Beer Can 4x440...,£6.25,£3.55 / ltr,null,drinks,beer_cider,2024-11-19
Kopparberg Premium Cider Spiced Apple 500ml,£2.00,£4.00 / ltr,null,drinks,beer_cider,2024-11-19
Thatchers Cloudy Lemon Cider 4x440ml,£6.00,£3.41 / ltr,null,drinks,beer_cider,2024-11-19
Kopparberg Premium Cider with Strawberry & Lime Can4x330ml,£5.50,£4.17 / ltr,£4.50,drinks,beer_cider,2024-11-19
Sainsbury's Dark Fruit Cider 4x440ml,£4.50,£2.56 / ltr,null,drinks,beer_cider,2024-11-19
Mackeson Stout Beer Cans 4x330ml,£4.50,£3.41 / ltr,null,drinks,beer_cider,2024-11-19
Camden Hells Lager Cans 4x440ml,£7.00,£3.98 / ltr,null,drinks,beer_cider,2024-11-19
Days 0.0% Alcohol Free Pale Ale 4x330ml,£5.00,£3.79 / ltr,null,drinks,beer_cider,2024-11-19
Old Midnight Hen Delicious English Stout 500ml,£2.00,£4.00 / ltr,null,drinks,beer_cider,2024-11-19
Northern Monk Peanut Butter & Jam Collaboration Stout 440ml,£4.25,£9.66 / ltr,null,drinks,beer_cider,2024-11-19
Leffe Blonde 500ml,£2.50,£5.00 / ltr,null,drinks,beer_cider,2024-11-19
Titanic Brewery Plum Porter 500ml,£1.95,£3.90 / ltr,null,drinks,beer_cider,2024-11-19
BrewDog Gluten Free Punk IPA 4x330ml,£6.25,£4.73 / ltr,null,drinks,beer_cider,2024-11-19
Blue Moon Belgian White American Craft Wheat Beer 330ml,£2.35,£7.12 / ltr,null,drinks,beer_cider,2024-11-19
Angioletti Riserva Craft Italian Cider 500ml,£2.50,£5.00 / ltr,null,drinks,beer_cider,2024-11-19
Purity Brewing Company Mad Goose Premium Pale Ale 500ml,£2.10,£4.20 / ltr,null,drinks,beer_cider,2024-11-19
BrewDog Shore Leave Amber Ale 10x440ml,£12.50,£2.82 / ltr,£11.00,drinks,beer_cider,2024-11-19
Jubel Mixed Pack 8x330ml,£13.00,£4.92 / ltr,null,drinks,beer_cider,2024-11-19
Peroni Nastro Azzurro 4x440ml,£7.50,£4.26 / ltr,£6.50,drinks,beer_cider,2024-11-19
Aspall Crisp Apple Premium Cyder Can 4x330ml,£5.25,£3.98 / ltr,£4.50,drinks,beer_cider,2024-11-19
Desperados Tequila Lager Beer Bottle 650ml,£3.00,£4.62 / ltr,null,drinks,beer_cider,2024-11-19
Kopparberg Alcohol Free Cider Variety 10x330ml,£8.50,£2.55 / ltr,null,drinks,beer_cider,2024-11-19
BrewDog Shore Leave Amber Ale 4x440ml,£6.00,£3.41 / ltr,null,drinks,beer_cider,2024-11-19
Old Mout Cider Berries & Cherries Can 4x330ml,£5.50,£4.17 / ltr,null,drinks,beer_cider,2024-11-19
Thatchers Blood Orange Cider 500ml,£2.50,£5.00 / ltr,null,drinks,beer_cider,2024-11-19
Fuller's Organic Honey Dew 5.0% Ale Beer Bottle 500ml,£2.25,£4.50 / ltr,null,drinks,beer_cider,2024-11-19
Asahi Super Dry 0.0% Alcohol Free Cans 4x330ml,£5.00,£3.79 / ltr,null,drinks,beer_cider,2024-11-19
Lucky Saint Hazy IPA Alcohol Free Can 4x330ml,£6.00,£4.55 / ltr,null,drinks,beer_cider,2024-11-19
Aspall Imperial Cyder 500ml,£3.00,£6.00 / ltr,null,drinks,beer_cider,2024-11-19
"Sainsbury's Celebration Ale, Taste the Difference 750ml",£4.00,£5.33 / ltr,null,drinks,beer_cider,2024-11-19
Kronenbourg 1664 Blanc Wheat Beer 4x330ml,£7.00,£5.30 / ltr,null,drinks,beer_cider,2024-11-19
Henry Westons Organic Cider 500ml,£2.50,£5.00 / ltr,null,drinks,beer_cider,2024-11-19
Cornish Orchards Vintage 7.2% Cider Bottle 500ml,£2.50,£5.00 / ltr,null,drinks,beer_cider,2024-11-19
"BrewDog Post Punk Tropical IPA, Limited Edition 4x330ml",£6.25,£4.73 / ltr,null,drinks,beer_cider,2024-11-19
Jubel Beer Cut with Peach 4x330ml,£6.50,£4.92 / ltr,null,drinks,beer_cider,2024-11-19
Stella Artois Premium Lager Beer Bottle 660ml,£2.35,£3.56 / ltr,null,drinks,beer_cider,2024-11-19
Robinsons Old Tom Ale 330ml,£2.50,£7.58 / ltr,null,drinks,beer_cider,2024-11-19
Old Golden Hen Refreshing Golden Ale x4 500ml,£5.75,£2.88 / ltr,£5.00,drinks,beer_cider,2024-11-19
Dunkertons Organic Black Fox Medium Dry Cider 500ml,£2.50,£5.00 / ltr,null,drinks,beer_cider,2024-11-19
Tiny Rebel Easy Livin Session Pale Ale x4 330ml,£6.50,£4.92 / ltr,null,drinks,beer_cider,2024-11-19
Kopparberg Pear Premium Cider 500ml,£2.35,£4.70 / ltr,null,drinks,beer_cider,2024-11-19
BrewDog Elvis Juice Grapefruit Beer 4x330ml,£6.25,£4.73 / ltr,£5.25,drinks,beer_cider,2024-11-19
Hogs Back Traditional English Ale 500ml,£2.10,£4.20 / ltr,null,drinks,beer_cider,2024-11-19
Full Circle Brew Co. the Butterfly Effect Hazy IPA 440ml,£3.50,£7.95 / ltr,null,drinks,beer_cider,2024-11-19
Strongbow Original Cider Cans 4 x 440ml,£4.50,£2.56 / ltr,null,drinks,beer_cider,2024-11-19
Crabbie's Original Alcoholic Ginger Beer 330ml,£5.50,£4.17 / ltr,null,drinks,beer_cider,2024-11-19
Badger Golden Glory Peach Ale 500ml,£2.00,£4.00 / ltr,null,drinks,beer_cider,2024-11-19
"Sainsbury's Gingerbread Amber Ale, Taste the Difference 500m...",£1.95,£3.90 / ltr,null,drinks,beer_cider,2024-11-19
Beavertown Lazer Crush Alcohol Free IPA 330ml,£1.65,£5.00 / ltr,null,drinks,beer_cider,2024-11-19
Corona Lager Beer Bottle 620ml,£2.50,£4.03 / ltr,null,drinks,beer_cider,2024-11-19
Ben Shaws Root Beer 6x330ml,£3.25,16p / 100ml,£2.00,drinks,beer_cider,2024-11-19
Heineken Premium Lager Beer Cans 4 x 440ml,£5.50,£3.13 / ltr,null,drinks,beer_cider,2024-11-19
Guinness Original & Bobble Hat 500ml,£10.00,£10.00 / ea,£8.00,drinks,beer_cider,2024-11-19
Spaten Premium Helles Craft Lager Beer Bottle 500ml,£2.50,£5.00 / ltr,null,drinks,beer_cider,2024-11-19
Peroni Nastro Azzurro Stile Capri Beer Lager Bottles 3x330ml,£4.50,£4.55 / ltr,£3.50,drinks,beer_cider,2024-11-19
BrewDog Arcade Made Coin Operated Beer 440ml,£4.00,£9.09 / ltr,null,drinks,beer_cider,2024-11-19
La Chouffe Strong Blonde Golden Ale 330ml,£2.50,£7.58 / ltr,£2.00,drinks,beer_cider,2024-11-19
Northern Monk Lucy Ketchin IPA 440ml,£3.50,£7.95 / ltr,null,drinks,beer_cider,2024-11-19
Lucky Saint Unfiltered Lager 500ml,£2.30,£4.60 / ltr,£1.75,drinks,beer_cider,2024-11-19
BrewDog Lost Lager Planet First 4x440ml,£5.50,£3.13 / ltr,£5.00,drinks,beer_cider,2024-11-19
Vocation Brewery Heart & Soul Session IPA 4x330ml,£6.25,£4.73 / ltr,null,drinks,beer_cider,2024-11-19
Kopparberg Premium Cider with Strawberry & Pineapple 500ml,£1.75,£3.50 / ltr,null,drinks,beer_cider,2024-11-19
Stiegl Radler Grapefruit 0.5L,£2.25,£4.50 / ltr,null,drinks,beer_cider,2024-11-19
BrewDog Cold Beer Lager 10x440ml,£9.00,£2.03 / ltr,£8.00,drinks,beer_cider,2024-11-19
Bud Light Lager Beer Pint Cans 4x568ml,£5.00,£2.20 / ltr,null,drinks,beer_cider,2024-11-19
BrewDog Double Hazy 440ml,£3.75,£8.52 / ltr,null,drinks,beer_cider,2024-11-19
Tyskie Polish Beer Lager Cans 4x500ml,£6.00,£3.00 / ltr,null,drinks,beer_cider,2024-11-19
Beavertown Lupuloid IPA 440ml,£4.00,£9.09 / ltr,null,drinks,beer_cider,2024-11-19
Tiny Rebel Clwb Tropica IPA Beer 4x330ml,£8.00,£6.06 / ltr,null,drinks,beer_cider,2024-11-19
Rosa Blanca Spanish Beer Bottle 660ml,£1.75,£2.65 / ltr,null,drinks,beer_cider,2024-11-19
Stella Artois Gluten Free Premium Lager Beer Bottles 4x330ml,£6.00,£4.55 / ltr,null,drinks,beer_cider,2024-11-19
Sierra Nevada Pale Ale Can 355ml,£2.25,£6.34 / ltr,null,drinks,beer_cider,2024-11-19
Shandy Shack Elderflower Lager Top 330ml,£1.85,£5.61 / ltr,null,drinks,beer_cider,2024-11-19
Bacchus Framboise Raspberry Beer 375ml,£3.50,£9.33 / ltr,null,drinks,beer_cider,2024-11-19
Singha Premium Thai Lager 630ml,£2.50,£3.97 / ltr,null,drinks,beer_cider,2024-11-19
Adnams Ease Up IPA 500ml,£2.10,£4.20 / ltr,null,drinks,beer_cider,2024-11-19
Heathen Club Clubhouse Hazy Pale 4x330ml,£6.50,£4.92 / ltr,£5.50,drinks,beer_cider,2024-11-19
"Tiny Rebel Cookie Dough, Vanilla, Chocolate & Salted Caramel...",£3.50,£7.95 / ltr,null,drinks,beer_cider,2024-11-19
Gold Label Very Strong Special Beer 4x330ml,£6.75,£5.11 / ltr,null,drinks,beer_cider,2024-11-19
Peroni Nastro Azzurro Stile Capri Beer Lager Bottles 10x330m...,£13.00,£3.94 / ltr,null,drinks,beer_cider,2024-11-19
BrewDog Shore Leave Amber Ale 500ml,£2.25,£4.50 / ltr,null,drinks,beer_cider,2024-11-19
Guinness Foreign Extra Stout 600ml,£3.90,£6.50 / ltr,£3.25,drinks,beer_cider,2024-11-19
Beavertown Heavy Gravity Hazy IPA 440ml,£4.00,£9.09 / ltr,null,drinks,beer_cider,2024-11-19
Birra Moretti Sale Di Mare Unfiltered Lager Beer Bottle 4x33...,£7.00,£5.30 / ltr,£6.00,drinks,beer_cider,2024-11-19
Thatchers Apple & Blackcurrant Cider 500ml,£2.50,£5.00 / ltr,null,drinks,beer_cider,2024-11-19
"Sainsbury's London Porter Dark Beer, Taste the Difference 50...",£1.95,£3.90 / ltr,null,drinks,beer_cider,2024-11-19
Old Speckled Hen Alcohol Free 0.5% Ale Beer 500ml,£1.50,£3.00 / ltr,null,drinks,beer_cider,2024-11-19
BrewDog Punk IPA Post Modern Classic 440ml,£2.50,£5.68 / ltr,null,drinks,beer_cider,2024-11-19
Estrella Damm Spanish Lager Beer Can 4x440ml,£6.50,£3.69 / ltr,null,drinks,beer_cider,2024-11-19
Strongbow Dark Fruit Cider Cans 4 x 440ml,£5.50,£3.13 / ltr,null,drinks,beer_cider,2024-11-19
Kopparberg Alcohol Free Premium Cider with Mixed Fruit 4x330...,£3.75,£2.84 / ltr,null,drinks,beer_cider,2024-11-19
Magners Irish Cider Original Cans 4x440ml,£4.75,£2.70 / ltr,null,drinks,beer_cider,2024-11-19
Kopparberg Sweet Vintage Pear Premium Cider 500ml,£2.50,£5.00 / ltr,null,drinks,beer_cider,2024-11-19
BrewDog Wingman Tropical Storm Double IPA 440ml,£3.50,£7.95 / ltr,null,drinks,beer_cider,2024-11-19
Thatchers Blood Orange Cider 10x330ml,£12.00,£3.64 / ltr,£8.50,drinks,beer_cider,2024-11-19
St Peter's Plum Porter 500ml,£1.95,£3.90 / ltr,null,drinks,beer_cider,2024-11-19
Schneider Weisse Tap7 Original Hefe Beer 500ml,£2.20,£4.40 / ltr,null,drinks,beer_cider,2024-11-19
Mahou Lager Beer Can 4x440ml,£6.50,£3.69 / ltr,null,drinks,beer_cider,2024-11-19
Kronenbourg 1664 Blanc Wheat Beer 12x330ml,£18.00,£4.55 / ltr,£14.00,drinks,beer_cider,2024-11-19
St Austell Brewery Korev Cornish Lager 500ml,£2.00,£4.00 / ltr,null,drinks,beer_cider,2024-11-19
Badger Master Stoat Coffee Stout 500ml,£2.00,£4.00 / ltr,null,drinks,beer_cider,2024-11-19
Camden Stout Cans 10x440ml,£14.00,£3.18 / ltr,null,drinks,beer_cider,2024-11-19
Malvern Gold Medium Dry Herefordshire Cider 500ml,£2.50,£5.00 / ltr,null,drinks,beer_cider,2024-11-19
Mad Squirrel Big Sea West Coast IPA 440ml,£3.50,£7.95 / ltr,null,drinks,beer_cider,2024-11-19
Jubel Beer Cut with Mango 440ml,£3.00,£6.82 / ltr,null,drinks,beer_cider,2024-11-19
BrewDog Lucky Break NE IPA 440ml,£3.75,£8.52 / ltr,null,drinks,beer_cider,2024-11-19
Greene King Prior Life All Day IPA Beer Cans 4x330ml,£4.50,£3.41 / ltr,null,drinks,beer_cider,2024-11-19
Jiddler's Tipple Nimbus Hazy IPA 440ml,£3.50,£7.95 / ltr,null,drinks,beer_cider,2024-11-19
Adnams Southwold Bitter 440ml,£5.00,£2.84 / ltr,null,drinks,beer_cider,2024-11-19
Coors x4 568ml,£6.00,£2.64 / ltr,null,drinks,beer_cider,2024-11-19
Stella Artois Unfiltered Premium Lager Beer Cans 4x440ml,£6.25,£3.55 / ltr,null,drinks,beer_cider,2024-11-19
Greene King Level Head Session IPA 4.0% Craft Beer Cans 4x33...,£6.00,£4.55 / ltr,£4.75,drinks,beer_cider,2024-11-19
BrewDog Wingman Alcohol Free Session IPA 4x330ml,£5.00,£3.79 / ltr,£4.00,drinks,beer_cider,2024-11-19
Thatchers Rosé Somerset Cider 500ml,£2.50,£5.00 / ltr,null,drinks,beer_cider,2024-11-19
Via Roma Premium Lager Cans 4x440ml,£6.00,£3.41 / ltr,null,drinks,beer_cider,2024-11-19
Guinness Foreign Extra Stout 4x325ml,£8.00,£6.15 / ltr,£7.00,drinks,beer_cider,2024-11-19
BrewDog Triple Hazy New England IPA 440ml,£4.75,£10.80 / ltr,null,drinks,beer_cider,2024-11-19
Woodforde's Wherry Amber Ale 500ml,£2.10,£4.20 / ltr,null,drinks,beer_cider,2024-11-19
Northern Monk Heathen Hazy IPA 440ml,£3.50,£7.95 / ltr,null,drinks,beer_cider,2024-11-19
Aspall Crisp Apple Premium Cyder Can 10x330ml,£11.50,£3.48 / ltr,£10.50,drinks,beer_cider,2024-11-19
"Sainsbury's Session Ale, Taste the Difference 500ml",£1.50,£3.00 / ltr,null,drinks,beer_cider,2024-11-19
BrewDog Wingman Session IPA 440ml,£2.85,£6.48 / ltr,null,drinks,beer_cider,2024-11-19
Tiny Rebel Clwb Tropical IPA 440ml,£3.00,£6.82 / ltr,null,drinks,beer_cider,2024-11-19
Vocation Life & Death Classic IPA 4x330ml,£7.00,£5.30 / ltr,null,drinks,beer_cider,2024-11-19
Erdinger Alkoholfrei Low Alcohol Wheat Beer Bottle 4x330ml,£5.00,£3.79 / ltr,£3.75,drinks,beer_cider,2024-11-19
Birrificio Angelo Poretti Premium Lager 440ml,£6.00,£3.41 / ltr,£4.00,drinks,beer_cider,2024-11-19
Galipette Non Alcoholic Cider,£1.80,£5.45 / ltr,null,drinks,beer_cider,2024-11-19
BrewDog Rocky Road Marshmallow Stout 440ml,£3.50,£7.95 / ltr,null,drinks,beer_cider,2024-11-19
Polly’s Floret Pale Ale 4.2% 440ml,£3.50,£7.95 / ltr,null,drinks,beer_cider,2024-11-19
Henry Westons British Vintage Cider 500ml,£2.50,£5.00 / ltr,null,drinks,beer_cider,2024-11-19
BrewDog Juice Shack Session Neipa 4x330ml,£6.25,£4.73 / ltr,£5.25,drinks,beer_cider,2024-11-19
Henry Westons Cloudy Vintage Cider 500ml,£2.60,£5.20 / ltr,null,drinks,beer_cider,2024-11-19
Korev 4x440ml,£6.00,£3.41 / ltr,£5.00,drinks,beer_cider,2024-11-19
"Sainsbury's Forest Fruits Cider, Taste the Difference 500ml",£2.50,£5.00 / ltr,null,drinks,beer_cider,2024-11-19
BrewDog Lost Lager Dry-Hopped Pilsner 660ml,£2.50,£3.79 / ltr,null,drinks,beer_cider,2024-11-19
Shipyard American Session Pale Ale Can 4x440ml,£4.25,£2.41 / ltr,null,drinks,beer_cider,2024-11-19
CleanCo Clean G Rhubarb Non-alc Gin Alt,£16.00,£22.86 / ltr,null,drinks,beer_cider,2024-11-19
Jubel Beer Cut with Grapefruit 440ml,£3.00,£6.82 / ltr,null,drinks,beer_cider,2024-11-19
"Sainsbury's Hazy Ipa, Taste the Difference 500ml",£1.95,£3.90 / ltr,null,drinks,beer_cider,2024-11-19
Kopparberg Strawberry & Lime 0% 500ml,£1.50,£3.00 / ltr,£1.25,drinks,beer_cider,2024-11-19
Thatchers Apple & Blackcurrant Cider 4x440ml,£6.00,£3.41 / ltr,£5.00,drinks,beer_cider,2024-11-19
Turning Point Brew Co Disco King American Pale Ale 440ml,£3.50,£7.95 / ltr,null,drinks,beer_cider,2024-11-19
BrewDog King Crush Mango & Passion Fruit Double Milkshake IP...,£3.75,£8.52 / ltr,null,drinks,beer_cider,2024-11-19
Bunny Hop Hazy Pale 500ml,£1.85,£3.70 / ltr,null,drinks,beer_cider,2024-11-19
Grolsch Premium Pilsner Beer Lager Cans 4x440ml,£4.00,£2.27 / ltr,null,drinks,beer_cider,2024-11-19
Camden Lager Top Lemon Lager 4x330ml,£5.00,£3.79 / ltr,null,drinks,beer_cider,2024-11-19
Tiny Rebel Summer Slam IPA Hop Hut 440ml,£3.50,£7.95 / ltr,null,drinks,beer_cider,2024-11-19
Black Sheep Brewery Respire Carbon Neutral IPA 500ml,£2.00,£4.00 / ltr,null,drinks,beer_cider,2024-11-19
Kopparberg Winter Punch Premium Cider x4 330ml,£4.50,£3.41 / ltr,£4.00,drinks,beer_cider,2024-11-19
Via Roma Premium Lager 660ml,£2.50,£3.79 / ltr,null,drinks,beer_cider,2024-11-19
Rekorderlig Wild Berries Premium Fruit Cider Bottle 500ml,£2.35,£4.70 / ltr,null,drinks,beer_cider,2024-11-19
Budweiser Budvar Original Czech Lager 500ml,£1.75,£3.50 / ltr,null,drinks,beer_cider,2024-11-19
Beavertown Neck Oil Session Ipa 330ml,£2.00,£6.06 / ltr,£1.80,drinks,beer_cider,2024-11-19
Tiny Rebel Hadouken Amplified IPA 440ml,£3.50,£7.95 / ltr,null,drinks,beer_cider,2024-11-19
BrewDog Juice Shack Session Neipa 12x330ml,£16.50,£4.17 / ltr,£13.50,drinks,beer_cider,2024-11-19
Rekorderlig Peach Raspberry Premium Fruit Cider Bottle 500ml,£1.75,£3.50 / ltr,null,drinks,beer_cider,2024-11-19
"AC/DC, Limited Edition",£12.00,£12.00 / ea,£10.00,drinks,beer_cider,2024-11-19
Jubel Beer Cut with Peach 440ml,£3.00,£6.82 / ltr,null,drinks,beer_cider,2024-11-19
Victoria Malaga Lager Spanish Beer 66oml,£2.50,£3.79 / ltr,null,drinks,beer_cider,2024-11-19
BrewDog Hazy Jane New England IPA 440ml,£2.85,£6.48 / ltr,null,drinks,beer_cider,2024-11-19
Crabbie's Blood Orange Alcoholic Ginger Beer 500ml,£1.80,£3.60 / ltr,null,drinks,beer_cider,2024-11-19
"Vocation Brewery Vanilla Raspberry Pineapple Cocktail Sour, ...",£3.50,£7.95 / ltr,null,drinks,beer_cider,2024-11-19
Cornish Orchards 4.0% Cherry & Blackberry Cider 500ml,£2.35,£4.70 / ltr,null,drinks,beer_cider,2024-11-19
Brooklyn Brewery Pilsner Crisp Lager x4 440ml,£6.00,£3.41 / ltr,£4.75,drinks,beer_cider,2024-11-19
Northern Monk Holy Faith Hazy Pale Ale 4x330ml,£5.00,£3.79 / ltr,null,drinks,beer_cider,2024-11-19
Camden Hells Lager Bottle 660ml,£2.75,£4.17 / ltr,null,drinks,beer_cider,2024-11-19
Adnams Southwold Bitter 500ml,£2.10,£4.20 / ltr,null,drinks,beer_cider,2024-11-19
Old Mout Cider Berries & Cherries Alcohol Free 500ml,£1.25,£2.50 / ltr,null,drinks,beer_cider,2024-11-19
Tiny Rebel New England IPA 440ml,£4.25,£9.66 / ltr,null,drinks,beer_cider,2024-11-19
Thatchers Apple & Blackcurrant Cider 10x330ml,£12.00,£3.64 / ltr,£8.50,drinks,beer_cider,2024-11-19
Rekorderlig Premium Swedish Cider Pink Lemon 500ml,£2.35,£4.70 / ltr,null,drinks,beer_cider,2024-11-19
St Austell Brewery Tribute Pale Ale 6x500ml,£10.50,£3.50 / ltr,null,drinks,beer_cider,2024-11-19
Mahou Lager Beer Bottle 500ml,£1.85,£3.70 / ltr,null,drinks,beer_cider,2024-11-19
Camden Town Brewery Zing Lager Beer 440ml,£3.00,£6.82 / ltr,null,drinks,beer_cider,2024-11-19
Adnams Southwold Big Skies Double Dry Hopped IPA 440ml,£3.50,£7.95 / ltr,null,drinks,beer_cider,2024-11-19
Utopian Brewing Bohemian Lager 440ml,£2.50,£5.68 / ltr,null,drinks,beer_cider,2024-11-19
Vocation Love & Hate New England IPA 440ml,£3.75,£8.52 / ltr,null,drinks,beer_cider,2024-11-19
Innis & Gunn Original Beer 660ml,£3.50,£5.30 / ltr,null,drinks,beer_cider,2024-11-19
Greene King Abbot Reserve 500ml,£2.50,£5.00 / ltr,null,drinks,beer_cider,2024-11-19
Dragon Stout Bottle 284ml,£1.90,£6.69 / ltr,£1.70,drinks,beer_cider,2024-11-19
Kopparberg Premium Cider Winter Punch 10x330ml,£10.00,£30.30 / ltr,null,drinks,beer_cider,2024-11-19
Duvel Triple Hop Citra 330ml,£3.00,£9.09 / ltr,null,drinks,beer_cider,2024-11-19
BrewDog Elvis Juice Grapefruit Infused IPA 440ml,£2.85,£6.48 / ltr,null,drinks,beer_cider,2024-11-19
Brooklyn Brewery Brooklyn Pilsner Crisp Lager Beer 660ml,£2.35,£3.56 / ltr,null,drinks,beer_cider,2024-11-19
BrewDog Punk IPA Post Modern Classic 660ml,£2.75,£4.17 / ltr,null,drinks,beer_cider,2024-11-19
Legacy Blonde Ale 500ml,£2.25,£4.50 / ltr,null,drinks,beer_cider,2024-11-19
Tinny Rebel Colourway King Double IPA 440ml,£3.50,£7.95 / ltr,null,drinks,beer_cider,2024-11-19
Vault City Rhubarb & Custard Modern Sour Beer 440ml,£3.25,£7.39 / ltr,null,drinks,beer_cider,2024-11-19
Strongbow Zest Cider 440ml,£6.00,£3.41 / ltr,null,drinks,beer_cider,2024-11-19
Tripel Karmeliet Beer 75cl,£6.00,£8.00 / ltr,null,drinks,beer_cider,2024-11-19
Adnams Southwold Lighthouse Light Golden Beer 500ml,£1.65,£3.30 / ltr,null,drinks,beer_cider,2024-11-19
Shandy Shack Raspberry Lager 330ml,£1.85,£5.61 / ltr,null,drinks,beer_cider,2024-11-19
Strongbow Tropical Cider 440ml,£6.00,£3.41 / ltr,null,drinks,beer_cider,2024-11-19
Greene King Ice Breaker Unfiltered Pale Ale Beer Cans 4x440m...,£6.50,£3.69 / ltr,null,drinks,beer_cider,2024-11-19
Beavertown Bloody Ell Beer with Juice 440ml,£3.50,£7.95 / ltr,null,drinks,beer_cider,2024-11-19
Woodforde's Volt Premium IPA 500ml,£2.00,£4.00 / ltr,null,drinks,beer_cider,2024-11-19
Vault City Blackcurrant Kir Royale Modern Sour Beer 440ml,£4.00,£9.09 / ltr,null,drinks,beer_cider,2024-11-19
Outland Badger Brewery India Pale Lager 440ml,£2.85,£6.48 / ltr,null,drinks,beer_cider,2024-11-19
Vault City Triple Fruited Mango Modern Sour Beer 440ml,£3.25,£7.39 / ltr,null,drinks,beer_cider,2024-11-19
Tiny Rebel Passion Fruit Pool Party Wheat IPA 440ml,£3.50,£7.95 / ltr,null,drinks,beer_cider,2024-11-19
Brewgooder Fonio Session IPA 4x330ml,£6.50,£4.92 / ltr,null,drinks,beer_cider,2024-11-19
Outland Badger Brewery Hazy IPA 440ml,£2.85,£6.48 / ltr,null,drinks,beer_cider,2024-11-19
Outland Badger Brewery West Coast IPA 440ml,£2.85,£6.48 / ltr,null,drinks,beer_cider,2024-11-19
Strongbow Zest Cider 10x330ml,£10.00,£3.03 / ltr,£8.00,drinks,beer_cider,2024-11-19
Strongbow Zest Cider 500ml,£2.50,£5.00 / ltr,null,drinks,beer_cider,2024-11-19
Shandy Caribbean Sorrel 275ml,£1.55,£5.64 / ltr,null,drinks,beer_cider,2024-11-19
Guinness Alcohol Free 0.0% Stout Beer Cans 4x440ml,£5.00,£2.84 / ltr,null,drinks,alc_free,2024-11-19
Peroni Nastro Azzurro 0.0% Alcohol Free Beer Lager Bottles 4...,£5.25,£3.98 / ltr,null,drinks,alc_free,2024-11-19
Guinness Draught 0.0% Non Alcoholic Beer 10x440ml,£12.00,£2.73 / ltr,null,drinks,alc_free,2024-11-19
Erdinger Alkoholfrei Alcohol Free Wheat Beer 500ml,£1.75,£3.50 / ltr,null,drinks,alc_free,2024-11-19
Beck's Blue Alcohol Free Beer Bottles x6 275ml,£4.00,£2.42 / ltr,null,drinks,alc_free,2024-11-19
Nozeco 75cl,£3.50,£3.50 / 75cl,£3.00,drinks,alc_free,2024-11-19
Ghost Ship 0.5% 500ml,£1.60,£3.20 / ltr,null,drinks,alc_free,2024-11-19
Heineken 0.0 Alcohol Free Lager Beer 12x330ml,£10.00,£2.53 / ltr,£8.00,drinks,alc_free,2024-11-19
Free Damm Non-Alcoholic Lager Beer 4x330ml,£4.00,£3.03 / ltr,null,drinks,alc_free,2024-11-19
Corona Cero Alcohol Free Beer 12x330ml,£12.00,£3.03 / ltr,null,drinks,alc_free,2024-11-19
Peroni Nastro Azzurro 0.0% Alcohol Free Beer 12x330ml,£12.00,£3.03 / ltr,null,drinks,alc_free,2024-11-19
BrewDog Punk AF Alcohol Free IPA 4x330ml,£5.00,£3.79 / ltr,£4.00,drinks,alc_free,2024-11-19
Thatchers Zero 0.0% Alcohol Free Cider 500ml,£2.00,£4.00 / ltr,£1.50,drinks,alc_free,2024-11-19
Kopparberg Pear Alcohol Free 500ml,£1.50,£3.00 / ltr,£1.25,drinks,alc_free,2024-11-19
Trip CBD Infused Elderflower Mint 4x250ml,£6.50,65p / 100ml,£5.50,drinks,alc_free,2024-11-19
"Nozeco Alcohol Free Rosé Fine Sparkling, Special Edition 75c...",£3.50,£3.50 / 75cl,null,drinks,alc_free,2024-11-19
Stella Artois Premium Alcohol Free Lager Beer Bottles 4x330m...,£3.50,£2.65 / ltr,null,drinks,alc_free,2024-11-19
Trip CBD Infused Peach Ginger 4x250ml,£6.50,65p / 100ml,£5.50,drinks,alc_free,2024-11-19
Kopparberg Mixed Fruit Alcohol Free Cider 500ml,£1.50,£3.00 / ltr,£1.25,drinks,alc_free,2024-11-19
Sainsbury's Alcohol Free White 75cl,£3.25,£3.25 / 75cl,null,drinks,alc_free,2024-11-19
Sainsbury's Medium Dry Low Alcohol Apple Cider 500ml,£1.70,£3.40 / ltr,null,drinks,alc_free,2024-11-19
McGuigan Zero Sauvignon Blanc Alcohol Free 75cl,£4.00,£4.00 / 75cl,null,drinks,alc_free,2024-11-19
Sainsbury's Alcohol Free Rosé 75cl,£3.25,£3.25 / 75cl,null,drinks,alc_free,2024-11-19
Sainsbury's Alcohol Free Red 75cl,£3.25,£3.25 / 75cl,null,drinks,alc_free,2024-11-19
San Miguel Alcohol Free Lager Beer 4x330ml Bottles,£4.25,£3.22 / ltr,£3.75,drinks,alc_free,2024-11-19
Sainsbury's Non Alcoholic Merry Berry Mulled Punch 75cl,£2.75,£2.75 / 75cl,£2.00,drinks,alc_free,2024-11-19
Kopparberg Alcohol Free Premium Cider with Strawberry & Lime...,£3.75,£2.84 / ltr,null,drinks,alc_free,2024-11-19
BrewDog Alcohol Free Mixed Pack 8x330ml,£10.00,£3.79 / ltr,£8.00,drinks,alc_free,2024-11-19
Freixenet 0.0% Alcohol Free Sparkling Rosé 75cl,£5.00,£5.00 / 75cl,null,drinks,alc_free,2024-11-19
Leffe Blonde 0.0% Beer Bottles 6x250ml,£4.50,£3.00 / ltr,null,drinks,alc_free,2024-11-19
McGuigan Zero Shiraz Alcohol Free 75cl,£4.00,£4.00 / 75cl,null,drinks,alc_free,2024-11-19
Sainsbury's Alcohol Free Sparkling 75cl,£3.25,£3.25 / 75cl,null,drinks,alc_free,2024-11-19
Tanqueray Alcohol Free Spirit 70cl,£17.00,£24.29 / ltr,null,drinks,alc_free,2024-11-19
Infinite Session Alcohol Free IPA 4x330ml,£4.25,£3.22 / ltr,null,drinks,alc_free,2024-11-19
Beavertown Lazer Crush Alcohol Free IPA 4x330ml,£6.00,£4.55 / ltr,null,drinks,alc_free,2024-11-19
Brooklyn Special Effects Alcohol Free Beer Bottles 4x330ml,£4.50,£3.41 / ltr,null,drinks,alc_free,2024-11-19
Doom Bar Zero Alcohol Free Amber Ale 500ml,£2.00,£4.00 / ltr,null,drinks,alc_free,2024-11-19
Sainsbury's Pop Zero Buck's Fizz 75cl,£3.00,£3.00 / 75cl,£2.00,drinks,alc_free,2024-11-19
Freixenet 0.0% Alcohol Free Sparkling Wine 75cl,£5.00,£5.00 / 75cl,null,drinks,alc_free,2024-11-19
Budweiser Zero Alcohol Free Lager 4x330ml,£3.75,£2.84 / ltr,null,drinks,alc_free,2024-11-19
Gordon's 0.0% Alcohol Free Spirit & Tonic with a Hint of Lim...,£1.75,£7.00 / ltr,null,drinks,alc_free,2024-11-19
J2O Mocktails Strawberry & Orange Blossom Mojito 250ml,£1.30,52p / 100ml,null,drinks,alc_free,2024-11-19
Gordon's Alcohol Free 70cl,£15.00,£21.43 / ltr,null,drinks,alc_free,2024-11-19
BrewDog Alcohol Free Hazy Jane New England IPA 4×330ml,£5.00,£3.79 / ltr,null,drinks,alc_free,2024-11-19
Thatchers Zero% 4x440ml,£4.00,£2.27 / ltr,£3.75,drinks,alc_free,2024-11-19
Tanqueray Flor de Sevilla Alcohol Free 0% Spirit 70cl,£17.00,£24.29 / ltr,null,drinks,alc_free,2024-11-19
Crodino Non Alcoholic Aperitivo 3x175ml,£6.00,£11.43 / ltr,null,drinks,alc_free,2024-11-19
Days 0.0% Alcohol Free Pale Ale 4x330ml,£5.00,£3.79 / ltr,null,drinks,alc_free,2024-11-19
Sainsbury's Blanc de Blanc Low Alcohol Sparkling Chardonnay ...,£3.50,£3.50 / 75cl,null,drinks,alc_free,2024-11-19
"Captain Morgan Spiced Gold 0.0% Alcohol Free Spirit, 70cl",£16.00,£22.86 / ltr,null,drinks,alc_free,2024-11-19
Kopparberg Alcohol Free Cider Variety 10x330ml,£8.50,£2.55 / ltr,null,drinks,alc_free,2024-11-19
Asahi Super Dry 0.0% Alcohol Free Cans 4x330ml,£5.00,£3.79 / ltr,null,drinks,alc_free,2024-11-19
Gordon's Alc Free Prm Pink Dist Gin 70cl,£15.00,£21.43 / ltr,null,drinks,alc_free,2024-11-19
Beavertown Lazer Crush Alcohol Free IPA 330ml,£1.65,£5.00 / ltr,null,drinks,alc_free,2024-11-19
AW Root Beer 330ml,£1.50,45p / 100ml,null,drinks,alc_free,2024-11-19
Lucky Saint Unfiltered Lager 500ml,£2.30,£4.60 / ltr,£1.75,drinks,alc_free,2024-11-19
J2O Mocktails White Peach & Mango Daiquiri 250ml,£1.30,52p / 100ml,null,drinks,alc_free,2024-11-19
Belvoir Farm Non-Alcoholic Rhubarb & Ginger G&T 750ml,£3.25,43p / 100ml,null,drinks,alc_free,2024-11-19
Martini Vibrante Non Alcoholic Aperitivo 75cl,£10.00,£13.33 / ltr,£8.00,drinks,alc_free,2024-11-19
Old Speckled Hen Alcohol Free 0.5% Ale Beer 500ml,£1.50,£3.00 / ltr,null,drinks,alc_free,2024-11-19
Savyll Beverage Co. Non Alcoholic Cocktails 4x25cl,£8.00,£6.00 / 75cl,null,drinks,alc_free,2024-11-19
Captain Morgan Alcohol Free & Cola Ready To Drink 0.0% Vol C...,£5.00,£3.75 / 75cl,£4.50,drinks,alc_free,2024-11-19
Kopparberg Alcohol Free Premium Cider with Mixed Fruit 4x330...,£3.75,£2.84 / ltr,null,drinks,alc_free,2024-11-19
J2O Mocktails Blackberry & Blueberry Martini 250ml,£1.30,52p / 100ml,null,drinks,alc_free,2024-11-19
BrewDog Wingman Alcohol Free Session IPA 4x330ml,£5.00,£3.79 / ltr,£4.00,drinks,alc_free,2024-11-19
Erdinger Alkoholfrei Low Alcohol Wheat Beer Bottle 4x330ml,£5.00,£3.79 / ltr,£3.75,drinks,alc_free,2024-11-19
Galipette Non Alcoholic Cider,£1.80,£5.45 / ltr,null,drinks,alc_free,2024-11-19
CleanCo Clean G Rhubarb Non-alc Gin Alt,£16.00,£22.86 / ltr,null,drinks,alc_free,2024-11-19
Kopparberg Strawberry & Lime 0% 500ml,£1.50,£3.00 / ltr,£1.25,drinks,alc_free,2024-11-19
Northern Monk Holy Faith Hazy Pale Ale 4x330ml,£5.00,£3.79 / ltr,null,drinks,alc_free,2024-11-19
Old Mout Cider Berries & Cherries Alcohol Free 500ml,£1.25,£2.50 / ltr,null,drinks,alc_free,2024-11-19
CleanCo Clean G 70cl,£16.00,£22.86 / ltr,null,drinks,alc_free,2024-11-19
Shandy Shack Raspberry Lager 330ml,£1.85,£5.61 / ltr,null,drinks,alc_free,2024-11-19
Tanqueray London Dry Gin 1L,£28.50,£28.50 / ltr,£21.00,drinks,spirit,2024-11-19
Pimm's 1L,£22.00,£22.00 / ltr,null,drinks,spirit,2024-11-19
"Aperol Aperitivo, 11% ABV - Italian Spritz Cocktail 100cl",£22.00,£22.00 / ltr,null,drinks,spirit,2024-11-19
Gordon's London Dry Gin 70cl,£18.00,£25.71 / ltr,£15.00,drinks,spirit,2024-11-19
Gordon's Mediterranean Orange Distilled Gin 70cl,£18.50,£26.43 / ltr,null,drinks,spirit,2024-11-19
Grant's Triple Wood Blended Scotch Whisky 1L,£21.25,£21.25 / ltr,null,drinks,spirit,2024-11-19
Gordon's London Dry Gin 1L,£24.00,£24.00 / ltr,£19.00,drinks,spirit,2024-11-19
The Famous Grouse Finest Blended Scotch Whisky 1L,£22.75,£22.75 / ltr,£18.50,drinks,spirit,2024-11-19
"Croft Original Sherry, Original 1L",£14.75,£11.06 / 75cl,£12.00,drinks,spirit,2024-11-19
Harvey's Bristol Cream Sherry 1L,£15.00,£11.25 / 75cl,£13.00,drinks,spirit,2024-11-19
Plymouth The Original Strength English Gin 70cl,£28.00,£40.00 / ltr,£20.00,drinks,spirit,2024-11-19
Absolut Blue Original Swedish Vodka 1L,£29.00,£29.00 / ltr,£22.00,drinks,spirit,2024-11-19
Hendrick's Gin 70cl,£32.00,£45.71 / ltr,£26.00,drinks,spirit,2024-11-19
Hollow & Bourne London Dry Gin 1L,£17.00,£17.00 / ltr,null,drinks,spirit,2024-11-19
Bombay Sapphire London Dry Gin 70cl,£23.00,£32.86 / ltr,null,drinks,spirit,2024-11-19
Triple Distilled British Vodka 1L,£17.00,£17.00 / ltr,null,drinks,spirit,2024-11-19
Bacardi Carta Blanca Superior White Rum 100cl,£24.00,£24.00 / ltr,£18.00,drinks,spirit,2024-11-19
Jack Daniel's Tennessee Whiskey 1L,£35.00,£35.00 / ltr,£22.00,drinks,spirit,2024-11-19
The Glenlivet 12 Year Old Single Malt Scotch Whisky 70cl,£43.00,£61.43 / ltr,£30.00,drinks,spirit,2024-11-19
Crag & Glen Blended Scotch Whisky 1L,£18.00,£18.00 / ltr,null,drinks,spirit,2024-11-19
Warninks Original Advocaat 70cl,£13.50,£19.29 / ltr,£11.00,drinks,spirit,2024-11-19
Tanqueray London Dry Gin 70cl,£21.50,£30.71 / ltr,null,drinks,spirit,2024-11-19
Aberlour 12 Year Old Single Malt Scotch Whisky 70cl,£43.00,£61.43 / ltr,£35.00,drinks,spirit,2024-11-19
Talisker Skye Single Malt Whisky 70cl,£46.00,£65.71 / ltr,£28.00,drinks,spirit,2024-11-19
Sainsbury's Ginger Wine 70cl,£4.50,£4.82 / 75cl,null,drinks,spirit,2024-11-19
Bombay Sapphire London Dry Gin 100cl,£30.00,£30.00 / ltr,£23.00,drinks,spirit,2024-11-19
Disaronno Originale 500ml,£17.25,£34.50 / ltr,£13.00,drinks,spirit,2024-11-19
Rémy Martin VSOP Cognac Fine Champagne 70cl,£46.00,£65.71 / ltr,£35.00,drinks,spirit,2024-11-19
Bell's Blended Scotch Whisky 1L,£24.00,£24.00 / ltr,£19.00,drinks,spirit,2024-11-19
Sainsbury's London Dry Gin 70cl,£11.99,£17.13 / ltr,null,drinks,spirit,2024-11-19
Gordon's Premium Pink Distilled Gin 1L,£26.50,£26.50 / ltr,£20.00,drinks,spirit,2024-11-19
Hollow & Bourne London Dry Gin 1.5L,£25.30,£16.87 / ltr,null,drinks,spirit,2024-11-19
Tia Maria Liqueur 70cl,£16.00,£22.86 / ltr,£13.00,drinks,spirit,2024-11-19
Courvoisier VS Cognac 70cl,£33.00,£47.14 / ltr,null,drinks,spirit,2024-11-19
Sainsbury's Vodka 70cl,£11.99,£17.13 / ltr,null,drinks,spirit,2024-11-19
Napoleon Brandy VSOP 35cl,£6.75,£19.29 / ltr,null,drinks,spirit,2024-11-19
"Sainsbury's Sticky Toffee Rum Liqueur, Taste the Difference ...",£15.00,£30.00 / ltr,null,drinks,spirit,2024-11-19
Captain Morgan Spiced Rum Based Spirit Drink 1L,£24.00,£24.00 / ltr,£19.00,drinks,spirit,2024-11-19
Cockburn's Special Reserve Port 1L,£18.50,£13.88 / 75cl,null,drinks,spirit,2024-11-19
Sainsbury's Ruby Port 1L,£10.75,£8.06 / 75cl,null,drinks,spirit,2024-11-19
Sainsburys Brandy 70cl,£13.00,£18.57 / ltr,null,drinks,spirit,2024-11-19
Napoleon Brandy VSOP 1L,£18.00,£18.00 / ltr,null,drinks,spirit,2024-11-19
Cointreau Triple Sec Orange Liqueur 50cl,£18.50,£37.00 / ltr,£15.00,drinks,spirit,2024-11-19
Jameson Triple Distilled Blended Irish Whiskey 1L,£32.50,£32.50 / ltr,£26.00,drinks,spirit,2024-11-19
Laphroaig Islay Single Malt Scotch Whisky 10 Year Old 70cl,£41.00,£58.57 / ltr,null,drinks,spirit,2024-11-19
Tanqueray No.Ten Batch Distilled Gin 70cl,£35.00,£50.00 / ltr,£27.50,drinks,spirit,2024-11-19
Taylor's Late Bottled Vintage Port 75cl,£20.00,£20.00 / 75cl,£15.00,drinks,spirit,2024-11-19
"Sainsbury's Tiramisu Rum Liqueur, Taste the Difference 50cl",£15.00,£30.00 / ltr,null,drinks,spirit,2024-11-19
Glenfiddich 15 Year Old Single Malt Scotch Whisky 70cl,£52.00,£74.29 / ltr,£42.00,drinks,spirit,2024-11-19
Malfy Rosa Pink Grapefruit Flavoured Gin 70cl,£30.00,£42.86 / ltr,£23.00,drinks,spirit,2024-11-19
Grey Goose Premium French Vodka 70cl,£41.50,£59.29 / ltr,£30.00,drinks,spirit,2024-11-19
Cardhu Gold Reserve Single Malt Scotch Whisky 70cl,£48.00,£68.57 / ltr,£30.00,drinks,spirit,2024-11-19
Malibu Original White Rum with Coconut Flavour 70cl,£15.95,£22.79 / ltr,£12.00,drinks,spirit,2024-11-19
Whyte & Mackay Blended Scotch Whisky 1L,£21.25,£21.25 / ltr,£18.50,drinks,spirit,2024-11-19
Disaronno Velvet Liqueur 50cl,£17.50,£35.00 / ltr,£10.00,drinks,spirit,2024-11-19
Stone's Original Ginger Wine 700ml,£7.50,£8.04 / 75cl,null,drinks,spirit,2024-11-19
Courvoisier VS Cognac 1L,£43.50,£43.50 / ltr,null,drinks,spirit,2024-11-19
Bacardí Spiced Premium Spirit Rum Drink 1L,£24.00,£24.00 / ltr,£18.00,drinks,spirit,2024-11-19
Sainsbury's Vermouth Extra Dry 1L,£8.00,£6.00 / 75cl,null,drinks,spirit,2024-11-19
Sainsbury's Winemakers' Selection Pale Cream British Fortifi...,£6.75,£5.06 / 75cl,null,drinks,spirit,2024-11-19
"Sainsbury's Irish Cream Liqueur, Taste the Difference 70cl",£13.00,£18.57 / ltr,£9.00,drinks,spirit,2024-11-19
Tio Pepe Fino Sherry 75cl,£13.25,£13.25 / 75cl,£11.00,drinks,spirit,2024-11-19
Martini Rosso Vermouth Aperitivo 75cl,£12.50,£12.50 / 75cl,£10.00,drinks,spirit,2024-11-19
Tanqueray Flor de Sevilla Distilled Orange Flavoured Gin 70c...,£27.00,£38.57 / ltr,£20.00,drinks,spirit,2024-11-19
Jameson Black Barrel Triple Distilled Irish Whiskey 70cl,£39.00,£55.71 / ltr,£26.00,drinks,spirit,2024-11-19
Sainsbury's Tawny Port 75cl,£8.75,£8.75 / 75cl,null,drinks,spirit,2024-11-19
Fundador Brandy de Jerez Solera 1L,£22.00,£22.00 / ltr,null,drinks,spirit,2024-11-19
Malfy Con Arancia Blood Orange Flavoured Gin 70cl,£30.00,£42.86 / ltr,£23.00,drinks,spirit,2024-11-19
Jack Daniel's Tennessee Whiskey 70cl,£27.00,£38.57 / ltr,£19.00,drinks,spirit,2024-11-19
"Sainsbury's Berry Compote Gin Liqueur, Taste the Difference ...",£15.00,£30.00 / ltr,null,drinks,spirit,2024-11-19
"Campari Bitter, 25% ABV - Italian Spirit Aperitif Cocktail 7...",£18.00,£25.71 / ltr,£15.50,drinks,spirit,2024-11-19
Baileys Original Irish Cream 70cl,£16.50,£23.57 / ltr,null,drinks,spirit,2024-11-19
De Kuyper Cherry Brandy Liqueur 50cl,£12.75,£25.50 / ltr,£11.00,drinks,spirit,2024-11-19
Chivas Regal 12 Year Old Blended Scotch Whisky 70cl,£30.50,£43.57 / ltr,null,drinks,spirit,2024-11-19
Sipsmith London Dry Gin 70cl,£30.00,£42.86 / ltr,null,drinks,spirit,2024-11-19
Hendrick's Grand Cabaret Gin 70cl,£31.50,£45.00 / ltr,£26.00,drinks,spirit,2024-11-19
"Sainsbury's Blackfriars Gin, Taste the Difference 70cl",£19.50,£27.86 / ltr,null,drinks,spirit,2024-11-19
Sainsbury's Blended Scotch Whisky 70cl,£12.89,£18.41 / ltr,null,drinks,spirit,2024-11-19
Bardinet VSOP Brandy 1L,£21.50,£21.50 / ltr,£18.00,drinks,spirit,2024-11-19
Cockburn's Classic Port Selection,£5.00,£5.00 / ea,£4.50,drinks,spirit,2024-11-19
"Sainsbury's Dry Fino Sherry, Taste the Difference 50cl",£9.50,£14.25 / 75cl,£8.00,drinks,spirit,2024-11-19
Lamb's Genuine Navy Dark Rum 1L,£24.50,£24.50 / ltr,null,drinks,spirit,2024-11-19
Kahlua Coffee Liqueur 70cl,£16.50,£23.57 / ltr,£12.00,drinks,spirit,2024-11-19
Jura Single Malt Scotch Whisky Bourbon Cask 70cl,£37.00,£52.86 / ltr,£22.00,drinks,spirit,2024-11-19
Jim Beam Kentucky Straight Bourbon Whiskey 1L,£27.00,£27.00 / ltr,null,drinks,spirit,2024-11-19
Tanqueray Alcohol Free Spirit 70cl,£17.00,£24.29 / ltr,null,drinks,spirit,2024-11-19
Dow's Trademark Finest Reserve Port 75cl,£12.75,£12.75 / 75cl,£10.00,drinks,spirit,2024-11-19
ROKU Japanese Craft Gin 70cl,£31.00,£44.29 / ltr,null,drinks,spirit,2024-11-19
Southern Comfort 70cl,£22.00,£31.43 / ltr,null,drinks,spirit,2024-11-19
Whyte & Mackay Blended Scotch Whisky 70cl,£16.75,£23.93 / ltr,null,drinks,spirit,2024-11-19
Glenfiddich 12 Year Old Single Malt Scotch Whisky 70cl,£41.50,£59.29 / ltr,£30.00,drinks,spirit,2024-11-19
Caribbean Pearl White Rum 1L,£17.00,£17.00 / ltr,null,drinks,spirit,2024-11-19
Jack Daniel's Tennessee Honey Whiskey 70cl,£27.00,£38.57 / ltr,£18.00,drinks,spirit,2024-11-19
Jameson Triple Distilled Blended Irish Whiskey 70cl,£25.00,£35.71 / ltr,£20.00,drinks,spirit,2024-11-19
Caribbean Pearl Dark Rum 70cl,£13.00,£18.57 / ltr,null,drinks,spirit,2024-11-19
Soberano 5 Brandy Reserva 70cl,£16.50,£23.57 / ltr,£14.50,drinks,spirit,2024-11-19
Havana Club 7 Year Old Dark Rum 70cl,£28.00,£40.00 / ltr,£20.00,drinks,spirit,2024-11-19
Sainsbury's Winemakers' Selection Cream British Fortified Wi...,£6.75,£5.06 / 75cl,null,drinks,spirit,2024-11-19
Johnnie Walker Black Label Blended Scotch Whisky 70cl,£35.00,£50.00 / ltr,£23.00,drinks,spirit,2024-11-19
Disaronno Originale 1L,£26.25,£26.25 / ltr,null,drinks,spirit,2024-11-19
Hotel Chocolat Espresso Martini,£7.50,£7.50 / ea,£6.50,drinks,spirit,2024-11-19
The Famous Grouse Finest Blended Scotch Whisky 70cl,£17.75,£25.36 / ltr,null,drinks,spirit,2024-11-19
Malibu Original White Rum with Coconut Flavour 1L,£21.95,£21.95 / ltr,null,drinks,spirit,2024-11-19
Baileys Hot Chocolate Set,£9.00,£9.00 / ea,£6.50,drinks,spirit,2024-11-19
Sainsbury's Gin & Rose Lemonade 250ml,£1.20,£4.80 / ltr,null,drinks,spirit,2024-11-19
Sainsbury's Gin & Rhubarb & Ginger 250ml,£1.20,£4.80 / ltr,null,drinks,spirit,2024-11-19
Jack Daniel's Tennessee Honey Whiskey 1L,£35.00,£35.00 / ltr,£22.00,drinks,spirit,2024-11-19
Snowball Lemonade Advocaat & Lime 4x200ml,£6.00,£7.50 / ltr,£5.50,drinks,spirit,2024-11-19
Captain Morgan Spiced Gold Rum Based Spirit Drink 70cl,£19.00,£27.14 / ltr,£15.00,drinks,spirit,2024-11-19
The Kraken Black Spiced Rum Black Cherry & Madagascan Vanill...,£26.50,£37.86 / ltr,null,drinks,spirit,2024-11-19
Sainsbury's Winemakers' Selection Medium British Fortified W...,£6.75,£5.06 / 75cl,null,drinks,spirit,2024-11-19
J.J Whitley Artisanal Vodka 1L,£23.00,£23.00 / ltr,£17.50,drinks,spirit,2024-11-19
The Kraken Black Spiced Rum 70cl,£26.50,£37.86 / ltr,£20.00,drinks,spirit,2024-11-19
Chambord 20cl,£8.00,£40.00 / ltr,£6.50,drinks,spirit,2024-11-19
Smirnoff Ice Original Vodka Mixed Drink 70cl,£3.65,£5.21 / ltr,null,drinks,spirit,2024-11-19
Glayva Blended Scotch Whisky Liqueur 50cl,£19.00,£38.00 / ltr,£14.00,drinks,spirit,2024-11-19
Martini Extra Dry Vermouth Aperitivo 75cl,£12.50,£12.50 / 75cl,£10.00,drinks,spirit,2024-11-19
Whitley Neill Black Cherry Gin 70cl,£29.50,£42.14 / ltr,null,drinks,spirit,2024-11-19
Havana Club Especial Golden Rum 70cl,£23.00,£32.86 / ltr,null,drinks,spirit,2024-11-19
Sainsbury's Vermouth Bianco 1L,£8.00,£6.00 / 75cl,null,drinks,spirit,2024-11-19
Absolut Vanilla Flavoured Swedish Vodka 70cl,£22.00,£31.43 / ltr,£18.00,drinks,spirit,2024-11-19
Gordon's Morello Cherry Distilled Gin 70cl,£18.50,£26.43 / ltr,null,drinks,spirit,2024-11-19
Jura 10 Year Old Single Malt Whisky 70cl,£40.00,£57.14 / ltr,£27.00,drinks,spirit,2024-11-19
Tequila Rose Strawberry Cream 500ml,£14.00,£28.00 / ltr,null,drinks,spirit,2024-11-19
Glenmorangie Original 12 Years Old 70cl,£40.00,£57.14 / ltr,£29.00,drinks,spirit,2024-11-19
Veroni Amaretto Classic Almond Flavour 50cl,£7.00,£14.00 / ltr,null,drinks,spirit,2024-11-19
Jack Daniel's & Coca-Cola 330ml,£2.25,£6.82 / ltr,null,drinks,spirit,2024-11-19
Caribbean Pearl Dark Rum 35cl,£6.80,£19.43 / ltr,null,drinks,spirit,2024-11-19
Sainsbury's Vermouth Rosso 1L,£8.00,£6.00 / 75cl,null,drinks,spirit,2024-11-19
Dead Man's Fingers Spiced Rum 70cl,£25.00,£35.71 / ltr,null,drinks,spirit,2024-11-19
Bacardi Mojito Premix Rum Cocktail 25cl,£2.00,£8.00 / ltr,null,drinks,spirit,2024-11-19
Singleton Malt Master's Selection 70cl,£40.00,£57.14 / ltr,null,drinks,spirit,2024-11-19
Sainsbury's VS Grand Cru Cognac 70cl,£22.00,£31.43 / ltr,null,drinks,spirit,2024-11-19
Triple Distilled British Vodka 70cl,£13.00,£18.57 / ltr,null,drinks,spirit,2024-11-19
Gordon's 0.0% Alcohol Free Spirit & Tonic with a Hint of Lim...,£1.75,£7.00 / ltr,null,drinks,spirit,2024-11-19
"Sainsbury's 12 Year Old Sweet Pedro Ximenez, Taste the Diffe...",£10.00,£15.00 / 75cl,£8.50,drinks,spirit,2024-11-19
Funkin Nitro Cocktails Passion Fruit Martini 200ml,£2.25,£11.25 / ltr,null,drinks,spirit,2024-11-19
Gordon's London Dry Gin & Tonic Ready To Drink 5% Vol Cans 6...,£10.00,£6.67 / ltr,null,drinks,spirit,2024-11-19
Gordon's Alcohol Free 70cl,£15.00,£21.43 / ltr,null,drinks,spirit,2024-11-19
Whitley Neill Rhubarb & Ginger Gin 70cl,£29.50,£42.14 / ltr,£20.00,drinks,spirit,2024-11-19
Malibu Piña Colada Pre-Mixed Can 250ml,£2.20,£8.80 / ltr,null,drinks,spirit,2024-11-19
Bacardi Carta Blanca Superior White Rum 70cl,£17.75,£25.36 / ltr,null,drinks,spirit,2024-11-19
Sainsbury's Gin & Diet Tonic 4x250ml,£3.80,£3.80 / ltr,null,drinks,spirit,2024-11-19
Auchentoshan American Oak Single Malt Scotch Whisky 70cl,£34.00,£48.57 / ltr,£22.00,drinks,spirit,2024-11-19
Mount Gay Eclipse Barbados Golden Rum 70cl,£24.00,£34.29 / ltr,£20.00,drinks,spirit,2024-11-19
Napoleon Brandy VSOP 70cl,£13.00,£18.57 / ltr,null,drinks,spirit,2024-11-19
Drambuie Whisky Liqueur 50cl,£21.00,£42.00 / ltr,£15.00,drinks,spirit,2024-11-19
Sainsbury's Caribbean Pearl Superior Dark Rum 1 Litre,£17.00,£17.00 / ltr,null,drinks,spirit,2024-11-19
Olmeca Altos 100% Agave Plata Tequila 70cl,£27.00,£38.57 / ltr,£21.00,drinks,spirit,2024-11-19
J.J Whitley Artisanal Vodka 70cl,£17.50,£25.00 / ltr,null,drinks,spirit,2024-11-19
Tanqueray Flor de Sevilla Alcohol Free 0% Spirit 70cl,£17.00,£24.29 / ltr,null,drinks,spirit,2024-11-19
Whitley Neill Raspberry Gin 70cl,£29.50,£42.14 / ltr,null,drinks,spirit,2024-11-19
Bushmills Original Irish Whiskey 70cl,£22.50,£32.14 / ltr,null,drinks,spirit,2024-11-19
Talisker 10 Year Old Single Malt Scotch Whisky 70cl,£51.00,£72.86 / ltr,null,drinks,spirit,2024-11-19
Taylor's 10 Year Old Tawny Port 75cl,£30.00,£30.00 / 75cl,£24.00,drinks,spirit,2024-11-19
Triple Distilled British Vodka 35cl,£6.80,£19.43 / ltr,null,drinks,spirit,2024-11-19
Smirnoff Raspberry Crush Flavoured Vodka 70cl,£18.50,£26.43 / ltr,null,drinks,spirit,2024-11-19
Three Barrels VSOP Brandy 70cl,£20.00,£28.57 / ltr,£14.50,drinks,spirit,2024-11-19
The Glenlivet Founder's Reserve Single Malt Scotch Whisky 70...,£35.00,£50.00 / ltr,£25.00,drinks,spirit,2024-11-19
Gordon's Premium Pink Distilled Flavoured Gin & Tonic 10x250...,£15.50,£6.20 / ltr,£13.50,drinks,spirit,2024-11-19
MOTH Margarita 125ml,£3.95,£31.60 / ltr,null,drinks,spirit,2024-11-19
Bombay Sapphire Gin & Tonic Premix Cocktail 25cl,£2.50,£10.00 / ltr,null,drinks,spirit,2024-11-19
Bushmills 10 Year Old Irish Malt Whiskey 70cl,£37.00,£52.86 / ltr,£25.00,drinks,spirit,2024-11-19
White Claw Hard Seltzer Variety Pack 8x330ml,£13.50,£5.11 / ltr,£10.00,drinks,spirit,2024-11-19
W. & J. Graham's Late Bottled Vintage Port 75cl,£18.00,£18.00 / 75cl,£12.50,drinks,spirit,2024-11-19
Blue Tree a Selection of Whiskies,£11.00,£11.00 / ea,£8.00,drinks,spirit,2024-11-19
Tanqueray Flor de Sevilla Gin and Tonic 250ml,£2.50,£10.00 / ltr,null,drinks,spirit,2024-11-19
Glenfiddich Single Malt Scotch Whisky Gift Pack 3x5cl,£14.00,£14.00 / ea,£12.00,drinks,spirit,2024-11-19
BLOOM London Dry Gin 70cl,£28.00,£40.00 / ltr,null,drinks,spirit,2024-11-19
Balvenie DoubleWood 12 Year Old Single Malt Scotch Whisky 70...,£47.00,£67.14 / ltr,null,drinks,spirit,2024-11-19
Funkin Nitro Cocktails Piña Colada 200ml,£2.25,£11.25 / ltr,null,drinks,spirit,2024-11-19
MOTH Mojito 200ml,£3.95,£19.75 / ltr,null,drinks,spirit,2024-11-19
Aperol Aperitivo 70cl,£17.00,£24.29 / ltr,£13.00,drinks,spirit,2024-11-19
Ciroc Premium French Vodka 70cl,£41.00,£58.57 / ltr,£28.00,drinks,spirit,2024-11-19
Curacao Triple Sec Orange Liqueur 35ml,£9.00,£25.71 / ltr,null,drinks,spirit,2024-11-19
Sainsbury's Gin and Tonic 4x250ml,£3.80,£3.80 / ltr,null,drinks,spirit,2024-11-19
Funkin Nitro Cocktails Espresso Martini 200ml,£2.25,£11.25 / ltr,null,drinks,spirit,2024-11-19
Pernod Aniseed Liqueur 70cl,£21.50,£30.71 / ltr,£18.75,drinks,spirit,2024-11-19
Gordon's Gin & Tonic 250ml,£2.20,£8.80 / ltr,null,drinks,spirit,2024-11-19
Smirnoff Red Label Vodka 70cl,£18.00,£25.71 / ltr,£15.00,drinks,spirit,2024-11-19
Tullibardine Sauternes Finish Malt Whisky 70cl,£47.00,£67.14 / ltr,null,drinks,spirit,2024-11-19
Sipsmith London Mini Trio of Gins Gift Set,£13.50,£13.50 / ea,£10.00,drinks,spirit,2024-11-19
Southern Comfort 1L,£30.00,£30.00 / ltr,£18.00,drinks,spirit,2024-11-19
Jack Daniel's Family of Brands 3x5cl,£14.00,£14.00 / ea,£12.00,drinks,spirit,2024-11-19
Crodino Non Alcoholic Aperitivo 3x175ml,£6.00,£11.43 / ltr,null,drinks,spirit,2024-11-19
Birra Moretti Premium Lager & Pint Glass,£8.00,£8.00 / ea,£6.50,drinks,spirit,2024-11-19
Sailor Jerry The Original Spiced Caribbean Rum 70cl,£22.00,£31.43 / ltr,null,drinks,spirit,2024-11-19
Sierra Silver Tequila 50cl,£16.50,£33.00 / ltr,null,drinks,spirit,2024-11-19
Sainsbury's Blood Orange Gin & Tonic 250ml,£1.20,£4.80 / ltr,null,drinks,spirit,2024-11-19
Monin Grenadine Syrup 25cl,£3.45,£13.80 / ltr,£3.00,drinks,spirit,2024-11-19
Malibu Coconut Rum & Pineapple Pre-Mixed Can 250ml,£2.20,£8.80 / ltr,null,drinks,spirit,2024-11-19
Pallini Limoncello 50cl,£15.75,£31.50 / ltr,£13.50,drinks,spirit,2024-11-19
Laphroaig Islay Select Single Malt Whisky 70cl,£36.00,£51.43 / ltr,£25.00,drinks,spirit,2024-11-19
Martini Bianco Vermouth Aperitivo 75cl,£12.50,£12.50 / 75cl,null,drinks,spirit,2024-11-19
J.J Whitley Raspberry Vodka 1L,£21.00,£21.00 / ltr,null,drinks,spirit,2024-11-19
Edinburgh Gin Distillery Rhubarb & Ginger Liqueur 50cl,£15.00,£30.00 / ltr,£12.00,drinks,spirit,2024-11-19
Smirnoff Red Label Vodka 35cl,£11.00,£31.43 / ltr,null,drinks,spirit,2024-11-19
Blue Tree a Taste of Prosecco,£6.75,£6.75 / ea,£6.00,drinks,spirit,2024-11-19
Glen Moray Malt Whisky 70cl,£24.00,£34.29 / ltr,£19.00,drinks,spirit,2024-11-19
Hennessy VS Cognac 70cl,£37.50,£53.57 / ltr,null,drinks,spirit,2024-11-19
Harveys The Bristol Cream Solera Sherry 75cl,£13.50,£13.50 / 75cl,£11.00,drinks,spirit,2024-11-19
Bell's Blended Scotch Whisky 70cl,£17.75,£25.36 / ltr,£15.00,drinks,spirit,2024-11-19
Caribbean Pearl White Rum 35cl,£6.80,£19.43 / ltr,null,drinks,spirit,2024-11-19
Crème De Cassis de Dijon Blackcurrant Liqueur 35cl,£9.00,£25.71 / ltr,null,drinks,spirit,2024-11-19
Funkin Nitro Cocktails Strawberry Daiquiri 200ml,£2.25,£11.25 / ltr,null,drinks,spirit,2024-11-19
El Jimador Tequila Blanco 70cl,£25.50,£36.43 / ltr,£21.00,drinks,spirit,2024-11-19
CocoCariba Tropical Alcoholic Caribbean Rum & Coconut Flavou...,£7.50,£10.71 / ltr,null,drinks,spirit,2024-11-19
Absolut Raspberry Flavored Vodka 700ml,£22.00,£31.43 / ltr,null,drinks,spirit,2024-11-19
Bardinet VSOP Finest Brandy 70cl,£16.00,£22.86 / ltr,null,drinks,spirit,2024-11-19
Sainsbury's Spiced Rum & Cola 250ml,£1.20,£4.80 / ltr,null,drinks,spirit,2024-11-19
WKD Alcoholic Mix Blue Original x10 250ml,£12.35,£4.94 / ltr,£10.00,drinks,spirit,2024-11-19
Grant's Triple Wood Blended Scotch Whisky 70cl,£15.25,£21.79 / ltr,£14.00,drinks,spirit,2024-11-19
Stoli The Original Vodka 70cl,£21.50,£30.71 / ltr,£17.00,drinks,spirit,2024-11-19
Edinburgh Gin Rhubarb & Ginger Gin Liqueur 250ml,£2.25,£9.00 / ltr,null,drinks,spirit,2024-11-19
The Whisky Collection,£15.00,£15.00 / ea,£13.00,drinks,spirit,2024-11-19
Ciroc Tropical Passion Sparkling Vodka Can Drink 250ml,£2.90,£11.60 / ltr,null,drinks,spirit,2024-11-19
Gordon's Special Dry London Gin & Slimline Tonic Ready to Dr...,£2.20,£8.80 / ltr,null,drinks,spirit,2024-11-19
"Captain Morgan Spiced Gold 0.0% Alcohol Free Spirit, 70cl",£16.00,£22.86 / ltr,null,drinks,spirit,2024-11-19
Au Vodka Blue Raspberry Soda Made with Vodka 33cl,£3.10,£9.39 / ltr,null,drinks,spirit,2024-11-19
Hotel Chocolat Premium Collection 3x5cl,£12.00,£12.00 / ea,£10.00,drinks,spirit,2024-11-19
Gordon's Premium Pink Distilled Gin & Tonic 250ml,£2.20,£8.80 / ltr,null,drinks,spirit,2024-11-19
Moth Espresso Martini 125ml,£3.95,£31.60 / ltr,null,drinks,spirit,2024-11-19
Angels Peach Schnapps 70cl,£7.50,£10.71 / ltr,null,drinks,spirit,2024-11-19
Smirnoff Red Label Vodka & Diet Cola Ready to Drink 250ml,£2.00,£8.00 / ltr,null,drinks,spirit,2024-11-19
Three Barrels VSOP Brandy 35cl,£10.75,£30.71 / ltr,null,drinks,spirit,2024-11-19
Supermalt Less Sugar Non-Alcoholic Malt Beverage with B Vita...,£5.00,25p / 100ml,null,drinks,spirit,2024-11-19
Tullamore D.E.W. Irish Whiskey 70cl,£21.50,£30.71 / ltr,null,drinks,spirit,2024-11-19
Smirnoff Ice Raspberry Ready To Drink Premix Bottle 700ml,£3.65,£5.21 / ltr,£3.25,drinks,spirit,2024-11-19
The Singleton of Dufftown 12 Year Old Single Malt Scotch Whi...,£44.00,£62.86 / ltr,£28.00,drinks,spirit,2024-11-19
Captain Morgan Dark Rum 70cl,£18.50,£26.43 / ltr,£16.00,drinks,spirit,2024-11-19
Maker's Mark Kentucky Straight Bourbon Whisky 70cl,£33.00,£47.14 / ltr,£25.00,drinks,spirit,2024-11-19
Gordon's Sloe Flavoured Gin Bottle 26% Vol 70cl,£20.00,£28.57 / ltr,£15.00,drinks,spirit,2024-11-19
Antica Sambuca Classic 70cl,£17.75,£25.36 / ltr,null,drinks,spirit,2024-11-19
WKD Blue 4x250ml,£5.25,£5.25 / ltr,null,drinks,spirit,2024-11-19
WKD Blue Alcoholic Ready to Drink 700ml,£3.80,£5.43 / ltr,£3.25,drinks,spirit,2024-11-19
"Wray and Nephew Rum, 63% ABV - White Overproof Jamaica Rum 7...",£30.00,£42.86 / ltr,null,drinks,spirit,2024-11-19
Moth Paloma Tequila Grapefruit Soda Lime 200ml,£3.95,£19.75 / ltr,null,drinks,spirit,2024-11-19
Crag & Glen Blended Scotch Whisky 35cl,£7.25,£20.71 / ltr,null,drinks,spirit,2024-11-19
Gordon's Premium Pink Distilled Flavoured Gin 70cl,£18.50,£26.43 / ltr,£15.00,drinks,spirit,2024-11-19
Gordon's Alc Free Prm Pink Dist Gin 70cl,£15.00,£21.43 / ltr,null,drinks,spirit,2024-11-19
Tamnavulin Speyside Single Malt Scotch Whisky Double Cask 70...,£34.00,£48.57 / ltr,£22.00,drinks,spirit,2024-11-19
Moth Cosmopolitan Vodka Triple Sec Cranberry Lime 125ml,£3.95,£31.60 / ltr,null,drinks,spirit,2024-11-19
The Botanist Islay Dry Gin 70cl,£37.00,£52.86 / ltr,£27.50,drinks,spirit,2024-11-19
Tanqueray Rangpur Lime Gin 41.3% Vol 70cl,£27.00,£38.57 / ltr,£20.00,drinks,spirit,2024-11-19
The Famous Grouse Smoky Black Blended Scotch Whisky 70cl,£21.25,£30.36 / ltr,£16.00,drinks,spirit,2024-11-19
Blandy's Madeira Duke of Clarence 75cl,£14.50,£14.50 / 75cl,£10.50,drinks,spirit,2024-11-19
Bombay Citron Presse Mediterranean Lemon Distilled Gin 70cl,£25.00,£35.71 / ltr,null,drinks,spirit,2024-11-19
Gordon's London Dry Gin & Diet Tonic Ready To Drink 5% Vol C...,£10.00,£6.67 / ltr,null,drinks,spirit,2024-11-19
Hollow & Bourne London Dry Gin 35cl,£6.80,£19.43 / ltr,null,drinks,spirit,2024-11-19
Jose Cuervo Especial Reposado Tequila 70cl,£24.00,£34.29 / ltr,null,drinks,spirit,2024-11-19
Sainsbury's Vodka Lime & Soda 250ml,£1.20,£4.80 / ltr,null,drinks,spirit,2024-11-19
Smirnoff Ready To Drink Premix Raspberry Crush & Lemonade 25...,£2.00,£8.00 / ltr,null,drinks,spirit,2024-11-19
Jura Single Malt Rum Cask 70cl,£39.00,£55.71 / ltr,null,drinks,spirit,2024-11-19
Bloody Drinks Classic Bloody Mary 250ml,£3.20,£12.80 / ltr,null,drinks,spirit,2024-11-19
Baileys Flavours Trio & Tumbler,£12.00,£12.00 / ea,£10.00,drinks,spirit,2024-11-19
Funkin Nitro Cocktails Blue Raspberry Martini 200ml,£2.25,£11.25 / ltr,null,drinks,spirit,2024-11-19
Angostura Bitters 20cl,£11.00,£55.00 / ltr,null,drinks,spirit,2024-11-19
Gordon's Sicilian Lemon Distilled Flavoured Gin 37.5% Vol Bo...,£18.50,£26.43 / ltr,£15.00,drinks,spirit,2024-11-19
Blue Tree the Baby Guinness Cocktail Gift Set,£8.00,£8.00 / ea,£7.00,drinks,spirit,2024-11-19
Nemiroff De Luxe Premium Vodka 100cl,£26.50,£26.50 / ltr,£20.00,drinks,spirit,2024-11-19
Archers & Lemonade Ready to Drink 250ml,£2.20,£8.80 / ltr,null,drinks,spirit,2024-11-19
Sainsbury's Gin & Light Tonic with London Dry Gin 12x250ml,£11.50,£3.83 / ltr,null,drinks,spirit,2024-11-19
Ron Santiago de Cuba Carta Blanca Rum 70cl,£19.00,£27.14 / ltr,£14.50,drinks,spirit,2024-11-19
Freixenet Prosecco D.O.C & Scented Candle,£9.50,£9.50 / ea,£7.00,drinks,spirit,2024-11-19
Guinness Original & Bobble Hat 500ml,£10.00,£10.00 / ea,£8.00,drinks,spirit,2024-11-19
Funkin Nitro Cocktails Passion Fruit Martini Sharing Pack 8x...,£13.00,£8.13 / ltr,null,drinks,spirit,2024-11-19
The Vodka Collection,£12.00,£12.00 / ea,£10.00,drinks,spirit,2024-11-19
Aerstone Single Malt Scotch Whisky Aged 10 Years Land Cask 7...,£34.00,£48.57 / ltr,null,drinks,spirit,2024-11-19
Woodford Reserve Bourbon Whiskey 70cl,£37.00,£52.86 / ltr,£27.00,drinks,spirit,2024-11-19
Loch Lomond Classic Single Malt Scotch Whisky 70cl,£27.00,£38.57 / ltr,null,drinks,spirit,2024-11-19
Zubrowka Bison Grass Polish Vodka 70cl,£23.00,£32.86 / ltr,null,drinks,spirit,2024-11-19
Funkin Cocktails Mixed Pack 8x200ml,£13.00,£8.13 / ltr,null,drinks,spirit,2024-11-19
Bacardi Raspberry Mojito Premix Rum Cocktail 25cl,£2.00,£8.00 / ltr,null,drinks,spirit,2024-11-19
Sainsbury's Raspberry Mojito 250ml,£1.40,£5.60 / ltr,null,drinks,spirit,2024-11-19
Appleton Estate Signature Jamaica Rum 70cl,£26.50,£37.86 / ltr,null,drinks,spirit,2024-11-19
Tails Cocktails Espresso Martini Cocktail Premixed Vodka Coc...,£15.00,£30.00 / ltr,null,drinks,spirit,2024-11-19
Jim Beam Red Stag Black Cherry Kentucky Bourbon Whiskey 70cl,£19.00,£27.14 / ltr,null,drinks,spirit,2024-11-19
Frïs Vodka 1L,£19.00,£19.00 / ltr,£17.00,drinks,spirit,2024-11-19
"Sainsbury's Highland Malt Scotch Whisky, Taste the Differenc...",£22.50,£32.14 / ltr,£20.00,drinks,spirit,2024-11-19
Gordon's Premium Pink Gin & Tonic Ready To Drink 5% Vol Cans...,£10.00,£6.67 / ltr,null,drinks,spirit,2024-11-19
BrewDog Distilling Co. Abstrakt Vodka Madagascan Vanilla x T...,£21.50,£30.71 / ltr,£18.00,drinks,spirit,2024-11-19
Malibu Coconut Rum & Cola Pre-Mixed Can 250ml,£2.20,£8.80 / ltr,null,drinks,spirit,2024-11-19
El Rayo Plata Tequila 70cl,£34.00,£48.57 / ltr,£28.00,drinks,spirit,2024-11-19
Absolut Wild Berri Berry Flavoured Vodka 700ml,£22.00,£31.43 / ltr,null,drinks,spirit,2024-11-19
Edinburgh Gin Raspberry Liqueur & Scented Candle,£6.75,£6.75 / ea,£5.00,drinks,spirit,2024-11-19
Greenall's the Original London Dry Gin 70cl,£17.50,£25.00 / ltr,£14.50,drinks,spirit,2024-11-19
Olmeca Altos 100% Agave Reposado Tequila 70cl,£29.00,£41.43 / ltr,null,drinks,spirit,2024-11-19
Tanqueray London Dry Gin & Glass,£6.00,£6.00 / ea,£5.00,drinks,spirit,2024-11-19
Blue Tree Tequila Rose Strawberry Cream x2 50ml,£8.00,£8.00 / ea,£6.50,drinks,spirit,2024-11-19
Jagermeister 70cl,£21.00,£30.00 / ltr,£17.00,drinks,spirit,2024-11-19
Sainsbury's Gin & Tonic 250ml,£1.00,£4.00 / ltr,null,drinks,spirit,2024-11-19
Mojito with White Rum 25cl,£1.40,£5.60 / ltr,null,drinks,spirit,2024-11-19
Courvoisier VSOP Cognac 70cl,£42.00,£60.00 / ltr,£29.00,drinks,spirit,2024-11-19
Sourz Cherry Liqueur 70cl,£11.00,£15.71 / ltr,null,drinks,spirit,2024-11-19
Bunnahabhain Stiuireadair Islay Single Malt Scotch Whisky 70...,£34.00,£48.57 / ltr,£27.50,drinks,spirit,2024-11-19
Beefeater Pink Strawberry Flavoured Gin 70cl,£18.00,£25.71 / ltr,£15.50,drinks,spirit,2024-11-19
Sierra Reposado Tequila 50cl,£17.50,£35.00 / ltr,null,drinks,spirit,2024-11-19
Ballantine's Finest Blended Scotch Whisky 70cl,£25.50,£36.43 / ltr,null,drinks,spirit,2024-11-19
Opihr Oriental Spiced London Dry Gin 70cl,£27.00,£38.57 / ltr,£22.00,drinks,spirit,2024-11-19
Kopparberg Gin & Lemonade Strawberry & Lime 250ml,£1.95,£7.80 / ltr,null,drinks,spirit,2024-11-19
Greenall's Wild Berry Pink Gin 70cl,£17.50,£25.00 / ltr,£15.50,drinks,spirit,2024-11-19
Martini Vibrante Non Alcoholic Aperitivo 75cl,£10.00,£13.33 / ltr,£8.00,drinks,spirit,2024-11-19
Smirnoff Mango & Passionfruit Twist Flavoured Vodka 70cl,£18.50,£26.43 / ltr,null,drinks,spirit,2024-11-19
Buffalo Trace Kentucky Bourbon 70cl,£26.00,£37.14 / ltr,null,drinks,spirit,2024-11-19
Jim Beam Kentucky Straight Bourbon Whiskey 70cl,£20.00,£28.57 / ltr,£16.00,drinks,spirit,2024-11-19
Sainsbury's Pink Gin & Tonic 250ml,£1.20,£4.80 / ltr,null,drinks,spirit,2024-11-19
Whitley Neill Gin Japanese Yuzu & White Strawberry 70cl,£29.50,£42.14 / ltr,£20.00,drinks,spirit,2024-11-19
Hollow & Bourne London Dry Gin 70cl,£13.00,£18.57 / ltr,null,drinks,spirit,2024-11-19
Ardbeg 10 Years Old Single Malt Islay Scotch Whisky 70cl,£51.00,£72.86 / ltr,£39.00,drinks,spirit,2024-11-19
Nemiroff De Luxe Vodka 70cl,£22.00,£31.43 / ltr,null,drinks,spirit,2024-11-19
Jack Daniel's Tennessee Apple Liqueur 70cl,£27.00,£38.57 / ltr,£18.00,drinks,spirit,2024-11-19
Dead Man's Fingers Rum Trio,£12.00,£4.00 / ea,£10.00,drinks,spirit,2024-11-19
Sainsbury's Country Cream 70cl,£6.00,£8.57 / ltr,null,drinks,spirit,2024-11-19
Old Pulteney Twelve Years Old Single Malt Scotch Whisky 70cl,£36.50,£52.14 / ltr,£28.00,drinks,spirit,2024-11-19
Tribeology Premium Cocktails Margarita 250ml,£2.70,£10.80 / ltr,null,drinks,spirit,2024-11-19
"Tamnavulin Speyside Single Malt Scotch Whisky, Port Cask Edi...",£34.00,£48.57 / ltr,null,drinks,spirit,2024-11-19
Amarula Cream Liqueur 70cl,£13.50,£19.29 / ltr,£11.50,drinks,spirit,2024-11-19
Monkey Shoulder Blended Malt Scotch Whisky 70cl,£29.00,£41.43 / ltr,£24.00,drinks,spirit,2024-11-19
Chase Rhubarb Vodka 70cl,£30.00,£42.86 / ltr,null,drinks,spirit,2024-11-19
Jack Daniels' Tennessee Fire Cinnamon Whiskey 70cl,£27.00,£38.57 / ltr,£18.00,drinks,spirit,2024-11-19
Penrhos Handcrafted Dry Gin 70cl,£30.00,£42.86 / ltr,£23.00,drinks,spirit,2024-11-19
Lillet Rosé 75cl,£20.00,£26.67 / ltr,£16.00,drinks,spirit,2024-11-19
Wonderland Cocktail Co. Strawberry Daiquiri 125ml,£3.90,£31.20 / ltr,null,drinks,spirit,2024-11-19
Pina Colada Ready to Drink Cocktail Box 1.5L,£7.00,£4.67 / ltr,£6.50,drinks,spirit,2024-11-19
Aerstone Single Malt Scotch Whisky Aged 10 Years Sea Cask 70...,£34.00,£48.57 / ltr,£24.00,drinks,spirit,2024-11-19
Savyll Beverage Co. Non Alcoholic Cocktails 4x25cl,£8.00,£6.00 / 75cl,null,drinks,spirit,2024-11-19
Pallini Limoncello Liqueur 5cl,£6.75,£6.75 / ea,£5.50,drinks,spirit,2024-11-19
Fundador Sherry Cask Fine Brandy Doble Madera 70cl,£24.00,£34.29 / ltr,£18.00,drinks,spirit,2024-11-19
Baileys Deliciously Light 70cl,£16.50,£22.00 / ltr,£10.00,drinks,spirit,2024-11-19
Lonewolf Mexican Lime & Cactus Gin 70cl,£25.00,£35.71 / ltr,£20.00,drinks,spirit,2024-11-19
Lemada the Original Fizzy Vodka Lemon Juicy Raspberry 250ml,£2.25,£9.00 / ltr,null,drinks,spirit,2024-11-19
Bulleit Bourbon Frontier Whiskey 70cl,£30.00,£42.86 / ltr,£21.00,drinks,spirit,2024-11-19
Hotel Chocolat Velvetised Creams Tasting Selection,£16.00,£16.00 / ea,£12.00,drinks,spirit,2024-11-19
Monin Pure Cane Sugar 25cl,£3.45,£13.80 / ltr,£3.00,drinks,spirit,2024-11-19
Glenmorangie Lasanta 12 Years Old Single Malt Whisky 70cl,£52.50,£75.00 / ltr,£37.00,drinks,spirit,2024-11-19
Shake Baby Shake Passion Fruit Martini 250ml,£1.60,£6.40 / ltr,null,drinks,spirit,2024-11-19
Crag & Glen Blended Scotch Whisky 70cl,£14.00,£20.00 / ltr,null,drinks,spirit,2024-11-19
Courvoisier VS Cognac 35cl,£18.50,£52.86 / ltr,£16.00,drinks,spirit,2024-11-19
Captain Morgan Original Spiced Gold Rum & Pepsi Max Ready to...,£2.25,£6.82 / ltr,null,drinks,spirit,2024-11-19
Belvedere Organic Ultra Premium Vodka 70cl,£37.00,£52.86 / ltr,£31.00,drinks,spirit,2024-11-19
Penrhos Handcrafted Gin Wonky Raspberry 70cl,£30.00,£42.86 / ltr,£23.00,drinks,spirit,2024-11-19
Au Vodka Blue Raspberry Flavoured Vodka Spirit Drink 70cl,£33.00,£47.14 / ltr,£28.00,drinks,spirit,2024-11-19
WKD Sparkling Orange & Passionfruit Flavoured Alcoholic Prem...,£3.80,£5.43 / ltr,£3.25,drinks,spirit,2024-11-19
"Grand Marnier Cordon Rouge Cognac & Orange Liqueur, 50 cl",£21.00,£42.00 / ltr,£18.00,drinks,spirit,2024-11-19
The Gin Collection,£10.00,£10.00 / ea,£8.00,drinks,spirit,2024-11-19
"Sainsbury's Speyside Whisky, Taste the Difference 70cl",£22.50,£32.14 / ltr,£20.00,drinks,spirit,2024-11-19
Antica Sambuca with Liquorice Flavour Liqueur 70cl,£18.00,£25.71 / ltr,null,drinks,spirit,2024-11-19
The Kraken Black Spiced Rum,£14.00,£14.00 / ea,£12.00,drinks,spirit,2024-11-19
Captain Morgan Original Spiced Gold Rum & Pepsi Max Ready to...,£10.00,£6.67 / ltr,null,drinks,spirit,2024-11-19
Penderyn Welsh Whisky 70cl,£40.00,£57.14 / ltr,£27.00,drinks,spirit,2024-11-19
Sheep Dog Peanut Butter Whiskey 70cl,£22.50,£32.14 / ltr,null,drinks,spirit,2024-11-19
Jack Daniel's Gentleman Jack Whiskey 70cl,£34.00,£48.57 / ltr,£20.00,drinks,spirit,2024-11-19
Dalwhinnie Winter's Gold Single Malt Scotch Whisky 70cl,£45.00,£64.29 / ltr,£28.00,drinks,spirit,2024-11-19
Sainsbury's Pina Colada 250ml,£1.25,£5.00 / ltr,null,drinks,spirit,2024-11-19
Dead Man's Fingers Blue Raspberry Tequila Cream Liqueur 50cl,£13.00,£26.00 / ltr,null,drinks,spirit,2024-11-19
Sourz Apple Liqueur 70cl,£11.00,£15.71 / ltr,null,drinks,spirit,2024-11-19
Armagnac V.S.O.P. Vieille Reserve 70cl,£27.00,£38.57 / ltr,null,drinks,spirit,2024-11-19
Gordon's White Peach Distilled Gin 70cl,£18.50,£26.43 / ltr,£15.00,drinks,spirit,2024-11-19
Malfy Gin Gift Set 4x5cl,£13.00,£3.25 / ea,£11.00,drinks,spirit,2024-11-19
Captain Morgan Strawberry Daiquiri 250ml,£2.20,£8.80 / ltr,null,drinks,spirit,2024-11-19
White Claw Hard Seltzer Black Cherry 330ml,£2.25,£6.82 / ltr,null,drinks,spirit,2024-11-19
Freixenet Celebration Set,£14.00,£14.00 / ea,null,drinks,spirit,2024-11-19
St-Germain French Elderflower Liqueur 50cl,£24.00,£48.00 / ltr,null,drinks,spirit,2024-11-19
Ableforth's Bathtub Gin 70cl,£33.00,£47.14 / ltr,£25.00,drinks,spirit,2024-11-19
Funkin Cocktails Piña Colada 700ml,£9.50,£13.57 / ltr,null,drinks,spirit,2024-11-19
Wood's 100 Navy Rum 70cl,£27.50,£39.29 / ltr,£23.00,drinks,spirit,2024-11-19
"Sainsbury's Pink Grapefruit Gin & Tonic, Taste the Differenc...",£5.50,£7.33 / ltr,£5.00,drinks,spirit,2024-11-19
Caribbean Pearl White Rum 70cl,£13.00,£18.57 / ltr,null,drinks,spirit,2024-11-19
Black Cow Vodka Milk Carton 70cl,£30.00,£42.86 / ltr,£23.00,drinks,spirit,2024-11-19
Sainsbury's Rhubarb & Ginger Gin 4x250ml,£4.55,£4.55 / ltr,null,drinks,spirit,2024-11-19
Lamb's Spiced Rum 1L,£22.50,£22.50 / ltr,£19.00,drinks,spirit,2024-11-19
Gordon's London Dry Gin 35cl,£11.00,£31.43 / ltr,null,drinks,spirit,2024-11-19
Johnnie Walker Whisky Old Fashioned Cocktail Drink 20.5% Vol...,£15.00,£30.00 / ltr,£10.00,drinks,spirit,2024-11-19
Sainsbury's Gin & Diet Tonic 250ml,£1.00,£4.00 / ltr,null,drinks,spirit,2024-11-19
Glenfiddich 12 Year Old Single Malt Scotch Whisky 35cl,£21.00,£60.00 / ltr,£16.50,drinks,spirit,2024-11-19
Absolut Vodka & Sprite 250ml,£2.35,£9.40 / ltr,null,drinks,spirit,2024-11-19
Archers Schnapps Liqueur 70cl,£13.75,£19.64 / ltr,null,drinks,spirit,2024-11-19
BLOOM Gin & Rose Lemonade 275ml,£3.00,£10.91 / ltr,null,drinks,spirit,2024-11-19
The Woodsman Blended Scotch Whisky 70cl,£29.00,£41.43 / ltr,null,drinks,spirit,2024-11-19
Jack Daniel's & Coca-Cola Zero 330ml,£2.25,£6.82 / ltr,null,drinks,spirit,2024-11-19
Engine Fuel the Dream Gin Tonic 237ml,£3.25,£13.71 / ltr,null,drinks,spirit,2024-11-19
St-Rémy XO French Brandy 70cl,£23.50,£33.57 / ltr,£19.00,drinks,spirit,2024-11-19
Ron Santiago de Cuba Aňejo 8 Year Old Rum 70cl,£25.00,£35.71 / ltr,null,drinks,spirit,2024-11-19
Dead Man's Fingers Spiced Rum & Cola 330ml,£1.95,£5.91 / ltr,null,drinks,spirit,2024-11-19
Lemada Fizzy Vodka Tangy Lemon 250ml,£2.25,£9.00 / ltr,null,drinks,spirit,2024-11-19
BrewDog Distilling Co. Abstrakt Vodka 70cl,£21.50,£30.71 / ltr,£18.00,drinks,spirit,2024-11-19
Diplomático Reserva Exclusiva 40% 70cl,£41.00,£58.57 / ltr,null,drinks,spirit,2024-11-19
Five Farms Single Batch Irish Cream Liqueur 70cl,£30.00,£42.86 / ltr,£20.00,drinks,spirit,2024-11-19
Nohrlund Mojito Organic Rum Cocktail 180ml,£2.70,£15.00 / ltr,null,drinks,spirit,2024-11-19
Absolut Blue Original Swedish Vodka 70cl,£23.00,£32.86 / ltr,£18.00,drinks,spirit,2024-11-19
Funkin Double Shot Cocktails Pineapple Daiquiri 140ml,£3.50,£25.00 / ltr,null,drinks,spirit,2024-11-19
Salted Caramel Espresso Martini Cocktail Box 1.5L,£7.00,£4.67 / ltr,£6.50,drinks,spirit,2024-11-19
The Famous Grouse Sherry Cask Finish Blended Scotch Whisky 7...,£21.25,£30.36 / ltr,£16.00,drinks,spirit,2024-11-19
CleanCo Clean G Rhubarb Non-alc Gin Alt,£16.00,£22.86 / ltr,null,drinks,spirit,2024-11-19
Duo Rum Spiced with Caramelised Pineapple 70cl,£25.00,£35.71 / ltr,null,drinks,spirit,2024-11-19
Belle & Co. Alcohol Free Sparkling Rose 75cl,£3.50,£3.50 / 75cl,null,drinks,spirit,2024-11-19
Lone Wolf Original Juniper Gin 70cl,£25.00,£35.71 / ltr,£20.00,drinks,spirit,2024-11-19
Chase Marmalade Vodka 70cl,£30.00,£42.86 / ltr,null,drinks,spirit,2024-11-19
Shake Baby Shake Mixed Sharing Pack 10x250ml,£12.00,£4.80 / ltr,£10.00,drinks,spirit,2024-11-19
Grant's Whisky 35cl,£9.75,£27.86 / ltr,null,drinks,spirit,2024-11-19
Captain Morgan Black Spiced Spirit Drink 70cl,£23.00,£32.86 / ltr,null,drinks,spirit,2024-11-19
White Claw Hard Seltzer Raspberry 330ml,£2.25,£6.82 / ltr,null,drinks,spirit,2024-11-19
Haig Clubman Single Grain Blended Scotch Whisky 70cl,£29.00,£41.43 / ltr,£18.00,drinks,spirit,2024-11-19
Duo Rum Spiced Rum 70cl,£25.00,£35.71 / ltr,null,drinks,spirit,2024-11-19
Red Leg Spiced Rum 70cl,£23.00,£32.86 / ltr,£18.00,drinks,spirit,2024-11-19
The Famous Grouse Finest Blended Scotch Whisky 35cl,£11.25,£32.14 / ltr,£9.50,drinks,spirit,2024-11-19
Smirnoff Cherry Drop 70cl,£18.50,£26.43 / ltr,£15.00,drinks,spirit,2024-11-19
Edinburgh Gin Liqueurs,£8.50,£2.83 / ea,£7.50,drinks,spirit,2024-11-19
Tequila Rose Strawberry Cream Liqueur with Tequila 1000ml,£24.00,£24.00 / ltr,£20.00,drinks,spirit,2024-11-19
"Sainsbury's Sicilian Lemon Gin & Tonic, Taste the Difference...",£2.00,£8.00 / ltr,null,drinks,spirit,2024-11-19
De Kuyper Ready To Serve Pina Colada Cocktail 50cl,£13.00,£26.00 / ltr,null,drinks,spirit,2024-11-19
Jack Daniel's Whiskey 35cl,£13.00,£37.14 / ltr,null,drinks,spirit,2024-11-19
Gordon's Premium Pink Gin & Lemonade PMP 250ml,£2.20,£8.80 / ltr,null,drinks,spirit,2024-11-19
JJ Whitley Blue Raspberry Vodka 70cl,£17.00,£24.29 / ltr,null,drinks,spirit,2024-11-19
Passoa Passion Fruit Liqueur 70cl,£15.00,£21.43 / ltr,£11.00,drinks,spirit,2024-11-19
Passion Fruit Martini with Triple Distilled Vodka 25cl,£1.40,£5.60 / ltr,null,drinks,spirit,2024-11-19
Jack Daniel's Single Barrel Whiskey 70cl,£47.00,£67.14 / ltr,£35.00,drinks,spirit,2024-11-19
Olmeca Altos Margarita Classic Lime 750ml,£15.00,£20.00 / ltr,£13.00,drinks,spirit,2024-11-19
"Sainsbury's Raspberry & Rhubarb Gin & Tonic 250, Taste the D...",£2.00,£8.00 / ltr,null,drinks,spirit,2024-11-19
Franklin & Sons Ltd Spirit & Mixer Gin Perfect Serve Hamper,£24.00,£24.00 / ea,£18.00,drinks,spirit,2024-11-19
Shake Baby Shake Pina Colada 250ml,£1.60,£6.40 / ltr,null,drinks,spirit,2024-11-19
Tanqueray Negroni Gin Cocktail 17.5% Vol Can 100ml,£3.95,£39.50 / ltr,null,drinks,spirit,2024-11-19
"Sainsbury's Seville Orange Gin & Tonic, Taste the Difference...",£5.50,£7.33 / ltr,£5.00,drinks,spirit,2024-11-19
Jose Cuervo Especial Silver Tequila 70cl,£22.00,£31.43 / ltr,£19.00,drinks,spirit,2024-11-19
Johnnie Walker Red Label Blended Scotch Whisky 70cl,£27.00,£38.57 / ltr,£18.00,drinks,spirit,2024-11-19
Grants Triple Wood 12 Year Old Scotch Whisky 70cl,£31.00,£44.29 / ltr,null,drinks,spirit,2024-11-19
Cockburn's Vintage Port Quinta Dos Canais 75cl,£30.00,£30.00 / 75cl,£25.00,drinks,spirit,2024-11-19
VK Mixed Pack a Selection of Vodka Mix Drinks 10x275ml,£10.00,£2083.33 / ltr,£8.00,drinks,spirit,2024-11-19
Malibu Malibu & Glass Set,£7.00,£7.00 / ea,£6.00,drinks,spirit,2024-11-19
Pink Gin Selection,£8.00,£8.00 / ea,£7.50,drinks,spirit,2024-11-19
Dutch Barn Orchard Vodka 70cl,£29.00,£41.43 / ltr,£22.00,drinks,spirit,2024-11-19
Jack Daniel's Tennesse Whiskey,£13.25,£13.25 / ea,null,drinks,spirit,2024-11-19
Nohrlund Bramble Organic Gin Cocktail 180ml,£2.70,£15.00 / ltr,null,drinks,spirit,2024-11-19
Bell's Blended Scotch Whisky 35cl,£11.00,£31.43 / ltr,null,drinks,spirit,2024-11-19
Cockburn's Special Reserve Port 75cl,£14.50,£14.50 / 75cl,£11.50,drinks,spirit,2024-11-19
Tails Cocktails Passion Fruit Martini Cocktail Premixed Vodk...,£15.00,£30.00 / ltr,null,drinks,spirit,2024-11-19
Sipsmith London Limited Edition Very Berry Gin 700ml,£30.00,£42.86 / ltr,null,drinks,spirit,2024-11-19
Whitley Neill Navy Strength London Dry Gin 700ml,£36.00,£51.43 / ltr,£28.00,drinks,spirit,2024-11-19
Funkin Cocktails Passion Fruit Martini 700ml,£9.50,£13.57 / ltr,null,drinks,spirit,2024-11-19
"AC/DC, Limited Edition",£12.00,£12.00 / ea,£10.00,drinks,spirit,2024-11-19
Malibu Cocktail Strawberry Daiquiri Sparkling 250ml,£2.20,£8.80 / ltr,null,drinks,spirit,2024-11-19
Funkin Cocktails Strawberry Daiquiri 70cl,£9.50,£13.57 / ltr,null,drinks,spirit,2024-11-19
Ukiyo Japanese Blossom Gin 700ml,£31.00,£44.29 / ltr,null,drinks,spirit,2024-11-19
Absolut Hunni Honey Flavoured Vodka 70cl,£22.00,£31.43 / ltr,null,drinks,spirit,2024-11-19
Engine Italian Organic Gin 70cl,£33.00,£47.14 / ltr,£28.00,drinks,spirit,2024-11-19
Fever-Tree Ultimate Gin & Tonic Experience,£12.00,£12.00 / ea,null,drinks,spirit,2024-11-19
Smirnoff Ice Original 4% Vol Can 250ml,£2.25,£9.00 / ltr,null,drinks,spirit,2024-11-19
Sainsbury's Pure French Grain Vodka 70cl,£21.00,£30.00 / ltr,£18.00,drinks,spirit,2024-11-19
De Kuyper Blue Curacao Cocktail Liqueur 35cl,£9.00,£25.71 / ltr,null,drinks,spirit,2024-11-19
"The Kraken Black Spiced Rum, Limited Edition 70cl",£26.50,£37.86 / ltr,null,drinks,spirit,2024-11-19
Bottega Hamper,£12.00,£12.00 / ea,£10.00,drinks,spirit,2024-11-19
Ciroc Passion Flavoured Vodka 37.5% Vol 70cl,£40.00,£57.14 / ltr,null,drinks,spirit,2024-11-19
Ciroc Cosmopolitan Vodka Cocktail 17.5% Vol Can 100ml,£3.95,£39.50 / ltr,null,drinks,spirit,2024-11-19
Dead Man's Fingers Rum Skull Cocktail 5cl,£8.00,£8.00 / ea,£7.50,drinks,spirit,2024-11-19
Chase Pink Grapefruit & Pomelo Gin 70cl,£28.00,£40.00 / ltr,£18.20,drinks,spirit,2024-11-19
J.J Whitley London Dry Gin 1L,£22.50,£22.50 / ltr,£18.00,drinks,spirit,2024-11-19
Wonderland Cocktail Co. Chocolate Orange Espresso Martin 125...,£3.90,£31.20 / ltr,null,drinks,spirit,2024-11-19
Tribeology Premium Cocktails Passion Fruit Martini 250ml,£2.70,£10.80 / ltr,null,drinks,spirit,2024-11-19
Chase Rhubarb & Bramley Apple Gin 70cl,£28.00,£40.00 / ltr,null,drinks,spirit,2024-11-19
Patrón Silver Tequila 70cl,£45.00,£64.29 / ltr,null,drinks,spirit,2024-11-19
Funkin Cocktails Bartender Edition Salted Caramel Espresso M...,£9.50,£13.57 / ltr,null,drinks,spirit,2024-11-19
Ciroc Red Berry Sparkling Vodka Drink 5% Vol Can 250ml,£3.00,£12.00 / ltr,null,drinks,spirit,2024-11-19
Brockmans Gin 70cl,£35.00,£50.00 / ltr,£25.00,drinks,spirit,2024-11-19
Jameson Triple Distilled Blended Irish Whiskey 35cl,£14.25,£40.71 / ltr,null,drinks,spirit,2024-11-19
Casamigos Blanco Tequila 40% Vol 70cl,£45.00,£64.29 / ltr,£35.00,drinks,spirit,2024-11-19
Wonderland Cocktail Co. Passionfruit Martini 125ml,£3.90,£31.20 / ltr,null,drinks,spirit,2024-11-19
Ciroc Summer Citrus Sparkling Vodka Can Drink 250ml,£2.90,£11.60 / ltr,null,drinks,spirit,2024-11-19
Sipsmith London Sloe Gin 700ml,£30.00,£42.86 / ltr,£23.00,drinks,spirit,2024-11-19
Funkin Double Shot Cocktails Passion Fruit Margarita 140ml,£3.50,£25.00 / ltr,null,drinks,spirit,2024-11-19
Smirnoff Raspberry Crush Flavoured Vodka 37.5% vol 1L Bottle,£25.00,£25.00 / ltr,£20.00,drinks,spirit,2024-11-19
Tanqueray London Dry Gin Negroni Cocktail Drink 17.5% Vol Bo...,£15.00,£30.00 / ltr,null,drinks,spirit,2024-11-19
Pimm's No.1 70cl,£17.50,£25.00 / ltr,£13.00,drinks,spirit,2024-11-19
Jura 14 Year Old Single Malt Scotch Whisky 70cl,£43.00,£61.43 / ltr,£30.00,drinks,spirit,2024-11-19
Pellegrino Marsala Garibaldi Dolce 75cl,£12.50,£12.50 / 75cl,null,drinks,spirit,2024-11-19
Hendrick's Flora Adora Gin 70cl,£31.00,£44.29 / ltr,null,drinks,spirit,2024-11-19
Aber Falls Single Malt Welsh Whisky 70cl,£33.00,£47.14 / ltr,null,drinks,spirit,2024-11-19
Sainsbury's Cocktail Collection Passion Fruit Liqueur 35cl,£9.00,£25.71 / ltr,null,drinks,spirit,2024-11-19
Fireball Cinnamon Whisky Liqueur 70cl,£20.00,£28.57 / ltr,null,drinks,spirit,2024-11-19
Smirnoff Mango Passionfruit Twist & Lemonade Ready To Drink ...,£2.00,£8.00 / ltr,null,drinks,spirit,2024-11-19
Nohrlund Espresso Martini Organic Vodka Cocktail 180ml,£2.70,£15.00 / ltr,null,drinks,spirit,2024-11-19
Adnams Southwold Copper House Dry Gin 70cl,£31.00,£44.29 / ltr,£23.00,drinks,spirit,2024-11-19
Lagavulin 8 Year Old Islay Single Malt Scotch Whisky 48% Vol...,£52.50,£75.00 / ltr,£40.00,drinks,spirit,2024-11-19
Pimm's No1 & Lemonade Ready To Drink 5.4% Vol Cans 6x250ml,£10.00,£6.67 / ltr,null,drinks,spirit,2024-11-19
Wonderland Cocktail Co. Watermelon Margarita 125ml,£3.90,£31.20 / ltr,null,drinks,spirit,2024-11-19
Smirnoff Ice Original 10x250ml,£11.50,£4.60 / ltr,£10.00,drinks,spirit,2024-11-19
Whitley Neill Rhubarb & Ginger Alcohol Free Spirit 70cl,£17.00,£24.29 / ltr,£12.00,drinks,spirit,2024-11-19
Bankhall British Single Malt Whisky 70cl,£25.00,£35.71 / ltr,£18.00,drinks,spirit,2024-11-19
Funkin Nitro Cocktails Lime Margarita 200ml,£2.25,£11.25 / ltr,null,drinks,spirit,2024-11-19
JJ Party Flavours Glazed Donut Vodka Mix Spirit Drink 70cl,£15.00,£21.43 / ltr,null,drinks,spirit,2024-11-19
Bushmills Single Malt Irish Whiskey 70cl,£49.00,£70.00 / ltr,null,drinks,spirit,2024-11-19
"Sainsbury's 10yr Tawny Port, Taste The Difference",£21.00,£21.00 / 75cl,null,drinks,spirit,2024-11-19
"Ouzo 12, 40% ABV - Greek Aniseed Liqueur 70cl",£17.75,£25.36 / ltr,null,drinks,spirit,2024-11-19
Johnnie Walker Double Black Blended Scotch Whisky with Gift ...,£42.00,£60.00 / ltr,£29.00,drinks,spirit,2024-11-19
Rozes Tawny Porto 75cl,£15.00,£15.00 / 75cl,£12.00,drinks,spirit,2024-11-19
Whitley Neill Raspberry Alcohol Free Spirit 70cl,£16.00,£22.86 / ltr,null,drinks,spirit,2024-11-19
Lubelska Cherry 50cl,£12.00,£18.00 / 75cl,null,drinks,spirit,2024-11-19
Tenjaku Japanese Blended Whisky 70cl,£30.00,£42.86 / ltr,£24.00,drinks,spirit,2024-11-19
Cockburn's Aged 10 Years Tawny Port 75cl,£25.00,£25.00 / 75cl,£18.00,drinks,spirit,2024-11-19
Duppy Share White Jamaican Rum & Sparkling Pink Grapefruit T...,£2.35,£9.40 / ltr,null,drinks,spirit,2024-11-19
Whitley Neill Distiller's Cut London Dry Gin 70cl,£29.50,£42.14 / ltr,£20.00,drinks,spirit,2024-11-19
Au Vodka Strawberry Burst 70cl,£33.00,£47.14 / ltr,£28.00,drinks,spirit,2024-11-19
Jack Daniel's No.7 Brand Tennessee Whiskey,£9.00,£9.00 / ea,£7.50,drinks,spirit,2024-11-19
Tullibardine Sovereign Highland Single Malt Scotch Whisky 70...,£39.00,£55.71 / ltr,£24.00,drinks,spirit,2024-11-19
Pineapple & Coconut Rum Spirit Drink 70cl,£15.00,£21.43 / ltr,null,drinks,spirit,2024-11-19
Edinburgh Gin Liqueur Duo & Glass,£11.00,£11.00 / ea,£8.00,drinks,spirit,2024-11-19
Pimm's No. 1 Cup & Lemonade Ready to Drink 250ml,£2.20,£8.80 / ltr,null,drinks,spirit,2024-11-19
Bumbu Spirit Drink 70cl,£36.00,£51.43 / ltr,£30.00,drinks,spirit,2024-11-19
Absolut Vodka & Shot Glass 2x2,£8.00,£4.00 / ea,£7.00,drinks,spirit,2024-11-19
Glenmorangie Triple Cask Reserve 70cl,£33.00,£47.14 / ltr,£25.00,drinks,spirit,2024-11-19
CleanCo Clean G 70cl,£16.00,£22.86 / ltr,null,drinks,spirit,2024-11-19
"Ciroc Summer Citrus Vodka 37.5% Vol Bottle, Limited Edition ...",£41.00,£58.57 / ltr,£28.00,drinks,spirit,2024-11-19
Thunder Toffee Vodka 70cl,£24.00,£34.29 / ltr,£19.00,drinks,spirit,2024-11-19
JJ Distillers Chocolate Orange Vodka Mix Spirit Drink 70cl,£15.00,£21.43 / ltr,£10.00,drinks,spirit,2024-11-19
Bacardi Mango Mojito Premix Rum Cocktail 25cl,£2.00,£8.00 / ltr,null,drinks,spirit,2024-11-19
Highland Park 12 Year Old Single Malt Scotch Whisky 70cl,£46.00,£65.71 / ltr,£38.00,drinks,spirit,2024-11-19
Dead Man's Fingers Vanilla Spirit Drink 70cl,£24.00,£34.29 / ltr,£16.00,drinks,spirit,2024-11-19
Warner's London Dry Gin 70cl,£30.00,£42.86 / ltr,null,drinks,spirit,2024-11-19
Twin Fin Spiced Golden Rum 70cl,£28.00,£40.00 / ltr,£23.00,drinks,spirit,2024-11-19
Au Vodka Black Grape Soda 33cl,£3.10,£9.39 / ltr,null,drinks,spirit,2024-11-19
El Jimador Tequila Reposado 70cl,£26.00,£37.14 / ltr,£22.00,drinks,spirit,2024-11-19
Martini Floreale Non Alcoholic Aperitivo 75cl,£10.00,£13.33 / 100cl,£8.00,drinks,spirit,2024-11-19
Drumshanbo Gunpowder Irish Gin 70cl,£30.00,£42.86 / ltr,£25.00,drinks,spirit,2024-11-19
Absolut Blue Original Swedish Vodka 35cl,£12.00,£34.29 / ltr,null,drinks,spirit,2024-11-19
Bombay Sapphire Gin & Balloon Glass Set 5cl,£8.50,£8.50 / ea,£7.50,drinks,spirit,2024-11-19
Whitley Neill Japanese Plum & Sansho Pepper 70cl,£29.50,£42.14 / ltr,£20.00,drinks,spirit,2024-11-19
Jack Daniel’s Bonded Tennessee Whiskey 700ml,£42.00,£60.00 / ltr,£30.00,drinks,spirit,2024-11-19
Bottlegreen Elderflower Vodka Spritz 250ml,£2.50,£10.00 / ltr,null,drinks,spirit,2024-11-19
Bottlegreen Lime & Mint Vodka Spritz 250ml,£2.50,£10.00 / ltr,null,drinks,spirit,2024-11-19
Tarquin's Cornish Dry Gin 70cl,£36.00,£51.43 / ltr,£28.00,drinks,spirit,2024-11-19
Glenfiddich 14 Year Old Bourbon Barrel Reserve Single Malt S...,£48.00,£68.57 / ltr,£38.00,drinks,spirit,2024-11-19
"Funkin Cocktails Delux Black Forest Gateau, Limited Edition ...",£12.50,£17.86 / ltr,null,drinks,spirit,2024-11-19
Mirror Margarita 50cl,£25.00,£50.00 / ltr,£18.00,drinks,spirit,2024-11-19
The Busker Triple Cask Triple Smooth Irish Whiskey 700ml,£26.00,£37.14 / ltr,£19.00,drinks,spirit,2024-11-19
Isle of Wight Distillery Mermaid Pink Gin 70cl,£39.00,£55.71 / ltr,£34.00,drinks,spirit,2024-11-19
The Sexton Single Malt Irish Whiskey 70cl,£31.00,£44.29 / ltr,null,drinks,spirit,2024-11-19
"Funkin Cocktails Deluxe Chocolate Espresso Martini, Limited ...",£12.50,£17.86 / ltr,null,drinks,spirit,2024-11-19
Dead Man's Fingers Blue Raspberry Mojito 330ml,£2.00,£6.06 / ltr,null,drinks,spirit,2024-11-19
Glen Scotia Aged 10 Years Campbeltown Single Malt Scotch Whi...,£45.00,£64.29 / ltr,£30.00,drinks,spirit,2024-11-19
Ramsbury London Dry Gin 70cl,£31.00,£44.29 / ltr,£23.00,drinks,spirit,2024-11-19
De Kuyper Ready To Serve Strawberry Daiquiri Cocktail 50cl,£13.00,£26.00 / ltr,null,drinks,spirit,2024-11-19
Jinro Green Grape 350ml,£6.00,£17.14 / ltr,null,drinks,spirit,2024-11-19
Alexandrion Classic Collection 5 Stars Fine Spirit Drink 700...,£21.00,£30.00 / ltr,null,drinks,spirit,2024-11-19
"Magnum, 16.5% ABV - Jamaica Tonic Wine 20cl",£4.30,£21.50 / ltr,£3.50,drinks,spirit,2024-11-19
Blue Tree Party Cocktail,£7.00,£7.00 / ea,£6.00,drinks,spirit,2024-11-19
Don Papa Baroko Spirit Drink 70cl,£35.00,£50.00 / ltr,null,drinks,spirit,2024-11-19
Jinro Peach 350ml,£6.00,£17.14 / ltr,null,drinks,spirit,2024-11-19
The Deacon Blended Scotch Whisky 70cl,£38.00,£54.29 / ltr,£26.00,drinks,spirit,2024-11-19
Wild Turkey 101 Kentucky Bourbon Whiskey 70cl,£35.00,£50.00 / ltr,null,drinks,spirit,2024-11-19
Rozes Late Bottled Vintage Port 75cl,£20.00,£20.00 / 75cl,£16.00,drinks,spirit,2024-11-19
Riddles Lemon Ice Tea Blended with Tequila 250ml,£2.20,£8.80 / ltr,null,drinks,spirit,2024-11-19
Zoladkowa Gorzka Liqueur 500ml,£13.00,£26.00 / ltr,null,drinks,spirit,2024-11-19
Zo?adkowa De Luxe Vodka 50cl,£15.00,£22.50 / 75cl,null,drinks,spirit,2024-11-19
Old Pulteney Harbour Single Malt Scotch Whisky 70cl,£34.00,£48.57 / ltr,£24.00,drinks,spirit,2024-11-19
Riddles Mango Ice Tea Blended with Rum 250ml,£2.20,£8.80 / ltr,null,drinks,spirit,2024-11-19
Hooch Alcoholic Lemon Brew 440ml,£2.00,£4.55 / ltr,null,drinks,spirit,2024-11-19
Wray & Nephew Rum Cream 200ml,£4.50,£22.50 / ltr,null,drinks,spirit,2024-11-19
"Sainsbury's Pinot Grigio, Taste the Difference 75cl",£8.25,£8.25 / 75cl,£7.00,drinks,wine,2024-11-19
Campo Viejo Rioja Tempranillo Red Wine 75cl,£8.75,£8.75 / 75cl,£7.00,drinks,wine,2024-11-19
Pol Guyot Selection Champagne Brut 750ml,£19.00,£19.00 / 75cl,null,drinks,wine,2024-11-19
Whispering Angel Côtes de Provence Rosé 75cl,£22.00,£22.00 / 75cl,£19.50,drinks,wine,2024-11-19
"Sainsbury's Gavi, Taste the Difference 75cl",£10.00,£10.00 / 75cl,null,drinks,wine,2024-11-19
"Sainsbury's Bordeaux Sauvignon Blanc, Taste the Difference 7...",£8.00,£8.00 / 75cl,null,drinks,wine,2024-11-19
"Sainsbury's Languedoc White Wine, Taste the Difference 75cl",£8.75,£8.75 / 75cl,£7.25,drinks,wine,2024-11-19
"Bollinger Special Cuvee, Non Vintage Champagne 75cl",£58.00,£58.00 / 75cl,£43.00,drinks,wine,2024-11-19
"Sainsbury's Conegliano Prosecco, Taste the Difference 75cl",£9.75,£9.75 / 75cl,£7.50,drinks,wine,2024-11-19
Edizione 789 Prosecco 75cl,£6.25,£6.25 / 75cl,null,drinks,wine,2024-11-19
Veuve Clicquot Yellow Label Brut Champagne 75cl,£48.00,£48.00 / 75cl,null,drinks,wine,2024-11-19
La Vieille Ferme Rosé 75cl,£8.50,£8.50 / 75cl,null,drinks,wine,2024-11-19
Trivento Malbec Reserve 75cl,£8.50,£8.50 / 75cl,null,drinks,wine,2024-11-19
Phantom River Sauvignon Blanc 75cl,£6.25,£6.25 / 75cl,null,drinks,wine,2024-11-19
Barefoot Merlot Red Wine 75cl,£8.00,£8.00 / 75cl,null,drinks,wine,2024-11-19
19 Crimes Red Wine 75cl,£9.50,£9.50 / 75cl,null,drinks,wine,2024-11-19
The Ned Sauvignon Blanc 750ml,£10.50,£10.50 / 75cl,null,drinks,wine,2024-11-19
"Sainsbury's Cabernet Sauvignon Coonawarra, Taste the Differe...",£7.50,£7.50 / 75cl,null,drinks,wine,2024-11-19
"Sainsbury's Sauvignon Blanc, Taste the Difference 75cl",£7.50,£7.50 / 75cl,null,drinks,wine,2024-11-19
Sainsbury's House Malbec 75cl,£4.59,£4.59 / 75cl,null,drinks,wine,2024-11-19
Yellow Tail Shiraz 75cl,£7.75,£7.75 / 75cl,null,drinks,wine,2024-11-19
Villa Maria Private Bin Sauvignon Blanc 75cl,£10.75,£10.75 / 75cl,£8.00,drinks,wine,2024-11-19
Champagne Lanson Le Black Création 75cl,£43.00,£43.00 / 75cl,£31.00,drinks,wine,2024-11-19
Sainsbury's Bucks Fizz 75cl,£3.00,£3.00 / 75cl,null,drinks,wine,2024-11-19
Sainsbury's House Sauvignon Blanc 2.25L,£15.00,£5.00 / 75cl,null,drinks,wine,2024-11-19
Mondelli Pinot Grigio 75cl,£4.50,£4.50 / 75cl,null,drinks,wine,2024-11-19
"Croft Original Sherry, Original 1L",£14.75,£11.06 / 75cl,£12.00,drinks,wine,2024-11-19
The Wanderer Malbec Bold Red Wine 75cl,£12.00,£12.00 / 75cl,null,drinks,wine,2024-11-19
Oyster Bay Sauvignon Blanc 75cl,£11.50,£11.50 / 75cl,null,drinks,wine,2024-11-19
McGuigan Estate Merlot 75cl,£5.50,£5.50 / 75cl,null,drinks,wine,2024-11-19
Sainsbury's House Pinot Grigio 75cl,£5.35,£5.35 / 75cl,null,drinks,wine,2024-11-19
Harvey's Bristol Cream Sherry 1L,£15.00,£11.25 / 75cl,£13.00,drinks,wine,2024-11-19
Porta 6 Vinho Regional Lisboa 750ml,£8.25,£8.25 / 75cl,null,drinks,wine,2024-11-19
Sainsbury's House Pinot Grigio 2.25L,£15.50,£5.17 / 75cl,null,drinks,wine,2024-11-19
Barefoot Pinot Grigio White Wine 75cl,£8.00,£8.00 / 75cl,null,drinks,wine,2024-11-19
Campo Viejo Rioja Garnacha Red Wine 75cl,£8.75,£8.75 / 75cl,£7.00,drinks,wine,2024-11-19
I Heart Prosecco Rose 75cl,£9.00,£9.00 / 75cl,£7.50,drinks,wine,2024-11-19
Sainsbury's Cava Brut 75cl,£6.50,£6.50 / 75cl,null,drinks,wine,2024-11-19
Canti Prosecco 75cl,£8.75,£8.75 / 75cl,null,drinks,wine,2024-11-19
Yellow Tail Chardonnay 75cl,£7.75,£7.75 / 75cl,£7.00,drinks,wine,2024-11-19
Casillero Del Diablo Cabernet Sauvignon 75cl,£8.00,£8.00 / 75cl,null,drinks,wine,2024-11-19
Moët & Chandon Brut Imperial Champagne 75cl,£44.00,£44.00 / 75cl,£37.00,drinks,wine,2024-11-19
McGuigan Black Label Merlot 75cl,£7.25,£7.25 / 75cl,£6.25,drinks,wine,2024-11-19
Clearsprings Sauvignon Blanc 75cl,£6.50,£6.50 / 75cl,£6.00,drinks,wine,2024-11-19
"Sainsbury's Crémant De Loire, Taste the Difference 75cl",£12.00,£12.00 / 75cl,£11.00,drinks,wine,2024-11-19
"Sainsbury's Grenache Rosé, Taste the Difference 75cl",£7.50,£7.50 / 75cl,null,drinks,wine,2024-11-19
Yellow Tail Jammy Red Roo 75cl,£7.75,£7.75 / 75cl,£7.00,drinks,wine,2024-11-19
Casillero Del Diablo Malbec 750ml,£8.00,£8.00 / 75cl,null,drinks,wine,2024-11-19
Mondelli 789 Pinot Grigio 75cl,£6.00,£6.00 / 75cl,£5.00,drinks,wine,2024-11-19
Bouchard Aine Et Fils Pinot Noir 75cl,£8.50,£8.50 / 75cl,null,drinks,wine,2024-11-19
"Sainsbury's Maipo Merlot, Taste the Difference 75cl",£7.75,£7.75 / 75cl,null,drinks,wine,2024-11-19
"Sainsbury's Montepulciano D'abruzzo, Taste the Difference 75...",£7.50,£7.50 / 75cl,null,drinks,wine,2024-11-19
Yellow Tail Merlot 75cl,£7.75,£7.75 / 75cl,null,drinks,wine,2024-11-19
Barefoot Malbec Red Wine 75cl,£8.00,£8.00 / 75cl,£7.00,drinks,wine,2024-11-19
Yellow Tail Pinot Grigio 75cl,£7.75,£7.75 / 75cl,null,drinks,wine,2024-11-19
"Sainsbury's Prosecco, Taste the Difference 75cl",£8.50,£8.50 / 75cl,null,drinks,wine,2024-11-19
Mud House France Sauvignon Blanc White Wine 75cl,£9.50,£9.50 / 75cl,null,drinks,wine,2024-11-19
McGuigan Black Label Shiraz 75cl,£7.25,£7.25 / 75cl,null,drinks,wine,2024-11-19
Dark Horse Chardonnay White Wine 75cl,£10.00,£10.00 / 75cl,null,drinks,wine,2024-11-19
"Sainsbury's Mulled Wine, Taste the Difference 75cl",£6.00,£6.00 / 75cl,£5.50,drinks,wine,2024-11-19
Sainsbury's House Merlot (Small bottle) 18.7cl,£2.20,£8.82 / 75cl,null,drinks,wine,2024-11-19
"Sainsbury's Pinot Grigio Dolomiti Blush, Taste the Differenc...",£8.00,£8.00 / 75cl,£7.00,drinks,wine,2024-11-19
"Sainsbury's Prosecco Rose, Taste the Difference 75cl",£9.75,£9.75 / 75cl,£7.50,drinks,wine,2024-11-19
Gallo Family White Zinfandel Rosé Wine 75cl,£5.75,£5.75 / 75cl,£5.00,drinks,wine,2024-11-19
Hardys Crest Cabernet Shiraz Merlot Red Wine 75cl,£8.00,£8.00 / 75cl,null,drinks,wine,2024-11-19
"Mumm Cordon Rouge Champagne Brut, Non Vintage 75cl",£39.00,£39.00 / 75cl,£29.00,drinks,wine,2024-11-19
McGuigan Estate South Australian Shiraz 75cl,£5.50,£5.50 / 75cl,null,drinks,wine,2024-11-19
Barefoot White Zinfandel Rosé Wine 75cl,£6.50,£6.50 / 75cl,null,drinks,wine,2024-11-19
Hardys VR Pinot Grigio White Wine 75cl,£5.75,£5.75 / 75cl,null,drinks,wine,2024-11-19
McGuigan Black Label Red 75cl,£7.25,£7.25 / 75cl,null,drinks,wine,2024-11-19
Sainsbury's House Merlot 2.25L,£15.00,£5.00 / 75cl,null,drinks,wine,2024-11-19
Baron De Guers Picpoul De Pinet 75cl,£11.00,£11.00 / 75cl,null,drinks,wine,2024-11-19
Laurent Perrier Champagne Cuvée Rosé Brut 750ml,£80.00,£80.00 / 75cl,null,drinks,wine,2024-11-19
Cono Sur Bicicleta Viognier 75cl,£7.75,£7.75 / 75cl,null,drinks,wine,2024-11-19
Penguin Sands Chenin Blanc 75cl,£3.99,£3.99 / 75cl,null,drinks,wine,2024-11-19
Taittinger Brut Reserve Champagne 75cl,£43.00,£43.00 / 75cl,null,drinks,wine,2024-11-19
Freixenet Prosecco 75cl,£12.00,£12.00 / 75cl,£8.50,drinks,wine,2024-11-19
Hardys VR Sauvignon Blanc White Wine 75cl,£5.75,£5.75 / 75cl,null,drinks,wine,2024-11-19
Sainsbury's Taste the Difference Viognier 75cl,£9.00,£9.00 / 75cl,£7.50,drinks,wine,2024-11-19
Jam Shed Shiraz Red Wine 75cl,£7.75,£7.75 / 75cl,£7.00,drinks,wine,2024-11-19
"Sainsbury's Chilean Sauvignon Blanc, Taste the Difference 75...",£8.75,£8.75 / 75cl,null,drinks,wine,2024-11-19
McGuigan Black Label Pinot Grigio 75cl,£7.25,£7.25 / 75cl,null,drinks,wine,2024-11-19
Sainsbury's Ginger Wine 70cl,£4.50,£4.82 / 75cl,null,drinks,wine,2024-11-19
"Sainsbury's Vinedos Barrihuelo Rioja Crianza, Taste the Diff...",£8.50,£8.50 / 75cl,null,drinks,wine,2024-11-19
Campo Viejo Rioja Reserva Red Wine 75cl,£10.50,£10.50 / 75cl,null,drinks,wine,2024-11-19
Sainsbury's Mulled Wine 75cl,£3.00,£3.00 / 75cl,null,drinks,wine,2024-11-19
Oxford Landing Sauvignon Blanc 75cl,£7.00,£7.00 / 75cl,£6.00,drinks,wine,2024-11-19
"Sainsbury's Zurriago Malbec, Taste the Difference 75cl",£8.00,£8.00 / 75cl,£7.00,drinks,wine,2024-11-19
Dark Horse Merlot Red Wine 75cl,£10.00,£10.00 / 75cl,null,drinks,wine,2024-11-19
La Vieille Ferme 750ml,£8.50,£8.50 / 75cl,null,drinks,wine,2024-11-19
Sainsbury's House Merlot 75cl,£5.50,£5.50 / 75cl,null,drinks,wine,2024-11-19
"Sainsbury's Chilean Pinot Noir, Taste the Difference 75cl",£9.50,£9.50 / 75cl,null,drinks,wine,2024-11-19
"Sainsbury's Coolwater Bay Marlborough Sauvignon, Taste the D...",£9.50,£9.50 / 75cl,£8.00,drinks,wine,2024-11-19
Moët & Chandon Brut Imperial Rose Champagne 75cl,£50.00,£50.00 / 75cl,£40.00,drinks,wine,2024-11-19
Sainsbury's House Pinot Grigio (Small bottle) 18.7cl,£2.20,£8.82 / 75cl,null,drinks,wine,2024-11-19
Sainsbury's House Pinot Grigio Blush 2.25L,£16.00,£5.33 / 75cl,null,drinks,wine,2024-11-19
McGuigan Estate Chardonnay 75cl,£5.50,£5.50 / 75cl,null,drinks,wine,2024-11-19
Kylie Minogue Prosecco Rose 75cl,£11.00,£11.00 / 75cl,null,drinks,wine,2024-11-19
Sainsbury's Rosé Cava 75cl,£6.75,£6.75 / 75cl,null,drinks,wine,2024-11-19
"Sainsbury's Blanc De Noirs Champagne, Taste the Difference 7...",£25.00,£25.00 / 75cl,£22.00,drinks,wine,2024-11-19
Sainsbury's House Pinot Grigio Blush 75cl,£5.50,£5.50 / 75cl,null,drinks,wine,2024-11-19
La Vieille Ferme 750ml,£8.50,£8.50 / 75cl,null,drinks,wine,2024-11-19
McGuigan Reserve Shiraz 75cl,£7.75,£7.75 / 75cl,£6.50,drinks,wine,2024-11-19
Hardys Crest Chardonnay White Wine 75cl,£8.00,£8.00 / 75cl,null,drinks,wine,2024-11-19
Nozeco 75cl,£3.50,£3.50 / 75cl,£3.00,drinks,wine,2024-11-19
Casillero Del Diablo Sauvignon Blanc 75cl,£8.00,£8.00 / 75cl,null,drinks,wine,2024-11-19
McGuigan Reserve Chardonnay 75cl,£7.75,£7.75 / 75cl,null,drinks,wine,2024-11-19
Blossom Hill Soft & Fruity Red Wine 750ml,£5.75,£5.75 / 75cl,null,drinks,wine,2024-11-19
Sainsbury's House Shiraz 2.25L,£15.00,£5.00 / 75cl,null,drinks,wine,2024-11-19
Most Wanted Pinot Grigio 75cl,£7.75,£7.75 / 75cl,null,drinks,wine,2024-11-19
Sainsbury's Asti 75cl,£4.75,£4.75 / 75cl,null,drinks,wine,2024-11-19
Apothic Red Wine 75cl,£10.50,£10.50 / 75cl,£9.00,drinks,wine,2024-11-19
Yellow Tail Malbec 75cl,£7.75,£7.75 / 75cl,null,drinks,wine,2024-11-19
Dada Art 391 Malbec 75cl,£9.00,£9.00 / 75cl,null,drinks,wine,2024-11-19
"Sainsbury's Portuguese Lisboa, Taste the Difference 75cl",£7.50,£7.50 / 75cl,£6.75,drinks,wine,2024-11-19
"Sainsbury's Primitivo, Taste the Difference 75cl",£8.50,£8.50 / 75cl,null,drinks,wine,2024-11-19
Penguin Sands Sauvignon Blanc 75cl,£4.29,£4.29 / 75cl,null,drinks,wine,2024-11-19
Jam Shed Malbec Red Wine 75cl,£7.75,£7.75 / 75cl,null,drinks,wine,2024-11-19
Sainsbury's House Sauvignon Blanc 75cl,£5.50,£5.50 / 75cl,null,drinks,wine,2024-11-19
Sainsbury's Prosecco Frizzante 75cl,£6.00,£6.00 / 75cl,null,drinks,wine,2024-11-19
"Sainsbury's Languedoc Red, Taste the Difference 75cl",£8.75,£8.75 / 75cl,£7.25,drinks,wine,2024-11-19
Squealing Pig Sauvignon Blanc 75cl,£10.00,£10.00 / 75cl,£8.50,drinks,wine,2024-11-19
Sainsbury's House Chardonnay 225cl,£15.00,£5.00 / 75cl,null,drinks,wine,2024-11-19
Cockburn's Special Reserve Port 1L,£18.50,£13.88 / 75cl,null,drinks,wine,2024-11-19
Campo Viejo Rioja Tempranillo Red Wine 18.75cl,£3.00,£12.03 / 75cl,null,drinks,wine,2024-11-19
PinotPinot Pinot Noir 75cl,£7.25,£7.25 / 75cl,null,drinks,wine,2024-11-19
Journey's End Identity Shiraz 75cl,£10.00,£10.00 / 75cl,null,drinks,wine,2024-11-19
Sainsbury's Ruby Port 1L,£10.75,£8.06 / 75cl,null,drinks,wine,2024-11-19
Hardys VR Chardonnay White Wine 75cl,£5.75,£5.75 / 75cl,null,drinks,wine,2024-11-19
Sainsbury's House Malbec 225cl,£15.00,£5.00 / 75cl,null,drinks,wine,2024-11-19
Diablo Golden Chardonnay Chile White Wine 75cl,£10.50,£10.50 / 75cl,null,drinks,wine,2024-11-19
"Etienne Dumont Brut Champagne, Non Vintage 75cl",£19.50,£19.50 / 75cl,null,drinks,wine,2024-11-19
Torres Vina Sol 75cl,£8.00,£8.00 / 75cl,null,drinks,wine,2024-11-19
Wollemi Chardonnay 75cl,£4.25,£4.25 / 75cl,null,drinks,wine,2024-11-19
Santodeno Sangiovese Appassimento 750ml,£11.00,£11.00 / 75cl,null,drinks,wine,2024-11-19
Mud House New Zealand Marlborough Sauvignon Blanc White Wine...,£10.00,£10.00 / 75cl,null,drinks,wine,2024-11-19
Mondelli Pinot Grigio 225cl,£14.50,£4.83 / 75cl,null,drinks,wine,2024-11-19
Wollemi Merlot 75cl,£4.25,£4.25 / 75cl,null,drinks,wine,2024-11-19
Sainsbury's House Sauvignon Blanc (Small bottle) 18.7cl,£2.20,£8.82 / 75cl,null,drinks,wine,2024-11-19
Hardys Stamp Merlot Red Wine 75cl,£5.25,£5.25 / 75cl,null,drinks,wine,2024-11-19
"Sainsbury's Conegliano Prosecco, Taste the Difference (Small...",£3.30,£12.38 / 75cl,null,drinks,wine,2024-11-19
McGuigan Reserve Malbec 75cl,£7.75,£7.75 / 75cl,null,drinks,wine,2024-11-19
Barefoot Buttery Chardonnay White Wine 75cl,£8.00,£8.00 / 75cl,£7.00,drinks,wine,2024-11-19
Sainsbury's House Zinfandel Rosé 75cl,£4.50,£4.50 / 75cl,null,drinks,wine,2024-11-19
Mondelli Pinot Grigio Blush 75cl,£6.00,£6.00 / 75cl,null,drinks,wine,2024-11-19
"Sainsbury's Verdicchio Dei Castelli Di Jesi, Taste the Diffe...",£8.00,£8.00 / 75cl,£6.75,drinks,wine,2024-11-19
The Ned Pinot Grigio 75cl,£10.50,£10.50 / 75cl,null,drinks,wine,2024-11-19
Bruce Jack Sauvignon Blanc 75cl,£8.50,£8.50 / 75cl,null,drinks,wine,2024-11-19
Trapiche Reserve Malbec 75cl,£8.50,£8.50 / 75cl,£7.50,drinks,wine,2024-11-19
Taylor's Late Bottled Vintage Port 75cl,£20.00,£20.00 / 75cl,£15.00,drinks,wine,2024-11-19
"Sainsbury's Pecorino, Taste The Difference 75cl",£7.75,£7.75 / 75cl,null,drinks,wine,2024-11-19
Clearsprings Sauvignon Blanc (Small bottle) 18.7cl,£2.25,£9.02 / 75cl,null,drinks,wine,2024-11-19
Valdo Prosecco Marca Oro 75cl,£8.75,£8.75 / 75cl,£7.50,drinks,wine,2024-11-19
"Sainsbury's Rioja Blanco, Taste the Difference 75cl",£8.50,£8.50 / 75cl,null,drinks,wine,2024-11-19
Terres De Galets Côtes du Rhône 75cl,£7.50,£7.50 / 75cl,null,drinks,wine,2024-11-19
"Sainsbury's Rioja Reserva, Taste the Difference 75cl",£10.00,£10.00 / 75cl,£8.00,drinks,wine,2024-11-19
Sainsbury's House Pinot Noir 75cl,£5.50,£5.50 / 75cl,null,drinks,wine,2024-11-19
Beefsteak Club Malbec 75cl,£7.75,£7.75 / 75cl,null,drinks,wine,2024-11-19
"Nozeco Alcohol Free Rosé Fine Sparkling, Special Edition 75c...",£3.50,£3.50 / 75cl,null,drinks,wine,2024-11-19
Wolf Blass Red Label Chardonnay Semillon 75cl,£8.00,£8.00 / 75cl,null,drinks,wine,2024-11-19
Terre di Faiano Nero di Troia Organic Wine 75cl,£9.50,£9.50 / 75cl,£8.00,drinks,wine,2024-11-19
Sainsbury's House Soave 2.25L,£15.00,£5.00 / 75cl,null,drinks,wine,2024-11-19
Martini Asti Italian Sparkling Wine 75cl,£8.00,£8.00 / 75cl,null,drinks,wine,2024-11-19
"Sainsbury's Cremant De Loire Rose, Taste the Difference 75cl",£11.50,£11.50 / 75cl,null,drinks,wine,2024-11-19
Trivento Reserve Malbec 18.7cl,£2.75,£11.03 / 75cl,null,drinks,wine,2024-11-19
Rocca Murer Pinot Grigio Trentino 75cl,£8.25,£8.25 / 75cl,null,drinks,wine,2024-11-19
McGuigan Reserve Merlot 75cl,£7.75,£7.75 / 75cl,null,drinks,wine,2024-11-19
Cantine Maschio Prosecco 20cl,£2.50,£9.38 / 75cl,null,drinks,wine,2024-11-19
Bollinger Rosé Champagne 75cl,£60.00,£60.00 / 75cl,null,drinks,wine,2024-11-19
Codorniu Vintage Cava 75cl,£10.50,£10.50 / 75cl,null,drinks,wine,2024-11-19
McGuigan Estate Cabernet Sauvignon 75cl,£5.50,£5.50 / 75cl,null,drinks,wine,2024-11-19
Yealands Reserve Sauvignon Blanc Marlborough 75cl,£11.50,£11.50 / 75cl,null,drinks,wine,2024-11-19
Barefoot Zinfandel Red Wine 75cl,£8.00,£8.00 / 75cl,£7.00,drinks,wine,2024-11-19
Wild Valley White 75cl,£3.45,£3.45 / 75cl,null,drinks,wine,2024-11-19
Gallo Family White Grenache Rosé Wine 75cl,£5.50,£5.50 / 75cl,null,drinks,wine,2024-11-19
McGuigan Reserve Sauvignon Blanc 75cl,£7.75,£7.75 / 75cl,null,drinks,wine,2024-11-19
Sainsbury's Alcohol Free White 75cl,£3.25,£3.25 / 75cl,null,drinks,wine,2024-11-19
Sainsbury's Medium Dry Low Alcohol Apple Cider 500ml,£1.70,£3.40 / ltr,null,drinks,wine,2024-11-19
Stone's Original Ginger Wine 700ml,£7.50,£8.04 / 75cl,null,drinks,wine,2024-11-19
Bread & Butter Pinot Noir 75cl,£15.50,£15.50 / 75cl,£13.50,drinks,wine,2024-11-19
"Sainsbury's Conegliano Prosecco, Taste the Difference 37.5cl",£6.00,£12.00 / 75cl,null,drinks,wine,2024-11-19
McGuigan Zero Sauvignon Blanc Alcohol Free 75cl,£4.00,£4.00 / 75cl,null,drinks,wine,2024-11-19
"Sainsbury's Australian Barossa Chardonnay, Taste the Differe...",£8.50,£8.50 / 75cl,null,drinks,wine,2024-11-19
Barefoot Pink Moscato Rosé Wine 75cl,£7.25,£7.25 / 75cl,£6.25,drinks,wine,2024-11-19
"Sainsbury's South African Sauvignon Blanc, Taste the Differe...",£8.50,£8.50 / 75cl,null,drinks,wine,2024-11-19
Atlantique Vinho Verde 750ml,£8.25,£8.25 / 75cl,null,drinks,wine,2024-11-19
Campo Viejo Rioja Blanco White Wine 75cl,£8.75,£8.75 / 75cl,£7.00,drinks,wine,2024-11-19
McGuigan Estate Rosé 75cl,£5.40,£5.40 / 75cl,null,drinks,wine,2024-11-19
Sturmwolken Riesling 75cl,£8.00,£8.00 / 75cl,null,drinks,wine,2024-11-19
Silver Moki French Sauvignon Blanc 75cl,£8.75,£8.75 / 75cl,£7.25,drinks,wine,2024-11-19
"Sainsbury's Beaujolais Supérieur, Taste the Difference 75cl",£12.00,£12.00 / 75cl,£10.00,drinks,wine,2024-11-19
Dark Horse Cabernet Sauvignon Red Wine 75cl,£10.00,£10.00 / 75cl,£8.00,drinks,wine,2024-11-19
Clearsprings Sauvignon Blanc 2.25L,£16.75,£5.58 / 75cl,null,drinks,wine,2024-11-19
Wild Valley Red 75cl,£3.45,£3.45 / 75cl,null,drinks,wine,2024-11-19
Sainsbury's House Zinfandel Rosé 2.25L,£13.00,£4.33 / 75cl,null,drinks,wine,2024-11-19
Casillero Del Diablo Tempranillo Spain Red Wine 75cl,£8.00,£8.00 / 75cl,null,drinks,wine,2024-11-19
Jam Shed Chardonnay White Wine 75cl,£7.75,£7.75 / 75cl,£7.00,drinks,wine,2024-11-19
Sainsbury's Alcohol Free Rosé 75cl,£3.25,£3.25 / 75cl,null,drinks,wine,2024-11-19
Sainsbury's Alcohol Free Red 75cl,£3.25,£3.25 / 75cl,null,drinks,wine,2024-11-19
Moët & Chandon Brut Imperial Champagne 37.5cl,£26.00,£52.00 / 75cl,null,drinks,wine,2024-11-19
Sainsbury's Vermouth Extra Dry 1L,£8.00,£6.00 / 75cl,null,drinks,wine,2024-11-19
Mateus Rosé 75cl,£6.75,£6.75 / 75cl,£6.00,drinks,wine,2024-11-19
Sainsbury's House Cabernet Sauvignon 2.25L,£15.00,£5.00 / 75cl,null,drinks,wine,2024-11-19
"Sainsbury's Cava Brut, Taste the Difference 75cl",£8.75,£8.75 / 75cl,null,drinks,wine,2024-11-19
"Sainsbury's Macon Villages, Taste the Difference 75cl",£13.00,£13.00 / 75cl,null,drinks,wine,2024-11-19
Sainsbury's Winemakers' Selection Pale Cream British Fortifi...,£6.75,£5.06 / 75cl,null,drinks,wine,2024-11-19
Casillero Del Diablo Merlot 75cl,£8.00,£8.00 / 75cl,£7.00,drinks,wine,2024-11-19
Sainsbury's House Hock 2.25L,£12.50,£4.17 / 75cl,null,drinks,wine,2024-11-19
Tio Pepe Fino Sherry 75cl,£13.25,£13.25 / 75cl,£11.00,drinks,wine,2024-11-19
Stellenrust Chenin Blanc 75cl,£10.00,£10.00 / 75cl,null,drinks,wine,2024-11-19
Bread & Butter Chardonnay 75cl,£15.50,£15.50 / 75cl,£13.50,drinks,wine,2024-11-19
Sainsbury's House Soave 75cl,£4.75,£4.75 / 75cl,null,drinks,wine,2024-11-19
Martini Rosso Vermouth Aperitivo 75cl,£12.50,£12.50 / 75cl,£10.00,drinks,wine,2024-11-19
"Sainsbury's Côtes Du Ventoux, Taste the Difference 75cl",£10.50,£10.50 / 75cl,£9.00,drinks,wine,2024-11-19
Sainsbury's Liebfraumilch Pfalz 75cl,£3.65,£3.65 / 75cl,null,drinks,wine,2024-11-19
Wollemi Shiraz-Merlot 75cl,£4.25,£4.25 / 75cl,null,drinks,wine,2024-11-19
La Vieille Ferme 1.5L,£16.00,£8.00 / 75cl,£14.00,drinks,wine,2024-11-19
Sainsbury's Non Alcoholic Merry Berry Mulled Punch 75cl,£2.75,£2.75 / 75cl,£2.00,drinks,wine,2024-11-19
Carnivor Zinfandel Red Wine 75cl,£10.50,£10.50 / 75cl,null,drinks,wine,2024-11-19
Reserve de Bonpas Cotes du Rhone 75cl,£8.75,£8.75 / 75cl,£7.25,drinks,wine,2024-11-19
Bread & Butter Cabernet Sauvignon 75cl,£15.50,£15.50 / 75cl,null,drinks,wine,2024-11-19
19 Crimes The Uprising Red Wine 750ml,£10.50,£10.50 / 75cl,£8.50,drinks,wine,2024-11-19
Sainsbury's House Côtes Du Rhône 75cl,£5.50,£5.50 / 75cl,null,drinks,wine,2024-11-19
Bruce Jack Pinotage Malbec 75cl,£8.50,£8.50 / 75cl,null,drinks,wine,2024-11-19
Plaimont Côtes De Gascogne Colombard Sauvignon Blanc 75cl,£9.00,£9.00 / 75cl,null,drinks,wine,2024-11-19
"Sainsbury's Chenin Blanc, Taste the Difference 75cl",£8.50,£8.50 / 75cl,£7.25,drinks,wine,2024-11-19
Apothic Cabernet Sauvignon Red Wine 75cl,£10.50,£10.50 / 75cl,null,drinks,wine,2024-11-19
Mucho Mas Vino Tinto 75cl,£8.50,£8.50 / 75cl,null,drinks,wine,2024-11-19
Mud House Chile Sauvignon Blanc White Wine 75cl,£9.75,£9.75 / 75cl,null,drinks,wine,2024-11-19
Diablo Dark Red 75cl,£10.50,£10.50 / 75cl,null,drinks,wine,2024-11-19
Sainsbury's Tawny Port 75cl,£8.75,£8.75 / 75cl,null,drinks,wine,2024-11-19
Caminada Malbec 75cl,£6.00,£6.00 / 75cl,null,drinks,wine,2024-11-19
Kopparberg Alcohol Free Premium Cider with Strawberry & Lime...,£3.75,£2.84 / ltr,null,drinks,wine,2024-11-19
McGuigan Black Label Chardonnay 75cl,£7.25,£7.25 / 75cl,£6.25,drinks,wine,2024-11-19
"Sainsbury's Chianti Classico, Taste the Difference 75cl",£10.00,£10.00 / 75cl,null,drinks,wine,2024-11-19
Arrogant Frog Viognier 75cl,£9.25,£9.25 / 75cl,£7.75,drinks,wine,2024-11-19
Freixenet 0.0% Alcohol Free Sparkling Rosé 75cl,£5.00,£5.00 / 75cl,null,drinks,wine,2024-11-19
Laurent Perrier Champagne Brut 750ml,£50.00,£50.00 / 75cl,null,drinks,wine,2024-11-19
Vina Maipo Merlot Red Wine Chile 75cl,£5.50,£5.50 / 75cl,null,drinks,wine,2024-11-19
Wolf Blass Red Label Shiraz Cabernet 75cl,£8.00,£8.00 / 75cl,£6.50,drinks,wine,2024-11-19
Bruce Jack Chenin Blanc 75cl,£8.50,£8.50 / 75cl,null,drinks,wine,2024-11-19
Sainsbury's Winemaker's Selection Sweet Rich Cream Sherry 1 ...,£10.50,£7.88 / 75cl,null,drinks,wine,2024-11-19
Sainsbury's SO Organic No Sulphur Added Fairtrade Cabernet S...,£7.50,£7.50 / 75cl,£6.75,drinks,wine,2024-11-19
"Sainsbury's Spiced Blood Orange Passionfruit & Berry Fizz, T...",£4.50,£4.50 / 75cl,£4.00,drinks,wine,2024-11-19
La Couronne des Plantagenets Vouvray 75cl,£11.00,£11.00 / 75cl,null,drinks,wine,2024-11-19
"Sainsbury's Cremant d’Alsace, Taste the Difference 75cl",£11.50,£11.50 / 75cl,£10.50,drinks,wine,2024-11-19
Cune Crianza Rioja 75cl,£10.00,£10.00 / 75cl,null,drinks,wine,2024-11-19
Bergerac Grande Reserve Sauvignon Blanc Semillon 75cl,£7.75,£7.75 / 75cl,£6.75,drinks,wine,2024-11-19
Sainsbury's Cava Medium Dry 75cl,£6.50,£6.50 / 75cl,null,drinks,wine,2024-11-19
Barefoot Rose Wine 75cl,£7.25,£7.25 / 75cl,null,drinks,wine,2024-11-19
Roches de Provence Côtes de Provence 75cl,£10.00,£10.00 / 75cl,null,drinks,wine,2024-11-19
The Hidden Sea Sauvignon Blanc 75cl,£8.50,£8.50 / 75cl,null,drinks,wine,2024-11-19
"Roc De Lussac, Lussac St Emilion 75cl",£10.50,£10.50 / 75cl,null,drinks,wine,2024-11-19
Sainsbury's Brut Rosé Champagne 75cl,£24.00,£24.00 / 75cl,null,drinks,wine,2024-11-19
Wild Valley Rose 75cl,£3.45,£3.45 / 75cl,null,drinks,wine,2024-11-19
Freixenet Cordon Negro Brut Cava 75cl,£10.50,£10.50 / 75cl,£8.00,drinks,wine,2024-11-19
"Sainsbury's Bordeaux Rosé, Taste the Difference 75cl",£8.50,£8.50 / 75cl,£7.25,drinks,wine,2024-11-19
Hardys VR Merlot Red Wine 75cl,£5.75,£5.75 / 75cl,null,drinks,wine,2024-11-19
Hardys Stamp Merlot Boxed Red Wine 2.25L,£16.50,£5.50 / 75cl,null,drinks,wine,2024-11-19
Lambrini Lightly Sparkling Original 125cl,£3.50,£2.10 / 75cl,null,drinks,wine,2024-11-19
McGuigan Zero Shiraz Alcohol Free 75cl,£4.00,£4.00 / 75cl,null,drinks,wine,2024-11-19
"Sainsbury's Morador Malbec, Taste the Difference 75cl",£9.75,£9.75 / 75cl,null,drinks,wine,2024-11-19
"Sainsbury's Bordeaux Superieur, Taste the Difference 75cl",£9.00,£9.00 / 75cl,null,drinks,wine,2024-11-19
Oyster Bay Chardonnay 75cl,£10.75,£10.75 / 75cl,null,drinks,wine,2024-11-19
Sainsbury's Alcohol Free Sparkling 75cl,£3.25,£3.25 / 75cl,null,drinks,wine,2024-11-19
19 Crimes Red Wine 1.5L,£15.50,£7.75 / 75cl,null,drinks,wine,2024-11-19
Casillero Del Diablo Reserva Especial Sauvignon Blanc Chile ...,£10.00,£10.00 / 75cl,£8.00,drinks,wine,2024-11-19
Hardys Stamp Chardonnay White Wine 75cl,£5.25,£5.25 / 75cl,null,drinks,wine,2024-11-19
"Sainsbury's Prosecco Rosé, Taste the Difference 20cl",£3.30,£12.38 / 75cl,null,drinks,wine,2024-11-19
Hardys VR Chardonnay Boxed White Wine 2.25L,£16.00,£5.33 / 75cl,null,drinks,wine,2024-11-19
Cuvee Reserve Cotes Du Rhone 75cl,£6.75,£6.75 / 75cl,null,drinks,wine,2024-11-19
"Sainsbury's Castelão Lisboa, Taste the Difference 75cl",£8.00,£8.00 / 75cl,null,drinks,wine,2024-11-19
Sainsbury's House Chenin Blanc 75cl,£5.50,£5.50 / 75cl,null,drinks,wine,2024-11-19
"Sainsbury’s Western Australian Shiraz, Taste the Difference ...",£9.00,£9.00 / 75cl,£7.75,drinks,wine,2024-11-19
Mark West Pinot Noir Red Wine 75cl,£12.00,£12.00 / 75cl,null,drinks,wine,2024-11-19
Della Vite Valdobbiadene Prosecco Superiore D.O.C.G 75cl,£21.50,£21.50 / 75cl,£18.00,drinks,wine,2024-11-19
Cockburn's Classic Port Selection,£5.00,£5.00 / ea,£4.50,drinks,wine,2024-11-19
Piccini Chianti Riserva 75cl,£8.75,£8.75 / 75cl,null,drinks,wine,2024-11-19
19 Crimes Sauvignon Blanc Block 75cl,£9.50,£9.50 / 75cl,null,drinks,wine,2024-11-19
Sainsbury's House Shiraz (Small bottle) 18.7cl,£2.20,£8.82 / 75cl,null,drinks,wine,2024-11-19
"Sainsbury's Dry Fino Sherry, Taste the Difference 50cl",£9.50,£14.25 / 75cl,£8.00,drinks,wine,2024-11-19
Mcguigan Black Label Chardonnay 225cl,£19.00,£6.33 / 75cl,null,drinks,wine,2024-11-19
Feuerheerd's Anchor Wine Reserva Douro DOC 750ml,£11.50,£11.50 / 75cl,£10.00,drinks,wine,2024-11-19
McGuigan Estate Chardonnay (Small bottle) 18.7cl,£2.25,£9.02 / 75cl,null,drinks,wine,2024-11-19
Glenridge Point Sauvignon Blanc 75cl,£7.25,£7.25 / 75cl,null,drinks,wine,2024-11-19
McGuigan Reserve Pinot Grigio 75cl,£7.75,£7.75 / 75cl,£6.50,drinks,wine,2024-11-19
Hardys Stamp Shiraz Red Wine 75cl,£5.25,£5.25 / 75cl,null,drinks,wine,2024-11-19
Trivento Private Reserve Malbec 75cl,£11.00,£11.00 / 75cl,£9.00,drinks,wine,2024-11-19
"Sainsbury's Côtes De Provence Rosé, Taste the Difference 75c...",£11.50,£11.50 / 75cl,£9.50,drinks,wine,2024-11-19
Les Dauphins Côtes du Rhône 75cl,£8.00,£8.00 / 75cl,null,drinks,wine,2024-11-19
"Sainsbury’s Crémant de Limoux, Taste the Difference 75cl",£12.00,£12.00 / 75cl,£11.00,drinks,wine,2024-11-19
Palastri Pinot Grigio Blush 75cl,£6.25,£6.25 / 75cl,null,drinks,wine,2024-11-19
"Sainsbury's Western Australian Sauvignon Blanc, Taste the Di...",£9.00,£9.00 / 75cl,null,drinks,wine,2024-11-19
Yellow Tail Shiraz Red Wine 187ml,£2.75,£11.03 / 75cl,null,drinks,wine,2024-11-19
"Sainsbury's Pinot Grigio, SO Organic 75cl",£8.00,£8.00 / 75cl,£7.00,drinks,wine,2024-11-19
Kylie Minogue Rosé 75cl,£9.00,£9.00 / 75cl,£8.00,drinks,wine,2024-11-19
Trivento Reserve Malbec Rose Wine 75cl,£8.50,£8.50 / 75cl,null,drinks,wine,2024-11-19
Casillero del Diablo Pinot Grigio White Wine Chile 75cl,£8.00,£8.00 / 75cl,£7.00,drinks,wine,2024-11-19
"Sainsbury's Rheinhessen Sauvignon Blanc, Taste the Differen...",£8.00,£8.00 / 75cl,null,drinks,wine,2024-11-19
"Sainsbury's Petit Chablis, Taste the Difference 75cl",£15.00,£15.00 / 75cl,£13.00,drinks,wine,2024-11-19
Dow's Trademark Finest Reserve Port 75cl,£12.75,£12.75 / 75cl,£10.00,drinks,wine,2024-11-19
La Masseria Del Borgo Primitivo Manduria 75cl,£12.50,£12.50 / 75cl,null,drinks,wine,2024-11-19
Black Tower White 75cl,£5.25,£5.25 / 75cl,null,drinks,wine,2024-11-19
"Sainsbury's Châteauneuf Du Pape, Taste the Difference 75cl",£22.00,£22.00 / 75cl,£19.00,drinks,wine,2024-11-19
Penguin Sands Cabernet Sauvignon 75cl,£4.29,£4.29 / 75cl,null,drinks,wine,2024-11-19
Cremant de Bourgogne Brut 75cl,£13.50,£13.50 / 75cl,null,drinks,wine,2024-11-19
Brancott Estate Australia Pinot Grigio 75cl,£9.00,£9.00 / 75cl,null,drinks,wine,2024-11-19
"Sainsbury's Pouilly Fumé, Taste the Difference 75cl",£17.00,£17.00 / 75cl,null,drinks,wine,2024-11-19
Freixenet Italian Sparkling Rose Extra Dry Wine 75cl,£12.00,£12.00 / 75cl,£9.00,drinks,wine,2024-11-19
Sainsbury's House Montepulciano 75cl,£5.50,£5.50 / 75cl,null,drinks,wine,2024-11-19
Casillero Del Diablo Chardonnay 750ml,£8.00,£8.00 / 75cl,£7.00,drinks,wine,2024-11-19
Yellow Tail Sauvignon Blanc 75cl,£7.75,£7.75 / 75cl,£7.00,drinks,wine,2024-11-19
Barossa Ink Shiraz Red Wine 75cl,£11.00,£11.00 / 75cl,null,drinks,wine,2024-11-19
"Sainsbury's Albarino, Taste the Difference 75cl",£12.00,£12.00 / 75cl,£10.00,drinks,wine,2024-11-19
"Sainsbury's Pignoletto Brut, Taste the Difference 75cl",£8.00,£8.00 / 75cl,null,drinks,wine,2024-11-19
I Heart Prosecco 75cl,£9.00,£9.00 / 75cl,£7.50,drinks,wine,2024-11-19
McGuigan Estate Merlot 18.7cl,£2.25,£9.02 / 75cl,null,drinks,wine,2024-11-19
Sainsbury's Taste the Difference Île-de-Beauté Rosé 75cl,£10.00,£10.00 / 75cl,null,drinks,wine,2024-11-19
Stoneberg Shiraz 75cl,£5.00,£5.00 / 75cl,null,drinks,wine,2024-11-19
McGuigan Estate Chardonnay White Australian Wine 2.25L,£15.00,£5.00 / 75cl,null,drinks,wine,2024-11-19
Country Manor Medium Dry Finest Perry 2.25L,£7.50,£2.50 / 75cl,null,drinks,wine,2024-11-19
"Sainsbury's Grüner Veltliner, Taste the Difference 75cl",£11.00,£11.00 / 75cl,£9.50,drinks,wine,2024-11-19
Terra Organica Prosecco 75cl,£12.00,£12.00 / 75cl,null,drinks,wine,2024-11-19
Penguin Sands Rosé 75cl,£4.15,£4.15 / 75cl,null,drinks,wine,2024-11-19
PinotPinot Pinot Grigio 75cl,£7.25,£7.25 / 75cl,null,drinks,wine,2024-11-19
Echo Falls Summer Berries Fruit Fusion 5.5% ABV 75cl,£3.75,£3.75 / 75cl,null,drinks,wine,2024-11-19
PepperBox Shiraz 75cl,£11.00,£11.00 / 75cl,null,drinks,wine,2024-11-19
Alamos Malbec 75cl,£9.75,£9.75 / 75cl,null,drinks,wine,2024-11-19
Laurent Miquel Albarino 750ml,£12.50,£12.50 / 75cl,£10.50,drinks,wine,2024-11-19
McGuigan Reserve Cabernet Sauvignon 75cl,£7.75,£7.75 / 75cl,£6.50,drinks,wine,2024-11-19
Star Gazer Sauvignon Blanc 75cl,£6.25,£6.25 / 75cl,null,drinks,wine,2024-11-19
"Sainsbury's Côtes du Rhône Villages, Taste the Difference 75...",£9.00,£9.00 / 75cl,£7.75,drinks,wine,2024-11-19
Georges Duboeuf Fleurie 75cl,£14.00,£14.00 / 75cl,£12.00,drinks,wine,2024-11-19
Muscadet Chateau De La Pierre 75cl,£9.50,£9.50 / 75cl,null,drinks,wine,2024-11-19
Sainsbury's Winemakers' Selection Cream British Fortified Wi...,£6.75,£5.06 / 75cl,null,drinks,wine,2024-11-19
"Sainsbury's Central Coast Californian Chardonnay, Taste the ...",£12.00,£12.00 / 75cl,£10.00,drinks,wine,2024-11-19
Prestige de Calvet Bordeaux 75cl,£8.25,£8.25 / 75cl,£7.00,drinks,wine,2024-11-19
Freixenet Cordon Rosado Cava 75cl,£10.50,£10.50 / 75cl,£8.00,drinks,wine,2024-11-19
1000 Stories Bourbon Aged Zinfandel 75cl,£15.00,£15.00 / 75cl,£12.00,drinks,wine,2024-11-19
Madame F Rosé Wine 750ml,£9.50,£9.50 / 75cl,£8.00,drinks,wine,2024-11-19
Babich Marlborough Sauvignon Blanc 750ml,£13.00,£13.00 / 75cl,null,drinks,wine,2024-11-19
Piccini Memoro 750ml,£8.75,£8.75 / 75cl,£7.25,drinks,wine,2024-11-19
Louis Bouillot Cremant de Bourgogne Rosé 75cl,£14.75,£14.75 / 75cl,£12.00,drinks,wine,2024-11-19
Nicolas Feuillatte Champagne Brut Rosé 75cl,£31.50,£31.50 / 75cl,null,drinks,wine,2024-11-19
Sainsbury's Taste the Difference Pinot Noir 75cl,£11.50,£11.50 / 75cl,£10.00,drinks,wine,2024-11-19
Yealands Sauvignon Blanc 75cl,£10.50,£10.50 / 75cl,£8.50,drinks,wine,2024-11-19
Canti Pinot Grigio 75cl,£6.75,£6.75 / 75cl,£6.25,drinks,wine,2024-11-19
Banrock Station Shiraz Cabernet Boxed Red Wine 2.25L,£19.50,£6.50 / 75cl,null,drinks,wine,2024-11-19
Cono Sur Organic Pinot Noir 75L,£9.75,£9.75 / 75cl,£8.00,drinks,wine,2024-11-19
Della Vite Prosecco D.O.C Treviso Rosé 75cl,£21.50,£21.50 / 75cl,null,drinks,wine,2024-11-19
Barefoot Moscato White Wine 75cl,£7.25,£7.25 / 75cl,null,drinks,wine,2024-11-19
Most Wanted Malbec 75cl,£7.75,£7.75 / 75cl,£6.50,drinks,wine,2024-11-19
Nicholas Feuillate Champagne 75cl,£29.50,£29.50 / 75cl,null,drinks,wine,2024-11-19
La Patrie Cahors Malbec 75cl,£7.50,£7.50 / 75cl,£6.75,drinks,wine,2024-11-19
"Sainsbury's Muscadet de Sevre et Maine, Taste the Difference...",£10.50,£10.50 / 75cl,£8.50,drinks,wine,2024-11-19
Kylie Minogue Alcohol Free Sparkling Rose 75cl,£7.00,£7.00 / 75cl,£5.00,drinks,wine,2024-11-19
"Sainsbury's Touraine Sauvignon Blanc, Taste the Difference 7...",£10.50,£10.50 / 75cl,null,drinks,wine,2024-11-19
"Sainsbury's Barrihuelo Rioja Rosado, Taste the Difference 75...",£8.50,£8.50 / 75cl,null,drinks,wine,2024-11-19
Penfolds Koonunga Hill Shiraz Cabernet 75cl,£11.50,£11.50 / 75cl,£10.00,drinks,wine,2024-11-19
La Gioiosa Prosecco Gold 75cl,£11.50,£11.50 / 75cl,£9.50,drinks,wine,2024-11-19
"Sainsbury's Portuguese Alvarinho, Taste the Difference 75cl",£9.50,£9.50 / 75cl,£8.50,drinks,wine,2024-11-19
Barefoot Cabernet Sauvignon Red Wine 750ml,£8.00,£8.00 / 75cl,null,drinks,wine,2024-11-19
McGuigan Black Label Malbec Australian Red Wine 75cl,£7.25,£7.25 / 75cl,£6.25,drinks,wine,2024-11-19
Penguin Sands Pinotage 75cl,£4.29,£4.29 / 75cl,null,drinks,wine,2024-11-19
19 Crimes Malbec 75cl,£9.50,£9.50 / 75cl,null,drinks,wine,2024-11-19
"Sainsbury's New Zealand Pinot Gris, Taste the Difference 75c...",£10.50,£10.50 / 75cl,null,drinks,wine,2024-11-19
Sainsbury's Winemakers' Selection Medium British Fortified W...,£6.75,£5.06 / 75cl,null,drinks,wine,2024-11-19
"Sainsbury's Gavi Di Gavi, Taste the Difference 75cl",£12.50,£12.50 / 75cl,£10.50,drinks,wine,2024-11-19
Bouchard Aîné & Fils Chardonnay 75cl,£8.75,£8.75 / 75cl,£7.25,drinks,wine,2024-11-19
Sainsbury's House Cabernet Sauvignon 75cl,£5.50,£5.50 / 75cl,null,drinks,wine,2024-11-19
"Sainsbury's Saint Chinian, Taste the Difference 75cl",£9.50,£9.50 / 75cl,null,drinks,wine,2024-11-19
"Sainsbury's Chardonnay, Taste the Difference 75cl",£10.50,£10.50 / 75cl,£9.00,drinks,wine,2024-11-19
Blossom Hill White 75cl,£5.75,£5.75 / 75cl,null,drinks,wine,2024-11-19
Mull it Over Mulled Wine 1.5 L,£5.50,£2.75 / 75cl,null,drinks,wine,2024-11-19
McGuigan Estate Merlot Australian Red Wine 2.25L,£14.10,£4.70 / 75cl,null,drinks,wine,2024-11-19
Mirabeau X Côtes de Provence Rosé 750ml,£13.00,£13.00 / 75cl,£11.00,drinks,wine,2024-11-19
Artesano de Argento Fairtrade Organic Malbec Cabernet Franc ...,£10.50,£10.50 / 75cl,£9.00,drinks,wine,2024-11-19
"Sainsbury's Fronton Negrette Rosé, Taste The Difference 75cl",£8.50,£8.50 / 75cl,null,drinks,wine,2024-11-19
Phantom River Sauvignon Blanc Box 2.25L,£17.00,£5.67 / 75cl,null,drinks,wine,2024-11-19
McGuigan Estate Shiraz (Small bottle) 18.7cl,£2.25,£9.02 / 75cl,null,drinks,wine,2024-11-19
Martini Extra Dry Vermouth Aperitivo 75cl,£12.50,£12.50 / 75cl,£10.00,drinks,wine,2024-11-19
Jam Shed Shiraz Boxed Red Wine 1.5L,£14.50,£7.25 / 75cl,null,drinks,wine,2024-11-19
Wolf Blass Yellow Label Cabernet 75cl,£9.00,£9.00 / 75cl,null,drinks,wine,2024-11-19
Sainsbury's House Shiraz 75cl,£5.50,£5.50 / 75cl,null,drinks,wine,2024-11-19
19 Crimes Chard 75cl,£9.50,£9.50 / 75cl,£7.50,drinks,wine,2024-11-19
Chapel Down NV Brut 75cl,£28.50,£28.50 / 75cl,£25.00,drinks,wine,2024-11-19
Sainsbury's Vermouth Bianco 1L,£8.00,£6.00 / 75cl,null,drinks,wine,2024-11-19
Sainsbury's House Sweet White 75cl,£4.25,£4.25 / 75cl,null,drinks,wine,2024-11-19
Freixenet Prosecco D.O.C. Sparkling Small Wine Bottle 20cl,£3.75,£14.06 / 75cl,null,drinks,wine,2024-11-19
Yellow Tail Jammy White Roo 75cl,£7.75,£7.75 / 75cl,£7.00,drinks,wine,2024-11-19
Vin de France Cruset Rosé 75cl,£8.00,£8.00 / 75cl,£7.00,drinks,wine,2024-11-19
Sainsbury's Piesporter Michelsberg 75cl,£5.00,£5.00 / 75cl,null,drinks,wine,2024-11-19
Most Wanted Primitivo 75cl,£8.75,£8.75 / 75cl,null,drinks,wine,2024-11-19
Sainsbury's Winemakers' Selection Riesling 75cl,£5.00,£5.00 / 75cl,null,drinks,wine,2024-11-19
Casillero del Diablo Reserva Especial Cabernet Sauvignon 75c...,£10.00,£10.00 / 75cl,£8.00,drinks,wine,2024-11-19
"Sainsbury's Brut Non Vintage Champagne, Taste the Difference...",£23.00,£23.00 / 75cl,null,drinks,wine,2024-11-19
Villa Maria Reserve Sauvignon Blanc 75cl,£15.00,£15.00 / 75cl,null,drinks,wine,2024-11-19
Santa Julia Malbec 75cl,£9.75,£9.75 / 75cl,£8.00,drinks,wine,2024-11-19
PinotPinot Pinot Grigio Pink Fizz 20cl,£2.50,£9.38 / 75cl,null,drinks,wine,2024-11-19
"Sainsbury's Chilean Viognier, Taste the Difference 75cl",£9.50,£9.50 / 75cl,null,drinks,wine,2024-11-19
Heidsieck Monopole Blue Top Brut Champagne 75cl,£34.00,£34.00 / 75cl,£22.00,drinks,wine,2024-11-19
Sainsbury's Vermouth Rosso 1L,£8.00,£6.00 / 75cl,null,drinks,wine,2024-11-19
Yellow Tail Pinot Grigio 18.7cl,£2.75,£11.03 / 75cl,null,drinks,wine,2024-11-19
DV Catena Malbec 75cl,£13.00,£13.00 / 75cl,£10.00,drinks,wine,2024-11-19
"Sainsbury's Austrian Riesling, Taste the Difference 75cl",£11.00,£11.00 / 75cl,null,drinks,wine,2024-11-19
Sainsbury's Pop Zero Buck's Fizz 75cl,£3.00,£3.00 / 75cl,£2.00,drinks,wine,2024-11-19
PepperBox Chardonnay 75cl,£11.00,£11.00 / 75cl,null,drinks,wine,2024-11-19
Jacob's Creek Double Barrel Matured Shiraz Red Wine 75cl,£13.00,£13.00 / 75cl,null,drinks,wine,2024-11-19
Freixenet 0.0% Alcohol Free Sparkling Wine 75cl,£5.00,£5.00 / 75cl,null,drinks,wine,2024-11-19
Jam Shed Red Blend Red Wine 75cl,£7.75,£7.75 / 75cl,null,drinks,wine,2024-11-19
Mateus Rosé (Small bottle) 18.7cl,£2.75,£11.03 / 75cl,null,drinks,wine,2024-11-19
Sainsbury's SO Organic No Sulphur Added Fairtrade Chenin Bla...,£7.50,£7.50 / 75cl,£6.75,drinks,wine,2024-11-19
Villa Maria Blush Sauvignon 75cl,£10.75,£10.75 / 75cl,£9.00,drinks,wine,2024-11-19
Mondelli Pinot Grigio Box 2.25L,£16.50,£5.50 / 75cl,null,drinks,wine,2024-11-19
"Sainsbury's Fairtrade Pinotage, Taste the Difference 75cl",£8.50,£8.50 / 75cl,£7.25,drinks,wine,2024-11-19
Sainsbury's House Hock 75cl,£4.25,£4.25 / 75cl,null,drinks,wine,2024-11-19
Wise Wolf Rose Wine 75cl,£12.00,£12.00 / 75cl,£10.00,drinks,wine,2024-11-19
"Sainsbury's Riverblock Marlborough Sauvignon, Taste the Diff...",£10.50,£10.50 / 75cl,null,drinks,wine,2024-11-19
Les Calcaires Pinot Noir 75cl,£7.75,£7.75 / 75cl,£6.75,drinks,wine,2024-11-19
"Sainsbury's Jurançon Sec, Taste the Difference 75cl",£9.00,£9.00 / 75cl,null,drinks,wine,2024-11-19
The Wanderer Malbec Bold Red Wine 1.5L,£20.00,£10.00 / 75cl,null,drinks,wine,2024-11-19
Trivento Golden Reserve Malbec Red Wine 75cl,£16.00,£16.00 / 75cl,£13.00,drinks,wine,2024-11-19
"Sainsbury's 12 Year Old Sweet Pedro Ximenez, Taste the Diffe...",£10.00,£15.00 / 75cl,£8.50,drinks,wine,2024-11-19
McGuigan Gold Label Shiraz 75cl,£10.00,£10.00 / 75cl,£8.00,drinks,wine,2024-11-19
McGuigan Black Label Sauvignon Blanc Australian White Wine 7...,£6.75,£6.75 / 75cl,£6.25,drinks,wine,2024-11-19
Blossom Hill White Zinfandel Rosé 75cl,£6.00,£6.00 / 75cl,null,drinks,wine,2024-11-19
VII Red Blend 750ml,£10.00,£10.00 / 75cl,£9.00,drinks,wine,2024-11-19
"Sainsbury's Côtes Du Rhône White, Taste the Difference 75cl",£9.00,£9.00 / 75cl,null,drinks,wine,2024-11-19
Cru Des Côtes Du Rhône Vinsobres 75cl,£12.00,£12.00 / 75cl,null,drinks,wine,2024-11-19
"Sainsbury's Barossa Shiraz, Taste the Difference 75cl",£12.50,£12.50 / 75cl,£10.50,drinks,wine,2024-11-19
Jam Shed Rose Wine 11% ABV 75cl,£7.75,£7.75 / 75cl,£7.00,drinks,wine,2024-11-19
Santodeno Negroamaro 750ml,£11.00,£11.00 / 75cl,£9.00,drinks,wine,2024-11-19
Montpierre Sauvignon Blanc 75cl,£6.50,£6.50 / 75cl,null,drinks,wine,2024-11-19
Greasy Fingers Luscious Red 750ml,£10.00,£10.00 / 75cl,£8.00,drinks,wine,2024-11-19
Sainsbury's House Claret 75cl,£5.50,£5.50 / 75cl,null,drinks,wine,2024-11-19
Freixenet Italian Still Rose 75cl,£10.00,£10.00 / 75cl,null,drinks,wine,2024-11-19
Cune Rioja Reserva 75cl,£13.50,£13.50 / 75cl,null,drinks,wine,2024-11-19
Dark Horse Sauvignon Blanc White Wine 75cl,£10.00,£10.00 / 75cl,£8.00,drinks,wine,2024-11-19
Oyster Bay Pinot Noir 75cl,£12.00,£12.00 / 75cl,null,drinks,wine,2024-11-19
Sainsbury's Taste the Difference Marzemino Trentino 75cl,£9.75,£9.75 / 75cl,£8.00,drinks,wine,2024-11-19
"Sainsbury's Fairtrade Cabernet Sauvignon Merlot, Taste the D...",£8.50,£8.50 / 75cl,null,drinks,wine,2024-11-19
Sainsbury's House Torla Rioja 75cl,£6.00,£6.00 / 75cl,null,drinks,wine,2024-11-19
"Sainsbury's Malbec, SO Organic 75cl",£9.00,£9.00 / 75cl,£7.50,drinks,wine,2024-11-19
"Sainsbury's Chablis Vieilles Vignes, Taste the Difference 75...",£17.00,£17.00 / 75cl,£15.00,drinks,wine,2024-11-19
Wolf Blass Yellow Label Chardonnay 75cl,£9.00,£9.00 / 75cl,£7.50,drinks,wine,2024-11-19
Yellow Tail Jammy Red Roo 18.7cl,£2.75,£11.03 / 75cl,null,drinks,wine,2024-11-19
Most Wanted Albarino 75cl,£12.00,£12.00 / 75cl,null,drinks,wine,2024-11-19
Gallo Family Vineyards Pink Moscato 75cl,£5.75,£5.75 / 75cl,null,drinks,wine,2024-11-19
Oyster Bay Merlot 75cl,£11.50,£11.50 / 75cl,£9.75,drinks,wine,2024-11-19
Graham Beck Chardonnay Pinot Noir Vintner's Selection Brut 7...,£13.75,£13.75 / 75cl,null,drinks,wine,2024-11-19
Nyetimber Classic Cuvee 750ml,£42.00,£42.00 / 75cl,null,drinks,wine,2024-11-19
Louis Jadot Bourgogne Gamay 75cl,£16.00,£16.00 / 75cl,null,drinks,wine,2024-11-19
Porcupine Ridge Sauvignon Blanc 75cl,£8.50,£8.50 / 75cl,£7.00,drinks,wine,2024-11-19
Elephant In The Room Palatial Pinot Noir 75cl,£10.00,£10.00 / 75cl,£8.00,drinks,wine,2024-11-19
Taylor's 10 Year Old Tawny Port 75cl,£30.00,£30.00 / 75cl,£24.00,drinks,wine,2024-11-19
"Sainsbury's Fairtrade Rose Moscato, Taste the Difference 75c...",£5.00,£5.00 / 75cl,null,drinks,wine,2024-11-19
Jam Shed Malbec Boxed Red Wine 1.5L,£14.50,£7.25 / 75cl,£13.50,drinks,wine,2024-11-19
Sainsbury's House Chardonnay (Small bottle) 18.7cl,£2.20,£8.82 / 75cl,null,drinks,wine,2024-11-19
Château Barreyres Haut-Médoc 75cl,£15.50,£15.50 / 75cl,£13.00,drinks,wine,2024-11-19
Louis Bouillot Crémant de Bourgogne Brut 75cl,£13.50,£13.50 / 75cl,£12.00,drinks,wine,2024-11-19
Santa Julia Uco Valley Malbec 75cl,£11.00,£11.00 / 75cl,£9.00,drinks,wine,2024-11-19
Barefoot White Zinfandel Rosé Wine 18.7cl,£2.25,£9.02 / 75cl,null,drinks,wine,2024-11-19
Porta 6 White Wine 750ml,£8.25,£8.25 / 75cl,£7.25,drinks,wine,2024-11-19
Yutaka Shaoxing Rice Wine 150ml,£3.30,£16.50 / 75cl,£2.80,drinks,wine,2024-11-19
Freixenet Cordon Negro Brut Small Wine Bottle 20cl,£3.50,£13.13 / 75cl,null,drinks,wine,2024-11-19
"Sainsbury's Barbera d'Asti, Taste The Difference 75cl",£8.75,£8.75 / 75cl,null,drinks,wine,2024-11-19
"Sainsbury's Picpoul De Pinet, Taste the Difference 75cl",£10.00,£10.00 / 75cl,£8.50,drinks,wine,2024-11-19
W. & J. Graham's Late Bottled Vintage Port 75cl,£18.00,£18.00 / 75cl,£12.50,drinks,wine,2024-11-19
Campo Viejo Rioja Gran Reserva Red Wine 75cl,£17.00,£17.00 / 75cl,£15.00,drinks,wine,2024-11-19
Penfolds Max's Cabernet Sauvignon 750ml,£21.00,£21.00 / 75cl,£19.00,drinks,wine,2024-11-19
Gallo Family Vineyards Summer Rose Wine 75cl,£4.75,£4.75 / 75cl,null,drinks,wine,2024-11-19
PinotPinot Pinot Grigio Fizz 20cl,£2.50,£9.38 / 75cl,null,drinks,wine,2024-11-19
Sainsbury's House Malbec 18.7cl,£2.20,£8.82 / 75cl,null,drinks,wine,2024-11-19
La Luciana Gavi 75cl,£10.00,£10.00 / 75cl,£8.00,drinks,wine,2024-11-19
Carta Roja Gran Reserva 75cl,£7.50,£7.50 / 75cl,£6.50,drinks,wine,2024-11-19
"Sainsbury's Chablis, Taste the Difference 75cl",£16.00,£16.00 / 75cl,£15.00,drinks,wine,2024-11-19
"Sainsbury's Mirin, Inspired to Cook 150ml",£1.90,£9.50 / 75cl,null,drinks,wine,2024-11-19
Villa Maria Cellar Selection Sauvignon Blanc 750ml,£13.00,£13.00 / 75cl,£11.00,drinks,wine,2024-11-19
Signé Bourgogne Montagny 75cl,£15.50,£15.50 / 75cl,null,drinks,wine,2024-11-19
Whispering Angel Half Bottle 37.5cl,£12.00,£24.00 / 75cl,null,drinks,wine,2024-11-19
UVC Chablis 1er Cru Grande Cuvee 75cl,£26.00,£26.00 / 75cl,null,drinks,wine,2024-11-19
Jam Shed Shiraz Red Wine 187ml,£2.50,£10.03 / 75cl,null,drinks,wine,2024-11-19
Sainsbury's Sangria 1L,£3.45,£2.59 / 75cl,null,drinks,wine,2024-11-19
Torlonia Gavi 75cl,£14.00,£14.00 / 75cl,null,drinks,wine,2024-11-19
19 Crimes Dark Red 75cl,£10.50,£10.50 / 75cl,null,drinks,wine,2024-11-19
Wise Wolf Cabernet Sauvignon Red Wine 75cl,£12.00,£12.00 / 75cl,£10.00,drinks,wine,2024-11-19
Jacob's Creek Reserve Chardonnay 750ml,£10.00,£10.00 / 75cl,£7.50,drinks,wine,2024-11-19
Sainsbury's Taste the Difference Vouvray 75cl,£11.00,£11.00 / 75cl,null,drinks,wine,2024-11-19
La Terrasse Chablis 75cl,£16.00,£16.00 / 75cl,£13.00,drinks,wine,2024-11-19
Kourtaki Mavrodaphni of Patra Sweet Red Wine 75cl,£7.50,£7.50 / 75cl,null,drinks,wine,2024-11-19
Mud House Sauvignon Blanc 1.5L,£20.00,£10.00 / 75cl,null,drinks,wine,2024-11-19
"Sainsbury's Blanc De Noirs Champagne, Taste the Difference 3...",£14.00,£28.00 / 75cl,null,drinks,wine,2024-11-19
Veuve Clicquot Brut Rosé Champagne 75cl,£55.00,£55.00 / 75cl,null,drinks,wine,2024-11-19
Mondelli Chianti Riserva 75cl,£8.25,£8.25 / 75cl,£7.00,drinks,wine,2024-11-19
Babycham Sparkling Perry 4x20cl,£3.50,£3.28 / 75cl,£3.00,drinks,wine,2024-11-19
Les Caillottes Sancerre 75cl,£21.00,£21.00 / 75cl,£19.00,drinks,wine,2024-11-19
"Sainsbury's Vino Nobile di Montepulciano Toscana, Taste the ...",£12.50,£12.50 / 75cl,null,drinks,wine,2024-11-19
Tapabrava Red Blend 75cl,£8.25,£8.25 / 75cl,£6.00,drinks,wine,2024-11-19
Mionetto Orange Label Prosecco 75cl,£11.00,£11.00 / 75cl,£9.00,drinks,wine,2024-11-19
I Heart Bubbly 75cl,£7.00,£7.00 / 75cl,null,drinks,wine,2024-11-19
Cloudy Bay Sauvignon Blanc 75cl,£26.00,£26.00 / 75cl,null,drinks,wine,2024-11-19
"Sainsbury's Amarone, Taste the Difference 75cl",£22.00,£22.00 / 75cl,null,drinks,wine,2024-11-19
McGuigan Zero Rosé 75cl,£4.00,£4.00 / 75cl,null,drinks,wine,2024-11-19
Rocca Murer Pinot Grigio Rosato 75cl,£8.25,£8.25 / 75cl,£7.25,drinks,wine,2024-11-19
Piper Heidsieck Brut NV Champagne 75cl,£39.00,£39.00 / 75cl,£29.00,drinks,wine,2024-11-19
Châteauneuf Du Pape Les Courlandes 75cl,£21.00,£21.00 / 75cl,null,drinks,wine,2024-11-19
Southlands Cool Climate Sauvignon Blanc Rosé 75cl,£9.00,£9.00 / 75cl,null,drinks,wine,2024-11-19
Carta Roja Crianza Monastrell Syrah 75cl,£5.75,£5.75 / 75cl,null,drinks,wine,2024-11-19
Viña Maipo Sauvignon Blanc Pedro Jiménez 225cl,£14.50,£4.83 / 75cl,null,drinks,wine,2024-11-19
Bosman Chardonnay 750ml,£9.00,£9.00 / 75cl,£8.00,drinks,wine,2024-11-19
La Vieille Ferme Rose Wine 187ml,£2.80,£11.23 / 75cl,null,drinks,wine,2024-11-19
"Sainsbury's Rheinhessen Pinot Noir, Taste the Difference 75c...",£8.75,£8.75 / 75cl,null,drinks,wine,2024-11-19
Château Tanunda Grand Barossa Shiraz 750ml,£16.00,£16.00 / 75cl,null,drinks,wine,2024-11-19
Vina Araya Moscatel De Valencia 75cl,£7.00,£7.00 / 75cl,null,drinks,wine,2024-11-19
Martini Bianco Vermouth Aperitivo 75cl,£12.50,£12.50 / 75cl,null,drinks,wine,2024-11-19
Perrier-Jouet Grand Brut NV Champagne 75cl,£50.00,£50.00 / 75cl,£40.00,drinks,wine,2024-11-19
Freixenet Pinot Grigio 75cl,£10.00,£10.00 / 75cl,£8.50,drinks,wine,2024-11-19
19 Crimes Revolutionary Rosé 750ml,£9.50,£9.50 / 75cl,null,drinks,wine,2024-11-19
Yellow Tail Jammy Rose Roo 75cl,£7.75,£7.75 / 75cl,£7.00,drinks,wine,2024-11-19
Blue Tree a Taste of Prosecco,£6.75,£6.75 / ea,£6.00,drinks,wine,2024-11-19
Torretta Di Mondelli Pinot Grigio 75cl,£5.25,£5.25 / 75cl,null,drinks,wine,2024-11-19
Sainsbury's Blanc de Blanc Low Alcohol Sparkling Chardonnay ...,£3.50,£3.50 / 75cl,null,drinks,wine,2024-11-19
Studio by Miraval Rosé 750ml,£14.00,£14.00 / 75cl,£10.00,drinks,wine,2024-11-19
Liquid Diamond Prosecco D.O.C. Rose 75cl,£13.00,£13.00 / 75cl,null,drinks,wine,2024-11-19
"Retsina of Attiki, Kourtaki 75cl",£6.75,£6.75 / 75cl,null,drinks,wine,2024-11-19
Harveys The Bristol Cream Solera Sherry 75cl,£13.50,£13.50 / 75cl,£11.00,drinks,wine,2024-11-19
Invincible Vinho Tinto Red Wine Douro 750ml,£12.00,£12.00 / 75cl,null,drinks,wine,2024-11-19
Famille Perrin Arc Du Soleil Camargue 75cl,£10.00,£10.00 / 75cl,null,drinks,wine,2024-11-19
"Sainsbury's Demi-sec Champagne, Non Vintage 75cl",£23.00,£23.00 / 75cl,null,drinks,wine,2024-11-19
Louis Vallon Crémant De Bordeaux Blanc De Noirs 75cl,£14.75,£14.75 / 75cl,£12.50,drinks,wine,2024-11-19
"Sainsbury's Gamay, Taste the Difference 75cl",£9.00,£9.00 / 75cl,£7.50,drinks,wine,2024-11-19
Sainsbury's SO Organic Fairtrade Rosé 75cl,£7.50,£7.50 / 75cl,null,drinks,wine,2024-11-19
Barefoot Sauvignon Blanc White Wine 75cl,£8.00,£8.00 / 75cl,£7.00,drinks,wine,2024-11-19
"Sainsbury's Mid Strength Val De Loire Blanc, Taste the Diffe...",£7.50,£7.50 / 75cl,£6.50,drinks,wine,2024-11-19
Sainsbury's House Chardonnay 75cl,£5.50,£5.50 / 75cl,null,drinks,wine,2024-11-19
"Sainsbury's Pinot Grigio DOC Trentino, Taste the Difference ...",£3.00,£12.03 / 75cl,null,drinks,wine,2024-11-19
"Sainsbury's Marlborough Sauvignon Blanc, Taste the Differenc...",£3.00,£12.03 / 75cl,null,drinks,wine,2024-11-19
Famille Perrin Cotes Du Rhone Reserve 75cl,£12.00,£12.00 / 75cl,null,drinks,wine,2024-11-19
Montpierre Malbec 75cl,£6.50,£6.50 / 75cl,null,drinks,wine,2024-11-19
Belorante Montepulciano D' Abruzzo 75cl,£9.00,£9.00 / 75cl,null,drinks,wine,2024-11-19
Laughing Llama Chardonnay 75cl,£4.75,£4.75 / 75cl,null,drinks,wine,2024-11-19
Beyerskloof Pinotage 75cl,£9.00,£9.00 / 75cl,£7.50,drinks,wine,2024-11-19
McGuigan Mid Sauvignon Blanc 75cl,£7.00,£7.00 / 75cl,null,drinks,wine,2024-11-19
19 Crimes Chard 1.5L,£15.50,£7.75 / 75cl,null,drinks,wine,2024-11-19
San Pedro 35 South Cabernet Sauvignon Red Wine 75cl,£7.50,£7.50 / 75cl,£6.75,drinks,wine,2024-11-19
McGuigan Black Label Rosé Australian Wine 75cl,£7.25,£7.25 / 75cl,£6.25,drinks,wine,2024-11-19
Casillero del Diablo Cabernet Sauvignon 18.7cl,£2.75,£11.03 / 75cl,null,drinks,wine,2024-11-19
Señor del Castillo Tempranillo 75cl,£4.35,£4.35 / 75cl,null,drinks,wine,2024-11-19
Yellow Tail Rose 75cl,£7.75,£7.75 / 75cl,null,drinks,wine,2024-11-19
Casillero del Diablo Cabernet Sauvignon 1.5L,£15.50,£7.75 / 75cl,null,drinks,wine,2024-11-19
Greasy Fingers Big Buttery Chardonnay 750ml,£10.00,£10.00 / 75cl,£8.00,drinks,wine,2024-11-19
Silver Moki Sauvignon Blush 75cl,£8.25,£8.25 / 75cl,£7.00,drinks,wine,2024-11-19
Blandy's Madeira Duke of Clarence 75cl,£14.50,£14.50 / 75cl,£10.50,drinks,wine,2024-11-19
Cune White Rioja 75cl,£11.00,£11.00 / 75cl,null,drinks,wine,2024-11-19
McGuigan Mid Shiraz 75cl,£7.00,£7.00 / 75cl,null,drinks,wine,2024-11-19
Chapel Down Baccus 75cl,£16.00,£16.00 / 75cl,£14.00,drinks,wine,2024-11-19
"Sainsbury's Douro, Taste the Difference 75cl",£11.00,£11.00 / 75cl,£9.00,drinks,wine,2024-11-19
"Sainsbury's Californian Zinfandel, Taste the Difference 75cl",£12.00,£12.00 / 75cl,null,drinks,wine,2024-11-19
Campo Viejo Winemakers Blend Red Wine 75cl,£8.50,£8.50 / 75cl,£7.00,drinks,wine,2024-11-19
Beronia Rioja Reserva 750ml,£16.00,£16.00 / 75cl,£14.00,drinks,wine,2024-11-19
Graffigna Reserve Malbec 75cl,£9.00,£9.00 / 75cl,£7.50,drinks,wine,2024-11-19
Echo Falls Summer Berries Fruit Fusion 9% ABV 75cl,£5.25,£5.25 / 75cl,null,drinks,wine,2024-11-19
Casillero del Diablo Sauvignon Blanc 18.7cl,£2.75,£11.03 / 75cl,null,drinks,wine,2024-11-19
Bijou Sophie Valrose Coteaux de Béziers 75cl,£9.00,£9.00 / 75cl,£7.50,drinks,wine,2024-11-19
Moet & Chandon Nectar Imperial Champagne 75cl,£48.00,£48.00 / 75cl,null,drinks,wine,2024-11-19
Casillero del Diablo Sauvignon Blanc 1.5L,£15.50,£7.75 / 75cl,null,drinks,wine,2024-11-19
Amandla Our Future Sauvignon Blanc 75cl,£9.50,£9.50 / 75cl,£7.00,drinks,wine,2024-11-19
Bosman Nero 75cl,£10.50,£10.50 / 75cl,£8.50,drinks,wine,2024-11-19
Freixenet Sauvignon Blanc 750ml,£10.00,£10.00 / 75cl,null,drinks,wine,2024-11-19
19 Crimes Red Wine 18.7cl,£2.50,£10.03 / 75cl,null,drinks,wine,2024-11-19
CTZN Red Blend 01 75cl,£11.00,£11.00 / 75cl,null,drinks,wine,2024-11-19
Journeys End Bluegum Merlot 75cl,£12.00,£12.00 / 75cl,null,drinks,wine,2024-11-19
"Sainsbury's Rioja Gran Reserva, Taste the Difference 75cl",£15.00,£15.00 / 75cl,null,drinks,wine,2024-11-19
Black Tower Rosé 75cl,£5.25,£5.25 / 75cl,null,drinks,wine,2024-11-19
Sainsbury's Château de Pierreux Brouilly 75cl,£16.00,£16.00 / 75cl,£14.00,drinks,wine,2024-11-19
"Sainsbury's Fairtrade Shiraz, Taste the Difference 75cl",£8.50,£8.50 / 75cl,£7.25,drinks,wine,2024-11-19
D.V Catena Chardonnay 750ml,£13.00,£13.00 / 75cl,£11.00,drinks,wine,2024-11-19
Artesano de Argento Organic Malbec Rosé 75cl,£10.00,£10.00 / 75cl,£9.00,drinks,wine,2024-11-19
Villa Maria Sparkling Cuvée Brut 75cl,£14.00,£14.00 / 75cl,£11.00,drinks,wine,2024-11-19
The Butcher's Cellar Malbec 750ml,£10.00,£10.00 / 75cl,£7.00,drinks,wine,2024-11-19
Stamford Brook Chardonnay 75cl,£5.00,£5.00 / 75cl,null,drinks,wine,2024-11-19
Yealands Sauvignon Blanc Blush Marlborough 75cl,£10.50,£10.50 / 75cl,£8.50,drinks,wine,2024-11-19
Paul Jaboulet Aine Viognier 750ml,£11.00,£11.00 / 75cl,£9.00,drinks,wine,2024-11-19
Hardys Stamp Cabernet Sauvignon Red Wine 75cl,£5.25,£5.25 / 75cl,null,drinks,wine,2024-11-19
Beronia Rueda Verdejo 75cl,£11.00,£11.00 / 75cl,null,drinks,wine,2024-11-19
Vina Maipo Sauvignon Blanc Pedro Jimenez White Wine 75cl,£5.50,£5.50 / 75cl,null,drinks,wine,2024-11-19
Freixenet Italian Sparkling Rosé Small Wine Bottle 20cl,£3.75,£14.06 / 75cl,null,drinks,wine,2024-11-19
Oyster Bay Hawkes Pinot Grigio 75cl,£11.50,£11.50 / 75cl,£10.00,drinks,wine,2024-11-19
Santa Julia Plus Malbec Rosé 75cl,£9.50,£9.50 / 75cl,null,drinks,wine,2024-11-19
"Sainsbury's Sauternes, Taste the Difference 37.5cl",£12.00,£24.00 / 75cl,£10.00,drinks,wine,2024-11-19
Faustino VII Tempranillo 75cl,£8.75,£8.75 / 75cl,£7.50,drinks,wine,2024-11-19
Wise Wolf Sauvignon Blanc White Wine 75cl,£12.00,£12.00 / 75cl,£10.00,drinks,wine,2024-11-19
Bruce Jack Sauvignon Blush 750ml,£8.50,£8.50 / 75cl,£6.75,drinks,wine,2024-11-19
Pommery Champagne Brut Royal 750ml,£45.00,£45.00 / 75cl,£36.00,drinks,wine,2024-11-19
Minimalista Malbec 75cl,£8.50,£8.50 / 75cl,null,drinks,wine,2024-11-19
Yalumba Y Series Viognier 75cl,£10.00,£10.00 / 75cl,£8.00,drinks,wine,2024-11-19
"Sainsbury's Conegliano Prosecco, Taste the Difference 1.5L",£19.00,£9.50 / 75cl,null,drinks,wine,2024-11-19
Porcupine Ridge Shiraz 75cl,£8.50,£8.50 / 75cl,£7.00,drinks,wine,2024-11-19
Taittinger Brut Prestige Rosé 750ml,£48.00,£48.00 / 75cl,null,drinks,wine,2024-11-19
Martini Vibrante Non Alcoholic Aperitivo 75cl,£10.00,£13.33 / ltr,£8.00,drinks,wine,2024-11-19
"Sainsbury's Dc Muller Thurgau, Taste the Difference 75cl",£8.50,£8.50 / 75cl,null,drinks,wine,2024-11-19
UVC Chablis 75cl,£17.00,£17.00 / 75cl,null,drinks,wine,2024-11-19
Senor del Castillo Chardonnay 75cl,£3.99,£3.99 / 75cl,null,drinks,wine,2024-11-19
Montpierre Reserve Shiraz 75cl,£6.50,£6.50 / 75cl,null,drinks,wine,2024-11-19
Jam Shed Tempranillo Red Wine 75cl,£7.75,£7.75 / 75cl,£7.00,drinks,wine,2024-11-19
Most Wanted Pinot Grigio Fizz 20cl,£2.50,£9.38 / 75cl,null,drinks,wine,2024-11-19
Barossa Ink Cabernet Sauvignon Red Wine 75cl,£11.00,£11.00 / 75cl,null,drinks,wine,2024-11-19
Jam Shed Rhubarb & Strawberry Smash Rosé 75cl,£7.00,£7.00 / 75cl,£6.00,drinks,wine,2024-11-19
Castillo De Ibiza Rosé 750ml,£12.50,£12.50 / 75cl,£10.00,drinks,wine,2024-11-19
Baron Gassier Provence St V Rose 75cl,£14.00,£14.00 / 75cl,null,drinks,wine,2024-11-19
Faustino Rivero Albariño 75cl,£16.00,£16.00 / 75cl,£14.00,drinks,wine,2024-11-19
Kylie Minogue Côtes de Provence Rosé 75cl,£16.00,£16.00 / 75cl,null,drinks,wine,2024-11-19
Campo Viejo Winemakers Blend 150cl,£15.00,£7.50 / 75cl,£12.00,drinks,wine,2024-11-19
Belorante Grillo 75cl,£9.00,£9.00 / 75cl,null,drinks,wine,2024-11-19
Trivento Reserve White Malbec White Wine 75cl,£8.50,£8.50 / 75cl,£7.25,drinks,wine,2024-11-19
"Sainsbury's Chateau Tanunda Barossa Red, Taste the Differenc...",£15.00,£15.00 / 75cl,null,drinks,wine,2024-11-19
When In Rome Pinot Grigio White Wine 18.7cl,£2.95,£11.83 / 75cl,null,drinks,wine,2024-11-19
San Pedro 35 South Sauvignon Blanc White Wine 75cl,£7.50,£7.50 / 75cl,£6.75,drinks,wine,2024-11-19
Louis Pommery English Sparkling Wine Brut 75cl,£29.50,£29.50 / 75cl,£26.00,drinks,wine,2024-11-19
Laughing Llama Sauvignon 75cl,£4.75,£4.75 / 75cl,null,drinks,wine,2024-11-19
Beefsteak Club Sauvignon Blanc 75cl,£8.00,£8.00 / 75cl,null,drinks,wine,2024-11-19
Moët & Chandon Grand Vintage Champagne 75cl,£64.00,£64.00 / 75cl,null,drinks,wine,2024-11-19
Elia Côtes De Gascogne 75cl,£8.00,£8.00 / 75cl,null,drinks,wine,2024-11-19
Marlborough Heartland Sauvignon Blanc 75cl,£12.50,£12.50 / 75cl,£10.00,drinks,wine,2024-11-19
Casillero Del Diablo Belight Sauvignon Blanc 75cl,£7.25,£7.25 / 75cl,£6.25,drinks,wine,2024-11-19
"Sainsbury's Primitivo Puglia, Taste the Difference 2.25L",£20.00,£6.67 / 75cl,null,drinks,wine,2024-11-19
Moët & Chandon Brut Imperial Rose Champagne 37.5cl,£30.00,£60.00 / 75cl,null,drinks,wine,2024-11-19
Phantom River Prestige Sauvignon Blanc 75cl,£7.75,£7.75 / 75cl,£6.75,drinks,wine,2024-11-19
Serre Alta Barolo Riserva 75cl,£25.00,£25.00 / 75cl,£22.00,drinks,wine,2024-11-19
Most Wanted Sauvignon Blanc 0.5% Fizz 20cl,£2.00,£7.50 / 75cl,null,drinks,wine,2024-11-19
Wolf Blass Zero Sauvignon Blanc 750ml,£5.50,£5.50 / 75cl,null,drinks,wine,2024-11-19
Clos Saint Vincent Saint Emilion Grand Cru 75cl,£20.00,£20.00 / 75cl,£18.00,drinks,wine,2024-11-19
Mirabeau Pure Côtes De Provence 75cl,£16.00,£16.00 / 75cl,£14.50,drinks,wine,2024-11-19
Rueda Four Lines Verdejo 75cl,£9.50,£9.50 / 75cl,£7.00,drinks,wine,2024-11-19
Tutiac Bordeaux Merlot Help Protect the Ocean,£10.00,£10.00 / 75cl,£8.00,drinks,wine,2024-11-19
Bread & Butter Rosé 75cl,£15.50,£15.50 / 75cl,null,drinks,wine,2024-11-19
REAL Royal Flush Non-Alcoholic Sparkling Tea,£9.00,£9.00 / 75cl,null,drinks,wine,2024-11-19
"Sainsbury's Sicilian Nero D'avola, Taste the Difference",£8.75,£8.75 / 75cl,null,drinks,wine,2024-11-19
"Sainsbury's St-Emilion, Taste the Difference 75cl",£14.00,£14.00 / 75cl,£12.00,drinks,wine,2024-11-19
"Sainsbury's Chateau Les Bouysses Cahors, Taste the Differenc...",£13.50,£13.50 / 75cl,null,drinks,wine,2024-11-19
Most Wanted Pinot Grigio Pink Fizz 20cl,£2.50,£9.38 / 75cl,null,drinks,wine,2024-11-19
"Sainsbury's Gaillac Loin De L'oeil, Taste the Difference 75c...",£14.00,£14.00 / 75cl,£12.00,drinks,wine,2024-11-19
Sainsbury's Taste the Difference Old Vine Garnacha 75cl,£10.50,£10.50 / 75cl,null,drinks,wine,2024-11-19
Canti Cantisecco Dry 75cl,£7.00,£7.00 / 75cl,null,drinks,wine,2024-11-19
Nice Sauvignon Blanc White Wine 187ml,£2.50,£10.03 / 75cl,null,drinks,wine,2024-11-19
La Vieille Ferme Rose Wine 1.5L,£15.50,£7.75 / 75cl,£14.50,drinks,wine,2024-11-19
Chapel Down English Rose NV 75cl,£31.50,£31.50 / 75cl,£27.00,drinks,wine,2024-11-19
La Moussiere Sancerre Alphonse Mellot 75cl,£26.00,£26.00 / 75cl,£24.00,drinks,wine,2024-11-19
"Sainsbury's Chardonnay Trentino, Taste the Difference 75cl",£9.25,£9.25 / 75cl,£7.75,drinks,wine,2024-11-19
"Sainsbury's Maipo Cabernet Sauvignon, Taste the Difference 7...",£10.50,£10.50 / 75cl,£9.00,drinks,wine,2024-11-19
Journey's End Spekboom Sauvignon Blanc 75cl,£11.00,£11.00 / 75cl,£9.00,drinks,wine,2024-11-19
Nice Pale Rosé Wine 187ml,£2.50,£10.03 / 75cl,null,drinks,wine,2024-11-19
Southlands Cool Climate Sauvignon Blanc 75cl,£9.00,£9.00 / 75cl,£6.75,drinks,wine,2024-11-19
Veuve Clicquot Yellow Label Brut Non Vintage Champagne 1.5L,£98.00,£49.00 / 75cl,null,drinks,wine,2024-11-19
Royal Tokaji Late Harvest White Wine 50cl,£12.00,£18.00 / 75cl,£10.00,drinks,wine,2024-11-19
Bosman Merlot 750ml,£9.00,£9.00 / 75cl,£8.00,drinks,wine,2024-11-19
Freixenet Celebration Set,£14.00,£14.00 / ea,null,drinks,wine,2024-11-19
Reverend Sloane Saint Clair Sauvignon Blanc 750ml,£15.00,£15.00 / 75cl,£13.00,drinks,wine,2024-11-19
McGuigan Mid Rose 75cl,£7.00,£7.00 / 75cl,null,drinks,wine,2024-11-19
Nozeco Rosé 20cl’,£1.60,£6.00 / 75cl,null,drinks,wine,2024-11-19
"Sainsbury's White Mulled Wine, Taste the Difference 75cl",£6.00,£6.00 / 75cl,£5.50,drinks,wine,2024-11-19
"Sainsbury's Ribera Del Duero, Taste the Difference 75cl",£12.00,£12.00 / 75cl,£10.00,drinks,wine,2024-11-19
Tutiac Bordeaux Sauvignon Blanc Help Protect the Ocean,£10.00,£10.00 / 75cl,£8.00,drinks,wine,2024-11-19
When In Rome Premium Italian White Wine Pinot Grigio Paper B...,£10.50,£10.50 / 75cl,null,drinks,wine,2024-11-19
Château Cantemerle L'Orangerie de Cantemerle Haut Médoc 750m...,£20.00,£20.00 / 75cl,null,drinks,wine,2024-11-19
La Vieille Ferme Rose Reserve 750ml,£12.00,£12.00 / 75cl,null,drinks,wine,2024-11-19
Montpierre Chardonnay 75cl,£6.50,£6.50 / 75cl,null,drinks,wine,2024-11-19
Barone Montalto Grillo Sicilia DOC 75cl,£8.00,£8.00 / 75cl,null,drinks,wine,2024-11-19
Journey's End Identity Sauvignon Blanc 75cl,£10.00,£10.00 / 75cl,£7.00,drinks,wine,2024-11-19
Ricossa Barolo 75cl,£20.00,£20.00 / 75cl,null,drinks,wine,2024-11-19
Most Wanted New Zealand Pinot Noir 75cl,£14.00,£14.00 / 75cl,£9.00,drinks,wine,2024-11-19
Blossom Hill Rose 75cl,£5.25,£5.25 / 75cl,null,drinks,wine,2024-11-19
Segura Viudas Brut Vintage Premium Cava 75cl,£12.00,£12.00 / 75cl,null,drinks,wine,2024-11-19
19 Crimes Mid Strength Chardonnay 750ml,£8.00,£8.00 / 75cl,£7.00,drinks,wine,2024-11-19
Trapiche Reserve Malbec 1.5L,£15.50,£7.75 / 75cl,null,drinks,wine,2024-11-19
Rocca Guicciarda Chianti Classico Riserva 75cl,£16.00,£16.00 / 75cl,null,drinks,wine,2024-11-19
"Sainsbury's Monplaisir Bergerac, Taste the Difference 75cl",£11.00,£11.00 / 75cl,£9.00,drinks,wine,2024-11-19
Mirabeau Pret a Porter Rose 25cl,£3.50,£10.50 / 75cl,null,drinks,wine,2024-11-19
Lanson Le Rosé 75cl,£48.00,£48.00 / 75cl,£36.00,drinks,wine,2024-11-19
"Sainsbury's Côtes de Provence Rosé, Taste the Difference 75c...",£15.00,£15.00 / 75cl,null,drinks,wine,2024-11-19
Barkan Classic Malbec 750ml,£12.95,£12.95 / 75cl,null,drinks,wine,2024-11-19
Bourgogne Pinot Noir 75cl,£20.00,£20.00 / 75cl,£18.00,drinks,wine,2024-11-19
CleanCo Clean G Rhubarb Non-alc Gin Alt,£16.00,£22.86 / ltr,null,drinks,wine,2024-11-19
Belle & Co. Alcohol Free Sparkling Rose 75cl,£3.50,£3.50 / 75cl,null,drinks,wine,2024-11-19
Beronia Tempranillo Crianza Rioja 75cl,£13.00,£13.00 / 75cl,£10.00,drinks,wine,2024-11-19
Louis Jadot Bourgogne Chardonnay 75cl,£20.00,£20.00 / 75cl,null,drinks,wine,2024-11-19
Sancerre Rouge Les Champs Clos Pinot Noir 750ml,£15.00,£15.00 / 75cl,null,drinks,wine,2024-11-19
When In Rome Primitivo Red Wine 75cl,£10.50,£10.50 / 75cl,null,drinks,wine,2024-11-19
Trapiche Reserve Cabernet Sauvignon 75cl,£8.50,£8.50 / 75cl,£7.50,drinks,wine,2024-11-19
Oyster Bay Sparkling Cuvée Brut 75cl,£13.00,£13.00 / 75cl,£9.50,drinks,wine,2024-11-19
Sainsbury's Taste the Difference Douro White 75cl,£10.50,£10.50 / 75cl,£8.50,drinks,wine,2024-11-19
"Châteauneuf du Pape, Clos de L'Oratoire 75cl",£31.00,£31.00 / 75cl,£29.00,drinks,wine,2024-11-19
Cockburn's Vintage Port Quinta Dos Canais 75cl,£30.00,£30.00 / 75cl,£25.00,drinks,wine,2024-11-19
Kanonkop Kadette Cape Blend 75cl,£13.00,£13.00 / 75cl,£11.00,drinks,wine,2024-11-19
"Sainsbury's Bakeder Rioja Red Wine, Taste the Difference 75c...",£16.00,£16.00 / 75cl,£14.00,drinks,wine,2024-11-19
19 Crimes the Uprising Chard 75cl,£10.50,£10.50 / 75cl,£8.50,drinks,wine,2024-11-19
Graffigna Genuine Collection Pinot Grigio 750ml,£9.00,£9.00 / 75cl,null,drinks,wine,2024-11-19
La Terrasse Rosé Pays d'Oc 75cl,£10.50,£10.50 / 75cl,£9.00,drinks,wine,2024-11-19
Elephant In The Room Jumbo Chardonnay Limestone Coast 75cl,£10.00,£10.00 / 75cl,£8.00,drinks,wine,2024-11-19
Chronic Cellars Space Doubt Zinfandel 75cl,£14.00,£14.00 / 75cl,£12.00,drinks,wine,2024-11-19
Journey's End Spekboom Syrah 75cl,£11.00,£11.00 / 75cl,null,drinks,wine,2024-11-19
Most Wanted Sauvignon Blanc 187ml,£2.50,£10.03 / 75cl,null,drinks,wine,2024-11-19
Cockburn's Special Reserve Port 75cl,£14.50,£14.50 / 75cl,£11.50,drinks,wine,2024-11-19
Jam Shed Black Forest Mess Red 10% ABV 75cl,£7.00,£7.00 / 75cl,£6.00,drinks,wine,2024-11-19
Château d'Esclans Whispering Angel Côtes de Provence Rosé 15...,£42.00,£21.00 / 75cl,null,drinks,wine,2024-11-19
Sawanotsuru Japanese Sake 180ml,£5.00,£27.78 / ltr,£4.50,drinks,wine,2024-11-19
"Sainsbury's Barolo, Taste the Difference 75cl",£20.00,£20.00 / 75cl,£18.00,drinks,wine,2024-11-19
Tapabrava White Blend 75cl,£8.25,£8.25 / 75cl,£6.00,drinks,wine,2024-11-19
Wirra Wirra Church Block Cabernet Sauvignon Shiraz Merlot 75...,£15.00,£15.00 / 75cl,null,drinks,wine,2024-11-19
Castello Toledana Gavi 75cl,£15.00,£15.00 / 75cl,£13.00,drinks,wine,2024-11-19
Bottega Hamper,£12.00,£12.00 / ea,£10.00,drinks,wine,2024-11-19
Nice Malbec 187ml,£2.50,£10.03 / 75cl,null,drinks,wine,2024-11-19
Contino Rioja Reserva 75cl,£26.00,£26.00 / 75cl,£24.00,drinks,wine,2024-11-19
"Sainsbury's New Zealand Pinot Noir, Taste the Difference 75c...",£12.50,£12.50 / 75cl,null,drinks,wine,2024-11-19
Blason Macon Villages 75cl,£14.00,£14.00 / 75cl,£12.00,drinks,wine,2024-11-19
"Sainsbury's Macon Villages, Taste the Difference 75cl",£17.00,£17.00 / 75cl,£15.00,drinks,wine,2024-11-19
Terrazas de los Andes Malbec 750ml,£18.00,£18.00 / 75cl,null,drinks,wine,2024-11-19
Taiwan Tobacco & Liquor Corporation Taijade Shaohsing Chines...,£7.00,£11.67 / ltr,null,drinks,wine,2024-11-19
Lanson Le Black Label Brut 20cl,£13.00,£48.75 / 75cl,null,drinks,wine,2024-11-19
Bird in Hand Sparkling 750ml,£15.75,£15.75 / 75cl,£12.00,drinks,wine,2024-11-19
Kedem Traditional Kiddush Wine 75cl,£10.95,£10.95 / 75cl,null,drinks,wine,2024-11-19
Pellegrino Marsala Garibaldi Dolce 75cl,£12.50,£12.50 / 75cl,null,drinks,wine,2024-11-19
CTZN White Blend 01 75cl,£11.00,£11.00 / 75cl,null,drinks,wine,2024-11-19
Hawkstone Napa Valley Cabernet Sauvignon 750ml,£25.00,£25.00 / 75cl,null,drinks,wine,2024-11-19
Cali Red 75cl,£12.00,£12.00 / 75cl,£10.00,drinks,wine,2024-11-19
Freixenet Asti 75cl,£12.00,£12.00 / 75cl,£9.00,drinks,wine,2024-11-19
"Sainsbury's 10yr Tawny Port, Taste The Difference",£21.00,£21.00 / 75cl,null,drinks,wine,2024-11-19
Wolf Blass Zero Shiraz 750ml,£5.50,£5.50 / 75cl,null,drinks,wine,2024-11-19
Rozes Tawny Porto 75cl,£15.00,£15.00 / 75cl,£12.00,drinks,wine,2024-11-19
The Chocolate Block 750ml,£26.00,£26.00 / 75cl,null,drinks,wine,2024-11-19
Cockburn's Aged 10 Years Tawny Port 75cl,£25.00,£25.00 / 75cl,£18.00,drinks,wine,2024-11-19
Most Wanted Sauvignon Blanc Rose 187ml,£2.50,£10.03 / 75cl,null,drinks,wine,2024-11-19
Wynns Coonawarra the Siding Cabernet Sauvignon 75cl,£15.50,£15.50 / 75cl,£13.50,drinks,wine,2024-11-19
CTZN Red Blend 02 75cl,£11.00,£11.00 / 75cl,null,drinks,wine,2024-11-19
Minea Greco Di Tufo 75cl,£11.00,£11.00 / 75cl,£9.00,drinks,wine,2024-11-19
Joy Orange Spritz 75cl,£7.00,£7.00 / 75cl,null,drinks,wine,2024-11-19
Amandla Our Freedom Blush 75cl,£9.50,£9.50 / 75cl,£7.00,drinks,wine,2024-11-19
Famille Perrin Chateauneuf-Du-Pape 75cl,£26.00,£26.00 / 75cl,£23.00,drinks,wine,2024-11-19
19 Crimes Mid Strength Red Wine 750ml,£8.00,£8.00 / 75cl,£7.00,drinks,wine,2024-11-19
Mumm Marlborough Brut Prestige 750ml,£25.00,£25.00 / 75cl,null,drinks,wine,2024-11-19
Bolney North Downs Classic Cuvée NV Brut 75cl,£35.00,£35.00 / 75cl,null,drinks,wine,2024-11-19
Cloudy Bay Marlborough Pelorus 75cl,£26.50,£26.50 / 75cl,£22.50,drinks,wine,2024-11-19
CleanCo Clean G 70cl,£16.00,£22.86 / ltr,null,drinks,wine,2024-11-19
Miraval Côtes De Provence Rosé 75cl,£19.00,£19.00 / 75cl,£17.00,drinks,wine,2024-11-19
Berne Inspiration Côtes de Provence 75cl,£17.00,£17.00 / 75cl,null,drinks,wine,2024-11-19
Villa Antinori Toscana 750ml,£19.00,£19.00 / 75cl,£16.00,drinks,wine,2024-11-19
Canti Asti 75cl,£9.00,£9.00 / 75cl,£6.00,drinks,wine,2024-11-19
Cloudy Bay Pelorus Rose NV 75cl,£28.50,£28.50 / 75cl,£24.50,drinks,wine,2024-11-19
Howard Park Miamup Chardonnay 75cl,£12.00,£12.00 / 75cl,null,drinks,wine,2024-11-19
Martini Floreale Non Alcoholic Aperitivo 75cl,£10.00,£13.33 / 100cl,£8.00,drinks,wine,2024-11-19
The Pale 75cl,£15.00,£15.00 / 75cl,£13.00,drinks,wine,2024-11-19
Joy Spritz Lemon 75cl,£7.00,£7.00 / 75cl,null,drinks,wine,2024-11-19
The Butcher's Cellar Red Blend 750ml,£10.00,£10.00 / 75cl,£7.00,drinks,wine,2024-11-19
Famille Perrin Cotes Du Rhone Reserve 75cl,£12.00,£12.00 / 75cl,£10.00,drinks,wine,2024-11-19
Bartenura Moscato 75cl,£11.95,£11.95 / 75cl,null,drinks,wine,2024-11-19
Palwin No. 10 Menorah Red 75cl,£11.75,£11.75 / 75cl,null,drinks,wine,2024-11-19
19 Crimes Chard 18.7cl,£2.50,£10.03 / 75cl,null,drinks,wine,2024-11-19
Moët & Chandon Brut Imperial 1.5L,£92.00,£46.00 / 75cl,null,drinks,wine,2024-11-19
Moët & Chandon Ice Impérial 75cl,£50.00,£50.00 / 75cl,null,drinks,wine,2024-11-19
Baylis & Harding Lavender Bergamot Natural Epsom Bath Salts ...,£6.50,63p / 100g,null,drinks,wine,2024-11-19
Veuve Clicquot Vintage Reserve 75cl,£69.00,£69.00 / 75cl,null,drinks,wine,2024-11-19
Badia Al Colle Brunello di Montalcino 0.75L,£26.00,£26.00 / 75cl,£24.00,drinks,wine,2024-11-19
Reata Sonoma Coast Chardonnay 750ml,£19.00,£19.00 / 75cl,£17.00,drinks,wine,2024-11-19
"Magnum, 16.5% ABV - Jamaica Tonic Wine 20cl",£4.30,£21.50 / ltr,£3.50,drinks,wine,2024-11-19
"Sainsbury's High Altitude Malbec, Taste the Difference 75cl",£12.50,£12.50 / 75cl,null,drinks,wine,2024-11-19
J. Moreau & Fils Chablis Ler Cru White Wine 750cl,£30.00,£30.00 / 75cl,£27.00,drinks,wine,2024-11-19
Oree Des Charmes Charles Drouin Vire Clesse 75cl,£19.00,£19.00 / 75cl,£16.00,drinks,wine,2024-11-19
Soave Cavalmarmo DOC Classico White Wine 75cl,£12.00,£12.00 / 75cl,£10.00,drinks,wine,2024-11-19
Rozes Late Bottled Vintage Port 75cl,£20.00,£20.00 / 75cl,£16.00,drinks,wine,2024-11-19
Baylis & Harding Goodness Natural Pillow Mist Lavender Berga...,£5.00,£5.00 / 100ml,null,drinks,wine,2024-11-19
Bartenura Sparkling Moscato Rose 750ml,£15.00,£15.00 / 75cl,null,drinks,wine,2024-11-19
Baron Herzog Pinot Grigio 750ml,£14.50,£14.50 / 75cl,null,drinks,wine,2024-11-19
Cote 228 Chardonnay 750ml,£15.00,£15.00 / 75cl,null,drinks,wine,2024-11-19
