Name,Price,Price per Unit,Category,Subcategory,Date
ASDA Sweet & Bursting Blueberries 300g,£2.68,(£8.93/kg),fresh_food,fruits,2025-05-29
ASDA Sweet & Plump Raspberries,£1.89,(£12.60/kg),fresh_food,fruits,2025-05-29
JUST ESSENTIALS by ASDA Seedless Grapes (colour may vary depending on seasonality),£1.37,(£2.74/kg),fresh_food,fruits,2025-05-29
ASDA Ripe & Sweet Strawberries,£1.58,(£6.96/kg),fresh_food,fruits,2025-05-29
JUST ESSENTIALS by ASDA Farm Stores Strawberries 227g,£1.38,(£6.08/kg),fresh_food,fruits,2025-05-29
ASDA Ready to Eat Tropical & Sweet Large Mango (Typically 350g),£0.74,(74.0p/each),fresh_food,fruits,2025-05-29
JUST ESSENTIALS by ASDA Kiwis,£1.19,(19.8p/each),fresh_food,fruits,2025-05-29
ASDA Garden Gang 7 Brilliant Bananas (Colour may vary),£0.88,(12.6p/each),fresh_food,fruits,2025-05-29
JUST ESSENTIALS by ASDA Pears 550g,£0.99,(18.0p/100g),fresh_food,fruits,2025-05-29
ASDA Garden Gang Super Easy Peelers,£0.83,(£1.66/kg),fresh_food,fruits,2025-05-29
ASDA Tangy & Tropical Pineapple (Ripe & Ready To Eat),£0.98,(98.0p/each),fresh_food,fruits,2025-05-29
ASDA Sweet & Refreshing Honeydew Melon,£1.89,(£1.89/each),fresh_food,fruits,2025-05-29
ASDA Sweet & Crunchy Pomegranate Seeds,£1.12,(£14.00/kg),fresh_food,fruits,2025-05-29
ASDA Smooth & Sweet Peaches,£1.98,(49.5p/each),fresh_food,fruits,2025-05-29
ASDA 6 Sweet & Creamy Bananas,£0.94,(15.7p/each),fresh_food,fruits,2025-05-29
ASDA Galia Melon,£1.88,(£1.88/each),fresh_food,fruits,2025-05-29
ASDA Crisp & Juicy Watermelon Slices,£0.44,(£4.63/kg),fresh_food,fruits,2025-05-29
ASDA Grower's Selection Strawberries,£2.88,(£4.80/kg),fresh_food,fruits,2025-05-29
ASDA Ripe & Sweet Strawberries 400g,£1.98,(£4.95/kg),fresh_food,fruits,2025-05-29
ASDA Sweet & Juicy Royal Gala Apples,£1.58,(26.3p/each),fresh_food,fruits,2025-05-29
ASDA Juicy & Sweet Pineapple Fingers,£1.58,(£7.90/kg),fresh_food,fruits,2025-05-29
ASDA Tangy & Zesty Lemons,£1.12,(28.0p/each),fresh_food,fruits,2025-05-29
ASDA Garden Gang Amazing Apples (Colour may vary),£1.08,(18.0p/each),fresh_food,fruits,2025-05-29
ASDA Tangy & Juicy Sweetclems,£1.19,(£1.98/kg),fresh_food,fruits,2025-05-29
JUST ESSENTIALS by ASDA 4 Avocados,£1.29,(32.2p/each),fresh_food,fruits,2025-05-29
ASDA Loose Red Grapefruit,£0.47,(47.0p/each),fresh_food,fruits,2025-05-29
ASDA 4 Juicy & Sweet Nectarines,£1.98,(49.5p/each),fresh_food,fruits,2025-05-29
ASDA Juicy & Sweet Mango Fingers,£1.56,(£11.14/kg),fresh_food,fruits,2025-05-29
JUST ESSENTIALS by ASDA Plums,£1.29,(£3.23/kg),fresh_food,fruits,2025-05-29
ASDA Sweet & Juicy Blackberries,£1.98,(£13.20/kg),fresh_food,fruits,2025-05-29
Pink Lady Apples,£2.88,(48.0p/each),fresh_food,fruits,2025-05-29
ASDA Sweet & Juicy Medium Oranges,£1.42,(28.4p/each),fresh_food,fruits,2025-05-29
ASDA Creamy & Nutty Avocados,£1.58,(79.0p/each),fresh_food,fruits,2025-05-29
JUST ESSENTIALS by ASDA Oranges,£0.99,(19.8p/each),fresh_food,fruits,2025-05-29
ASDA Tart & Sweet Plums,£1.38,(£3.45/kg),fresh_food,fruits,2025-05-29
ASDA Tart & Juicy Granny Smith Apples,£1.58,(26.3p/each),fresh_food,fruits,2025-05-29
ASDA Delicate & Smooth Papaya (Typically 350g),£1.87,(£1.87/each),fresh_food,fruits,2025-05-29
ASDA Crisp & Juicy Watermelon Fans,£1.56,(£5.20/kg),fresh_food,fruits,2025-05-29
ASDA Soft & Sweet Kiwi Fruit,£1.33,(33.2p/each),fresh_food,fruits,2025-05-29
ASDA Sweet & Delicate Conference Pears,£1.97,(49.2p/each),fresh_food,fruits,2025-05-29
ASDA Sweet & Juicy Melon Slices,£2.14,(£5.35/kg),fresh_food,fruits,2025-05-29
ASDA Giant Pineapple (Ripe & Ready To Eat),£1.88,(£1.88/each),fresh_food,fruits,2025-05-29
ASDA Soft & Sweet Golden Delicious Apples,£1.58,(26.3p/each),fresh_food,fruits,2025-05-29
ASDA Banana Chips 75g,£0.98,(£1.31/100g),fresh_food,fruits,2025-05-29
ASDA Grower's Selection Apricots,£1.88,(£5.88/kg),fresh_food,fruits,2025-05-29
ASDA Tangy & Crunchy Rhubarb 400g,£1.38,(£3.45/kg),fresh_food,fruits,2025-05-29
ASDA Loose Lemon,£0.28,(28.0p/each),fresh_food,fruits,2025-05-29
ASDA Sharp & Sweet Passion Fruit,£1.18,(39.3p/each),fresh_food,fruits,2025-05-29
ASDA Apricots 200g,£1.67,(83.5p/100g),fresh_food,fruits,2025-05-29
ASDA Zingy & Crisp Braeburn Apples,£1.58,(26.3p/each),fresh_food,fruits,2025-05-29
ASDA Organic Blueberries,£2.36,(£18.88/kg),fresh_food,fruits,2025-05-29
ASDA Succulent & Juicy Mixed Berries 200g,£2.74,(£13.70/kg),fresh_food,fruits,2025-05-29
ASDA Sweet & Delicate Pears (Colour and Variety may vary),£2.88,(£2.40/kg),fresh_food,fruits,2025-05-29
ASDA Crisp & Juicy Apple Slices,£0.44,(£5.50/kg),fresh_food,fruits,2025-05-29
ASDA Juicy & Refreshing Melon Fingers 450g,£3.32,(£7.38/kg),fresh_food,fruits,2025-05-29
ASDA Juicy & Tart Blackberries 250g,£2.98,(£11.92/kg),fresh_food,fruits,2025-05-29
ASDA Pomegranate,£1.23,(£1.23/each),fresh_food,fruits,2025-05-29
ASDA Extra Special ClemenGold Easy Peelers,£1.87,(£3.12/kg),fresh_food,fruits,2025-05-29
Love Me Tender Dragon Fruit,£3.02,(£3.02/each),fresh_food,fruits,2025-05-29
ASDA Pineapple Lolly,£0.44,(£5.50/kg),fresh_food,fruits,2025-05-29
,,,fresh_food,fruits,2025-05-29
,,,fresh_food,fruits,2025-05-29
,,,fresh_food,fruits,2025-05-29
,,,fresh_food,fruits,2025-05-29
,,,fresh_food,fruits,2025-05-29
,,,fresh_food,fruits,2025-05-29
ASDA Sweet & Bursting Blueberries 300g,£2.68,(£8.93/kg),fresh_food,fruits,2025-05-29
ASDA Sweet & Delicate Pears (Colour and Variety may vary),£2.88,(£2.40/kg),fresh_food,fruits,2025-05-29
ASDA Tropical & Sweet Mangoes (Each Mango Typically 300g),£1.77,(88.5p/each),fresh_food,fruits,2025-05-29
ASDA Goji Berries 100g,£1.86,(£1.86/100g),fresh_food,fruits,2025-05-29
ASDA 3 Large Unwaxed Lemons,£1.26,(42.0p/each),fresh_food,fruits,2025-05-29
ASDA Extra Special OrangeGold 4 Oranges,£2.24,(56.0p/each),fresh_food,fruits,2025-05-29
ASDA Melon & Grapes,£1.12,(£7.00/kg),fresh_food,fruits,2025-05-29
"ASDA Almonds, Walnuts, Cashews & Hazelnuts Nut Selection 200g",£1.98,(99.0p/100g),fresh_food,fruits,2025-05-29
ASDA Large Avocado,£0.94,(94.0p/each),fresh_food,fruits,2025-05-29
ASDA Juicy & Sweet Mango Chunks,£2.63,(£9.56/kg),fresh_food,fruits,2025-05-29
ASDA Apricots 200g,£1.67,(83.5p/100g),fresh_food,fruits,2025-05-29
ASDA Pomegranate,£1.23,(£1.23/each),fresh_food,fruits,2025-05-29
"ASDA Raisins, Berries & Cherries 250g",£1.98,(79.2p/100g),fresh_food,fruits,2025-05-29
ASDA Juicy & Sweet Pineapple Chunks,£2.44,(£6.10/kg),fresh_food,fruits,2025-05-29
ASDA Extra Special ClemenGold Easy Peelers,£1.87,(£3.12/kg),fresh_food,fruits,2025-05-29
ASDA Dates 200g,£1.67,(£8.35/kg),fresh_food,fruits,2025-05-29
ASDA Fruit & Seed Mix 150g,£1.04,(69.3p/100g),fresh_food,fruits,2025-05-29
ASDA Sweet & Juicy Summer Fruit Bowl 450g,£3.48,(£7.73/kg),fresh_food,fruits,2025-05-29
ASDA Pineapple Lolly,£0.44,(£5.50/kg),fresh_food,fruits,2025-05-29
ASDA Sweet & Juicy Melon Medley,£2.83,(£7.45/kg),fresh_food,fruits,2025-05-29
ASDA Mild & Crisp Apple Grapes & Cheese,£1.46,(£9.73/kg),fresh_food,fruits,2025-05-29
ASDA Prunes 200g,£1.58,(79.0p/100g),fresh_food,fruits,2025-05-29
ASDA Sweet & Crunchy Pomegranate Seeds,£2.04,(£10.20/kg),fresh_food,fruits,2025-05-29
ASDA Cranberries 100g,£1.04,(£1.04/100g),fresh_food,fruits,2025-05-29
ASDA Organic 5 Fairtrade Bananas,£1.38,(27.6p/each),fresh_food,fruits,2025-05-29
ASDA Grapes,£0.44,(£5.50/kg),fresh_food,fruits,2025-05-29
Zeina Deglet Nour Dates,£1.48,(£7.40/kg),fresh_food,fruits,2025-05-29
ASDA Dried Mango 75g,£1.67,(£2.23/100g),fresh_food,fruits,2025-05-29
ASDA Organic Kiwi Fruit,£1.88,(47.0p/each),fresh_food,fruits,2025-05-29
ASDA Extra Special Medjoul Dates,£4.74,(£9.48/kg),fresh_food,fruits,2025-05-29
ASDA Cashew & Cranberry Mix 250g,£1.98,(79.2p/100g),fresh_food,fruits,2025-05-29
ASDA Sweet & Juicy Fruit Platter 850g,£3.97,(£4.67/kg),fresh_food,fruits,2025-05-29
Pink Lady Apples,£2.34,(58.5p/each),fresh_food,fruits,2025-05-29
ASDA Juicy & Tart Blackberries 250g,£2.98,(£11.92/kg),fresh_food,fruits,2025-05-29
"ASDA Sweet & Juicy Strawberry, Apple & Grapes 130g",£1.32,(£10.15/kg),fresh_food,fruits,2025-05-29
ASDA Trail Mix 200g,£1.04,(52.0p/100g),fresh_food,fruits,2025-05-29
"ASDA Sweet & Crisp Pineapple, Grapes & Apple 225g",£1.62,(£7.20/kg),fresh_food,fruits,2025-05-29
ASDA Mango Melon & Pineapple Mini Platter,£1.98,(£8.25/kg),fresh_food,fruits,2025-05-29
ASDA Organic Ripe Avocado,£1.36,(£1.36/each),fresh_food,fruits,2025-05-29
ASDA Cashew & Raisin Mix 250g,£1.98,(79.2p/100g),fresh_food,fruits,2025-05-29
ASDA Sweet & Tart Grapefruits,£1.38,(46.0p/each),fresh_food,fruits,2025-05-29
"ASDA Fruit, Nut & Seed Mix 200g",£1.48,(74.0p/100g),fresh_food,fruits,2025-05-29
ASDA Figs 200g,£1.98,(99.0p/100g),fresh_food,fruits,2025-05-29
"ASDA Juicy & Crisp Mango, Watermelon & Blueberries 220g",£2.07,(£9.41/kg),fresh_food,fruits,2025-05-29
"ASDA Sweet & Tangy Kiwi, Melon & Strawberry 220g",£2.08,(£9.45/kg),fresh_food,fruits,2025-05-29
ASDA 3 Raisin Mix 200g,£1.48,(74.0p/100g),fresh_food,fruits,2025-05-29
ASDA Cranberry & Macadamia Mix 200g,£1.98,(99.0p/100g),fresh_food,fruits,2025-05-29
ASDA Extra Special LemonGold 4 Seedless Lemons,£1.46,(36.5p/each),fresh_food,fruits,2025-05-29
ASDA Extra Special Ripe & Ready Giant Avocado,£2.12,(£2.12/each),fresh_food,fruits,2025-05-29
ASDA Juicy & Sweet Mango & Berries 220g,£2.48,(£11.27/kg),fresh_food,fruits,2025-05-29
ASDA Strawberries Stock up Bundle,£3.96,null,fresh_food,fruits,2025-05-29
ASDA Apple Slices & Grapes Stock Up Bundle,£1.17,null,fresh_food,fruits,2025-05-29
ASDA Organic Apples,£2.34,(39.0p/each),fresh_food,fruits,2025-05-29
ASDA Apple Slices Stock Up Bundle,£1.17,null,fresh_food,fruits,2025-05-29
ASDA Sweet & Bursting Blueberries 500g,£4.32,(£8.64/kg),fresh_food,fruits,2025-05-29
JUST ESSENTIALS by ASDA Plums Stock Up Bundle,£5.16,null,fresh_food,fruits,2025-05-29
ASDA Avocados Stock Up Bundle,£4.74,null,fresh_food,fruits,2025-05-29
ASDA Tangy & Crunchy Rhubarb 400g,£1.38,(£3.45/kg),fresh_food,fruits,2025-05-29
ASDA Ripe & Sweet Strawberries 400g,£1.98,(£4.95/kg),fresh_food,fruits,2025-05-29
ASDA Grower's Selection Strawberries,£2.88,(£4.80/kg),fresh_food,fruits,2025-05-29
ASDA Cashew & Raisin Mix 250g,£1.98,(79.2p/100g),fresh_food,fruits,2025-05-29
ASDA Garden Gang Super Easy Peelers,£0.83,(£1.66/kg),fresh_food,fruits,2025-05-29
"ASDA Raisins, Berries & Cherries 250g",£1.98,(79.2p/100g),fresh_food,fruits,2025-05-29
Jersey Royal Potatoes 750g,£1.98,(£2.64/kg),fresh_food,vegetables,2025-05-29
ASDA Tender & Crunchy Broccoli,£0.68,(£1.89/kg),fresh_food,vegetables,2025-05-29
ASDA Crunchy & Sweet Carrots,£0.69,(69.0p/kg),fresh_food,vegetables,2025-05-29
JUST ESSENTIALS by ASDA White Potatoes 2kg,£1.35,(67.5p/kg),fresh_food,vegetables,2025-05-29
ASDA Sweet & Earthy Parsnips,£0.74,(£1.48/kg),fresh_food,vegetables,2025-05-29
ASDA British Fluffy & Golden Large Baking Potatoes,£0.79,(19.8p/each),fresh_food,vegetables,2025-05-29
ASDA Extra Special British Baby Potatoes,£0.88,(£1.76/kg),fresh_food,vegetables,2025-05-29
JUST ESSENTIALS by ASDA Mushrooms (Varieties may vary),£0.80,(£3.20/kg),fresh_food,vegetables,2025-05-29
ASDA Courgettes,£0.78,(£2.22/kg),fresh_food,vegetables,2025-05-29
ASDA Mild & Crunchy Baby Corn,£1.08,(£7.45/kg),fresh_food,vegetables,2025-05-29
ASDA Grower's Selection British Carrots 500g,£0.43,(86.0p/kg),fresh_food,vegetables,2025-05-29
ASDA Crunchy & Fragrant Brown Onions,£0.99,(99.0p/kg),fresh_food,vegetables,2025-05-29
ASDA Aubergine,£0.68,(68.0p/each),fresh_food,vegetables,2025-05-29
ASDA Mild & Versatile White Mushrooms,£0.88,(£3.52/kg),fresh_food,vegetables,2025-05-29
ASDA Extra Special Hand Picked Tenderstem Broccoli,£1.28,(£8.00/kg),fresh_food,vegetables,2025-05-29
ASDA Mild & Tender Spinach,£1.33,(£4.43/kg),fresh_food,vegetables,2025-05-29
ASDA Light & Nutty Cauliflower,£1.19,(£1.19/each),fresh_food,vegetables,2025-05-29
ASDA Sweet & Earthy Savoy Cabbage,£0.78,(78.0p/each),fresh_food,vegetables,2025-05-29
ASDA Aromatic & Zesty Coriander,£1.08,(£1.08/each),fresh_food,vegetables,2025-05-29
ASDA Mild & Sweet Trimmed Leeks,£1.39,(£2.78/kg),fresh_food,vegetables,2025-05-29
ASDA Sweet & Crunchy Red Onions,£0.98,(98.0p/kg),fresh_food,vegetables,2025-05-29
ASDA Creamy & Flavoursome Sweet Potatoes,£1.17,(£1.17/kg),fresh_food,vegetables,2025-05-29
ASDA Diced Carrots & Swede,£0.54,(£1.08/kg),fresh_food,vegetables,2025-05-29
ASDA Butternut Squash (Typically 1.2kg),£1.42,(£1.18/kg),fresh_food,vegetables,2025-05-29
ASDA White Cabbage,£1.00,(£1.00/kg),fresh_food,vegetables,2025-05-29
ASDA Loose Garlic,£0.39,(39.0p/each),fresh_food,vegetables,2025-05-29
ASDA Sweet & Juicy Sweetcorn Cobettes,£1.37,(34.2p/each),fresh_food,vegetables,2025-05-29
ASDA Tender & Crunchy Trimmed Fine Beans,£1.08,(£6.00/kg),fresh_food,vegetables,2025-05-29
JUST ESSENTIALS by ASDA Green Beans,£0.93,(£3.88/kg),fresh_food,vegetables,2025-05-29
ASDA Tender & Crisp Mangetout,£1.18,(£7.38/kg),fresh_food,vegetables,2025-05-29
ASDA Sweet & Nutty Sprouts,£1.34,(£4.47/kg),fresh_food,vegetables,2025-05-29
ASDA Mild & Delicate Courgettes,£1.07,(£3.24/kg),fresh_food,vegetables,2025-05-29
ASDA Crunchy & Flavoursome Peppers (Colour may vary),£3.24,(£2.16/kg),fresh_food,vegetables,2025-05-29
ASDA 3 Crunchy & Fragrant Brown Onions,£0.95,(31.7p/each),fresh_food,vegetables,2025-05-29
ASDA Mild & Crisp Pak Choi,£1.08,(£5.40/kg),fresh_food,vegetables,2025-05-29
ASDA Sweet & Earthy Bunched Beetroot,£1.47,(£2.94/kg),fresh_food,vegetables,2025-05-29
ASDA Earthy & Crisp Cauliflower & Broccoli Florets,£1.37,(£3.42/kg),fresh_food,vegetables,2025-05-29
ASDA Loose Mooli (Typically 350g),£0.80,(£2.28/kg),fresh_food,vegetables,2025-05-29
ASDA British Swede,£0.62,(62.0p/each),fresh_food,vegetables,2025-05-29
ASDA Fragrant & Bold Garlic (Typically 45-60mm),£2.00,(40.0p/each),fresh_food,vegetables,2025-05-29
ASDA Buttery & Herby Baby Potatoes,£1.10,(£3.06/kg),fresh_food,vegetables,2025-05-29
ASDA Light & Fluffy Maris Piper Potatoes 2kg,£1.80,(90.0p/kg),fresh_food,vegetables,2025-05-29
Jersey Royal Potatoes 450g,£1.18,(£2.62/kg),fresh_food,vegetables,2025-05-29
Just Add Garlic Puree,£0.98,(13.1p/10g),fresh_food,vegetables,2025-05-29
ASDA Large Cauliflower,£1.80,(£1.80/each),fresh_food,vegetables,2025-05-29
ASDA 3 Sweet & Crunchy Red Onions,£0.95,(31.7p/each),fresh_food,vegetables,2025-05-29
ASDA Delicately Sweet Tenderheart Cabbage,£0.69,(69.0p/each),fresh_food,vegetables,2025-05-29
ASDA Nutty & Earthy Chestnut Mushrooms,£0.90,(£3.60/kg),fresh_food,vegetables,2025-05-29
ASDA Loose Dudhi (Typically 400g),£2.21,(£5.53/kg),fresh_food,vegetables,2025-05-29
ASDA Crisp & Earthy Unwashed Sliced Curly Kale 150g,£0.77,(£5.13/kg),fresh_food,vegetables,2025-05-29
ASDA Firm & Flavoursome Baby Potatoes 1kg,£0.98,(98.0p/kg),fresh_food,vegetables,2025-05-29
ASDA Sliced Red Onion,£0.58,(£3.87/kg),fresh_food,vegetables,2025-05-29
ASDA Sliced Carrots,£0.64,(£2.13/kg),fresh_food,vegetables,2025-05-29
ASDA Sweet & Nutty Trimmed Brussels Sprouts,£1.28,(£6.40/kg),fresh_food,vegetables,2025-05-29
ASDA Delicately Sweet Dill 150g,£1.06,(£1.06/each),fresh_food,vegetables,2025-05-29
ASDA Sugar Snap Peas,£1.18,(£7.38/kg),fresh_food,vegetables,2025-05-29
ASDA Mild & Sweet Spring Greens,£0.79,(£1.58/kg),fresh_food,vegetables,2025-05-29
ASDA Extra Special Tenderstem Broccoli Tips,£1.15,(£11.50/kg),fresh_food,vegetables,2025-05-29
ASDA Warm & Fruity Red Chillies,£0.56,(9.3p/10g),fresh_food,vegetables,2025-05-29
ASDA Sweet & Warming Ginger,£1.85,(£3.70/kg),fresh_food,vegetables,2025-05-29
,,,fresh_food,vegetables,2025-05-29
,,,fresh_food,vegetables,2025-05-29
,,,fresh_food,vegetables,2025-05-29
Jersey Royal Potatoes 750g,£1.98,(£2.64/kg),fresh_food,vegetables,2025-05-29
ASDA Sweet & Earthy Bunched Beetroot,£1.47,(£2.94/kg),fresh_food,vegetables,2025-05-29
ASDA Crisp & Smooth Stringless Beans,£0.98,(£4.90/kg),fresh_food,vegetables,2025-05-29
ASDA Cool & Refreshing Growing Garden Mint,£1.08,(£1.08/each),fresh_food,vegetables,2025-05-29
ASDA Extra Special 4 British Baking Potatoes,£1.57,(39.2p/each),fresh_food,vegetables,2025-05-29
ASDA Sliced Red Onion,£0.58,(£3.87/kg),fresh_food,vegetables,2025-05-29
ASDA Sweet & Nutty Trimmed Brussels Sprouts,£1.28,(£6.40/kg),fresh_food,vegetables,2025-05-29
ASDA Sweet & Vibrant Mediterranean Style Vegetables 420g,£1.50,(£3.57/kg),fresh_food,vegetables,2025-05-29
ASDA Mild & Sweet Spring Greens,£0.79,(£1.58/kg),fresh_food,vegetables,2025-05-29
ASDA Fragrant & Bold Garlic (Typically 45-60mm),£2.00,(40.0p/each),fresh_food,vegetables,2025-05-29
ASDA Sliced Carrots,£0.64,(£2.13/kg),fresh_food,vegetables,2025-05-29
ASDA Nutty & Earthy Chestnut Mushrooms,£0.90,(£3.60/kg),fresh_food,vegetables,2025-05-29
ASDA Smooth & Rich Red Potatoes 2kg,£1.20,(60.0p/kg),fresh_food,vegetables,2025-05-29
ASDA Hot & Fragrant Thin Chillies,£0.55,(11.0p/10g),fresh_food,vegetables,2025-05-29
ASDA Large Cauliflower,£1.80,(£1.80/each),fresh_food,vegetables,2025-05-29
ASDA Mild & Tender Cabbage & Leek,£0.90,(£4.50/kg),fresh_food,vegetables,2025-05-29
ASDA Mild & Versatile White Mushrooms,£1.29,(£3.23/kg),fresh_food,vegetables,2025-05-29
ASDA Delightfully Fragrant Rosemary,£0.52,(26.0p/10g),fresh_food,vegetables,2025-05-29
ASDA Extra Special Cavolo Nero Kale,£1.00,(£6.67/kg),fresh_food,vegetables,2025-05-29
ASDA Light & Nutty Cauliflower Florets,£1.00,(£4.00/kg),fresh_food,vegetables,2025-05-29
ASDA Extra Special Hand Picked Tenderstem Broccoli 320g,£2.30,(£7.19/kg),fresh_food,vegetables,2025-05-29
ASDA Sweet & Delicate Chantenay Carrots,£0.78,(£2.60/kg),fresh_food,vegetables,2025-05-29
ASDA Wonderfully Aromatic Basil,£0.60,(20.0p/10g),fresh_food,vegetables,2025-05-29
ASDA Fluffy & Golden Baking Potatoes 2kg,£1.78,(89.0p/kg),fresh_food,vegetables,2025-05-29
ASDA Delicately Sweet Dill 150g,£1.06,(£1.06/each),fresh_food,vegetables,2025-05-29
ASDA Hot & Fragrant Thin Chillies,£1.23,(7.0p/10g),fresh_food,vegetables,2025-05-29
ASDA Savoury & Smooth Cheesy Mash,£1.33,(£3.33/kg),fresh_food,vegetables,2025-05-29
ASDA Fluffy & Crisp King Edward Potatoes 2kg,£1.78,(89.0p/kg),fresh_food,vegetables,2025-05-29
ASDA Celeriac (Typically 1kg),£1.55,(£1.55/kg),fresh_food,vegetables,2025-05-29
ASDA Mild & Tender Baby Button Mushrooms,£1.06,(£5.30/kg),fresh_food,vegetables,2025-05-29
ASDA Delicately Sweet Dill,£0.60,(24.0p/10g),fresh_food,vegetables,2025-05-29
ASDA Mild & Subtle Padron Peppers,£1.06,(7.8p/10g),fresh_food,vegetables,2025-05-29
ASDA Runner Beans,£1.33,(£7.39/kg),fresh_food,vegetables,2025-05-29
ASDA Savoury & Mild Vegetable Soup Mix 500g,£1.00,(£2.00/kg),fresh_food,vegetables,2025-05-29
ASDA Carrots & Peas 300g,£0.90,(£3.00/kg),fresh_food,vegetables,2025-05-29
ASDA Sweet & Warming Ginger,£1.85,(£3.70/kg),fresh_food,vegetables,2025-05-29
ASDA Warm & Fruity Mixed Chillies,£0.56,(9.3p/10g),fresh_food,vegetables,2025-05-29
ASDA Fennel,£0.85,(85.0p/each),fresh_food,vegetables,2025-05-29
ASDA Naturally Sweet Shallots,£1.00,(£3.33/kg),fresh_food,vegetables,2025-05-29
ASDA Fresh & Earthy Thyme,£0.52,(26.0p/10g),fresh_food,vegetables,2025-05-29
ASDA Mediterranean Vegetables,£1.78,(£4.45/kg),fresh_food,vegetables,2025-05-29
Albert Bartlett Sweet Potato Mash,£1.25,(£4.17/kg),fresh_food,vegetables,2025-05-29
ASDA Fiery & Fruity Scotch Bonnet Chillies,£0.84,(16.8p/10g),fresh_food,vegetables,2025-05-29
ASDA Organic Broccoli 300g,£1.28,(£4.27/kg),fresh_food,vegetables,2025-05-29
ASDA Extra Special Handpicked Extra Fine Beans,£1.43,(£7.15/kg),fresh_food,vegetables,2025-05-29
"ASDA Tenderstem Broccoli, Carrot & Sugar Snap",£1.57,(£9.81/kg),fresh_food,vegetables,2025-05-29
Just Add Ginger Purée 75g,£0.98,(13.1p/10g),fresh_food,vegetables,2025-05-29
ASDA Mild & Versatile Sliced Mushrooms,£1.08,(£4.32/kg),fresh_food,vegetables,2025-05-29
ASDA Crisp & Golden Potato Rostis,£1.26,(£4.20/kg),fresh_food,vegetables,2025-05-29
"ASDA Baby Corn, Tenderstem Broccoli & Fine Beans",£1.57,(£9.81/kg),fresh_food,vegetables,2025-05-29
ASDA Organic Red Onions,£1.17,(£2.34/kg),fresh_food,vegetables,2025-05-29
ASDA Organic Spinach,£2.00,(£6.67/kg),fresh_food,vegetables,2025-05-29
ASDA Aromatic & Zesty Growing Coriander,£1.08,(£1.08/each),fresh_food,vegetables,2025-05-29
ASDA Organic Seasonal Cabbage (Colour and Variety may vary),£1.30,(£1.30/each),fresh_food,vegetables,2025-05-29
Albert Bartlett Rooster Potatoes,£2.23,(£1.11/kg),fresh_food,vegetables,2025-05-29
ASDA Organic Brown Onions,£1.00,(£2.00/kg),fresh_food,vegetables,2025-05-29
ASDA Fragrant & Mild Chives,£0.60,(24.0p/10g),fresh_food,vegetables,2025-05-29
ASDA Tender & Sweet Baby Aubergines,£2.00,(£6.67/kg),fresh_food,vegetables,2025-05-29
ASDA Extra Special British Baby Potatoes 1kg,£1.48,(£1.48/kg),fresh_food,vegetables,2025-05-29
Just Add Chilli Puree,£0.98,(14.0p/10g),fresh_food,vegetables,2025-05-29
,,,fresh_food,vegetables,2025-05-29
,,,fresh_food,vegetables,2025-05-29
,,,fresh_food,vegetables,2025-05-29
Jersey Royal Potatoes 750g,£1.98,(£2.64/kg),fresh_food,vegetables,2025-05-29
ASDA Organic Seasonal Cabbage (Colour and Variety may vary),£1.30,(£1.30/each),fresh_food,vegetables,2025-05-29
ASDA Delightfully Fragrant Growing Rosemary,£1.12,(£1.12/each),fresh_food,vegetables,2025-05-29
ASDA Organic Brown Onions,£1.00,(£2.00/kg),fresh_food,vegetables,2025-05-29
ASDA Delicate & Peppery Growing Curly Parsley,£1.08,(£1.08/each),fresh_food,vegetables,2025-05-29
ASDA Savoury & Mild Vegetable Soup Mix 500g,£1.00,(£2.00/kg),fresh_food,vegetables,2025-05-29
ASDA Light & Citrusy Lemongrass,£0.52,(17.3p/10g),fresh_food,vegetables,2025-05-29
ASDA Mild & Versatile Sliced Mushrooms,£1.08,(£4.32/kg),fresh_food,vegetables,2025-05-29
ASDA Fresh & Earthy Thyme,£0.52,(26.0p/10g),fresh_food,vegetables,2025-05-29
ASDA Crisp & Golden Mini Hash Browns,£1.25,(£3.57/kg),fresh_food,vegetables,2025-05-29
ASDA Extra Special Hand Picked Tenderstem Broccoli 320g,£2.30,(£7.19/kg),fresh_food,vegetables,2025-05-29
ASDA Kohlrabi (Colour might vary),£1.60,(£4.00/kg),fresh_food,vegetables,2025-05-29
ASDA Crisp & Fluffy Potato Croquettes,£1.32,(£4.78/kg),fresh_food,vegetables,2025-05-29
ASDA Extra Special British Shiitake Mushrooms,£1.67,(£14.52/kg),fresh_food,vegetables,2025-05-29
Albert Bartlett Sweet Potato Mash,£1.25,(£4.17/kg),fresh_food,vegetables,2025-05-29
ASDA Extra Special British Potatoes 2kg,£1.97,(98.5p/kg),fresh_food,vegetables,2025-05-29
ASDA Crisp & Golden Potato Rostis,£1.26,(£4.20/kg),fresh_food,vegetables,2025-05-29
ASDA Delicate & Peppery Curly Parsley,£0.52,(17.3p/10g),fresh_food,vegetables,2025-05-29
ASDA Swede Portion,£0.62,(62.0p/each),fresh_food,vegetables,2025-05-29
ASDA Extra Special Mixed Mushrooms,£1.72,(£11.47/kg),fresh_food,vegetables,2025-05-29
Albert Bartlett Cheese Croquettes,£1.54,(£6.16/kg),fresh_food,vegetables,2025-05-29
Albert Bartlett 3 Mild Onions,£1.68,(56.0p/each),fresh_food,vegetables,2025-05-29
Golden Kings Golden Potatoes,£1.98,(99.0p/kg),fresh_food,vegetables,2025-05-29
ASDA Extra Special Baby Portobello Mushrooms,£1.50,(£6.00/kg),fresh_food,vegetables,2025-05-29
ASDA Organic Leeks,£1.90,(£4.75/kg),fresh_food,vegetables,2025-05-29
ASDA Tender & Crisp Baby Corn & Mangetout,£1.58,(£8.78/kg),fresh_food,vegetables,2025-05-29
Albert Bartlett Sweet Potato Fries 300g,£2.00,(£6.67/kg),fresh_food,vegetables,2025-05-29
ASDA Organic Cauliflower,£1.90,(£1.90/each),fresh_food,vegetables,2025-05-29
ASDA Organic White Potatoes,£1.77,(£1.18/kg),fresh_food,vegetables,2025-05-29
"ASDA Sticky & Spicy Chilli, Ginger & Lime Potato Wedges 400g",£2.50,(£6.25/kg),fresh_food,vegetables,2025-05-29
ASDA Fragrant & Bold Solo Garlic,£1.68,(£11.20/kg),fresh_food,vegetables,2025-05-29
ASDA Sun-Dried Tomato & Smoked Cheddar Stuffed Mushrooms 200g,£1.85,(£9.25/kg),fresh_food,vegetables,2025-05-29
ASDA Extra Special Garlic 60mm+,£0.82,(82.0p/each),fresh_food,vegetables,2025-05-29
ASDA Patatas Bravas 400g,£2.50,(£6.25/kg),fresh_food,vegetables,2025-05-29
ASDA Organic White Mushrooms,£1.27,(£5.08/kg),fresh_food,vegetables,2025-05-29
ASDA Extra Special Green Vegetable Selection 210g,£2.28,(£10.86/kg),fresh_food,vegetables,2025-05-29
Albert Bartlett 2 Sweet Potatoes,£1.88,(94.0p/each),fresh_food,vegetables,2025-05-29
ASDA Extra Special Beef Dripping Skin on Chunky Chips 400g,£1.88,(£4.70/kg),fresh_food,vegetables,2025-05-29
,,,fresh_food,vegetables,2025-05-29
,,,fresh_food,vegetables,2025-05-29
,,,fresh_food,vegetables,2025-05-29
The Vegetarian Butcher Vegan Chicken Fillet Hentastic Southern Fried 200g,null,null,fresh_food,fresh_food_vegan,2025-05-29
The Vegetarian Butcher Vegan Chicken* Chunks What The Cluck 160 g,null,null,fresh_food,fresh_food_vegan,2025-05-29
The Vegetarian Butcher Vegan Impeckable Premium Fillet 180g,£3.15,(£17.50/kg),fresh_food,fresh_food_vegan,2025-05-29
Vivera Plant Shawarma Kebab,£1.88,(£10.74/kg),fresh_food,fresh_food_vegan,2025-05-29
Richmond 8 Vegan Meat Free Sausages,null,null,fresh_food,fresh_food_vegan,2025-05-29
This Isn't Roast Chicken & Stuffing 325g,null,null,fresh_food,fresh_food_vegan,2025-05-29
Vivera Plant Bacon,null,null,fresh_food,fresh_food_vegan,2025-05-29
Beyond Meat Burger Original Plant-Based Patties 2 x 113g (226g),null,null,fresh_food,fresh_food_vegan,2025-05-29
The Tofoo Co. Crispy Crumb Dippers 160g,null,null,fresh_food,fresh_food_vegan,2025-05-29
Vivera Plant Salmon Fillet 200g,£2.38,(£11.90/kg),fresh_food,fresh_food_vegan,2025-05-29
Richmond 8 Vegan Meat Free Streaky Bacon Rashers,null,null,fresh_food,fresh_food_vegan,2025-05-29
Vivera 2 Plant Chicken Breast Style 180g,null,null,fresh_food,fresh_food_vegan,2025-05-29
Richmond Meat-Free 6 Honey Roast Ham Style Slices 90g,null,null,fresh_food,fresh_food_vegan,2025-05-29
Meatless Farm Beef Style Mince 350g,£2.98,(£8.51/kg),fresh_food,fresh_food_vegan,2025-05-29
Vivera Plant Mince 220g,null,null,fresh_food,fresh_food_vegan,2025-05-29
Richmond Meat-Free 6 Back Bacon Rashers 120g,£2.19,(£18.25/kg),fresh_food,fresh_food_vegan,2025-05-29
Loma Linda Mayo Tuno 142g,null,null,fresh_food,fresh_food_vegan,2025-05-29
The Tofoo Co. Sriracha Chilli Tofu 280g,null,null,fresh_food,fresh_food_vegan,2025-05-29
Plant Based by ASDA Italian Inspired Meat-Free Meatballs 280g,null,null,fresh_food,fresh_food_vegan,2025-05-29
Quorn Vegan Chicken Free Slices,null,null,fresh_food,fresh_food_vegan,2025-05-29
Vivera Plant-Based Chicken Pieces 175g,£2.48,(£14.17/kg),fresh_food,fresh_food_vegan,2025-05-29
Cauldron Vegan Falafels,null,null,fresh_food,fresh_food_vegan,2025-05-29
This Isn't Pork Plant-Based Sausages,null,null,fresh_food,fresh_food_vegan,2025-05-29
Happiee! Plant-Based Breaded Shrimpiee 180g,null,null,fresh_food,fresh_food_vegan,2025-05-29
"Gosh! Sweet Potato Pakora with Red Pepper, Cumin & Chilli 266g",null,null,fresh_food,fresh_food_vegan,2025-05-29
Squeaky Bean Applewood Smoked Ham Style Slices,null,null,fresh_food,fresh_food_vegan,2025-05-29
This Isn't Bacon Rashers 120g,null,null,fresh_food,fresh_food_vegan,2025-05-29
Gosh! Spinach & Pine Nut Bites 266g,null,null,fresh_food,fresh_food_vegan,2025-05-29
The Tofoo Co. Vegan Smoked Tofu,null,null,fresh_food,fresh_food_vegan,2025-05-29
Better Nature Tempeh Smoky 220g,null,null,fresh_food,fresh_food_vegan,2025-05-29
Gosh! Moroccan Spiced Falafel with Red Pepper & Apricot 266g,null,null,fresh_food,fresh_food_vegan,2025-05-29
Meatless Farm Plant-Based Burgers,null,null,fresh_food,fresh_food_vegan,2025-05-29
Plant Based by ASDA Organic Super Firm Tofu 200g,null,null,fresh_food,fresh_food_vegan,2025-05-29
Vivera Texmex Protein Bites 180g,null,null,fresh_food,fresh_food_vegan,2025-05-29
Gosh! Mediterranean Falafel with Chickpeas & a Hint of Basil 266g,null,null,fresh_food,fresh_food_vegan,2025-05-29
Gosh! Veggie Cocktail Sausages with Sage & Black Pepper 216g,null,null,fresh_food,fresh_food_vegan,2025-05-29
Happiee! Plant-Based Shrimpiee 180g,null,null,fresh_food,fresh_food_vegan,2025-05-29
Vivera Plant Steaks 200g,null,null,fresh_food,fresh_food_vegan,2025-05-29
Cauldron Vegan Organic Marinated Tofu Pieces,null,null,fresh_food,fresh_food_vegan,2025-05-29
Cauldron Extra Firm Tofu 220g,null,null,fresh_food,fresh_food_vegan,2025-05-29
Loma Linda Spring Water Tuno 142g,null,null,fresh_food,fresh_food_vegan,2025-05-29
Richmond Meat-Free No-Chicken Chargrilled Pieces 165g,null,null,fresh_food,fresh_food_vegan,2025-05-29
This Isn't Chicken Pieces 170g,null,null,fresh_food,fresh_food_vegan,2025-05-29
The Tofoo Co. Original Seitan 225g,null,null,fresh_food,fresh_food_vegan,2025-05-29
Richmond Meat-Free 6 Roast Chicken Style Slices 90g,null,null,fresh_food,fresh_food_vegan,2025-05-29
Quorn Vegan Smoky Ham Free Slices,null,null,fresh_food,fresh_food_vegan,2025-05-29
Richmond 8 Vegan Meat-Free Tasty Sausages,null,null,fresh_food,fresh_food_vegan,2025-05-29
Richmond Meat Free No-Chicken Chargrilled Pieces 220g,null,null,fresh_food,fresh_food_vegan,2025-05-29
Vivera Garden Greens Protein Bites 180g,null,null,fresh_food,fresh_food_vegan,2025-05-29
This Isn't Beef Burgers 2 x 113g (226g),null,null,fresh_food,fresh_food_vegan,2025-05-29
"Gosh! Original Falafel with Chickpea, Garlic & Parsley 266g",null,null,fresh_food,fresh_food_vegan,2025-05-29
This Isn't Pork Plant-Based Caramelised Onion Sausages 270g,null,null,fresh_food,fresh_food_vegan,2025-05-29
Better Nature Organic Tempeh 200g,null,null,fresh_food,fresh_food_vegan,2025-05-29
Vivera Plant Spicy Chicken Kebab Style 175g,null,null,fresh_food,fresh_food_vegan,2025-05-29
OMV! Deliciously Vegan by Asda No Chicken Tikka Slices 300g,null,null,fresh_food,fresh_food_vegan,2025-05-29
The Tofoo Co. Naked Vegan Tofu,null,null,fresh_food,fresh_food_vegan,2025-05-29
This Isn't Chicken Thighs 220g,null,null,fresh_food,fresh_food_vegan,2025-05-29
This Isn't Chicken Shawarma 170g,null,null,fresh_food,fresh_food_vegan,2025-05-29
Plant Based by ASDA Meat-Free Mince 350g,null,null,fresh_food,fresh_food_vegan,2025-05-29
Yutaka Silken Tofu 308g,null,null,fresh_food,fresh_food_vegan,2025-05-29
,null,null,fresh_food,fresh_food_vegan,2025-05-29
,null,null,fresh_food,fresh_food_vegan,2025-05-29
,,,fresh_food,fresh_food_vegan,2025-05-29
,null,null,fresh_food,fresh_food_vegan,2025-05-29
,null,null,fresh_food,fresh_food_vegan,2025-05-29
,null,null,fresh_food,fresh_food_vegan,2025-05-29
,null,null,fresh_food,fresh_food_vegan,2025-05-29
,,,fresh_food,fresh_food_vegan,2025-05-29
,,,fresh_food,fresh_food_vegan,2025-05-29
,,,fresh_food,fresh_food_vegan,2025-05-29
,,,fresh_food,fresh_food_vegan,2025-05-29
,,,fresh_food,fresh_food_vegan,2025-05-29
The Vegetarian Butcher Vegan Chicken Fillet Hentastic Southern Fried 200g,£3.15,(£15.75/kg),fresh_food,fresh_food_vegan,2025-05-29
The Vegetarian Butcher Vegan Impeckable Premium Fillet 180g,£3.15,(£17.50/kg),fresh_food,fresh_food_vegan,2025-05-29
The Vegetarian Butcher Vegan Chicken* Chunks What The Cluck 160 g,£3.14,(£19.62/kg),fresh_food,fresh_food_vegan,2025-05-29
Richmond Meat-Free 2 Quarter Pounder Burgers 227g,£2.14,(£9.43/kg),fresh_food,fresh_food_vegan,2025-05-29
The Tofoo Co. Naked XL Organic Tofu 450g,£3.48,(£7.73/kg),fresh_food,fresh_food_vegan,2025-05-29
This Isn't Chicken Shawarma 170g,£3.48,(£20.47/kg),fresh_food,fresh_food_vegan,2025-05-29
Plant Based by ASDA 16 Veggie Fingers,£1.98,(£4.38/kg),fresh_food,fresh_food_vegan,2025-05-29
Richmond 8 Vegan Meat Free Sage & Onion Sausages,£2.28,(£7.50/kg),fresh_food,fresh_food_vegan,2025-05-29
Vivera Texmex Protein Bites 180g,£2.85,(£15.83/kg),fresh_food,fresh_food_vegan,2025-05-29
Plant Based by ASDA Meat-Free Mince 350g,£2.50,(£7.14/kg),fresh_food,fresh_food_vegan,2025-05-29
,,,fresh_food,fresh_food_vegan,2025-05-29
,,,fresh_food,fresh_food_vegan,2025-05-29
,,,fresh_food,fresh_food_vegan,2025-05-29
,,,fresh_food,fresh_food_vegan,2025-05-29
,,,fresh_food,fresh_food_vegan,2025-05-29
,,,fresh_food,fresh_food_vegan,2025-05-29
,,,fresh_food,fresh_food_vegan,2025-05-29
,,,fresh_food,fresh_food_vegan,2025-05-29
,,,fresh_food,fresh_food_vegan,2025-05-29
,,,fresh_food,fresh_food_vegan,2025-05-29
,,,fresh_food,fresh_food_vegan,2025-05-29
,,,fresh_food,fresh_food_vegan,2025-05-29
Quorn Vegan Smoky Ham Free Slices,£1.84,(£18.40/kg),fresh_food,fresh_food_vegetarian,2025-05-29
Quorn Vegetarian Sweet Chilli Bites,£1.98,(£11.00/kg),fresh_food,fresh_food_vegetarian,2025-05-29
Quorn Vegetarian Chicken Slices,£2.48,(£1.46/100g),fresh_food,fresh_food_vegetarian,2025-05-29
Port Royal Jamaican Jerk Bean Patty 140g,£1.30,(92.9p/100g),fresh_food,fresh_food_vegetarian,2025-05-29
Port Royal Jamaican Butternut Squash & Lentil Patty 140g,£1.30,(92.9p/100g),fresh_food,fresh_food_vegetarian,2025-05-29
Port Royal Cookin' Rice & Peas,£2.50,(£10.00/kg),fresh_food,fresh_food_vegetarian,2025-05-29
Fridge Raiders Meat-Free Southern Style Tasty Bites 60g,£1.50,(£25.00/kg),fresh_food,fresh_food_vegetarian,2025-05-29
Ginsters Vegan Moroccan Vegetable Pasty,£1.24,(68.9p/100g),fresh_food,fresh_food_vegetarian,2025-05-29
Florette Peri-Peri Spicy Salad 200g,£1.98,(£9.90/kg),fresh_food,fresh_food_vegetarian,2025-05-29
Quorn Smoky BBQ Bites 180g,£1.98,(£11.00/kg),fresh_food,fresh_food_vegetarian,2025-05-29
ASDA Sticky & Smoky BBQ Baby Potatoes 450g,£2.38,(£5.29/kg),fresh_food,fresh_food_vegetarian,2025-05-29
ASDA Sweet & Tender Minted Summer Vegetable Medley 225g,£2.16,(£9.60/kg),fresh_food,fresh_food_vegetarian,2025-05-29
Holland's Mature Cheddar Cheese & Onion Family Pie,£4.34,(£4.34/each),fresh_food,fresh_food_vegetarian,2025-05-29
Ginsters Vegan Bombay Potato & Spinach Pasty,£1.94,(£1.08/100g),fresh_food,fresh_food_vegetarian,2025-05-29
Holland's Cheese & Onion Pie,£0.90,(48.6p/100g),fresh_food,fresh_food_vegetarian,2025-05-29
The Original Patty Co. Vegetable Patty 140g,£1.00,(71.4p/100g),fresh_food,fresh_food_vegetarian,2025-05-29
Quorn Roast Mini Fillets 138g,£2.98,(£21.59/kg),fresh_food,fresh_food_vegetarian,2025-05-29
Quorn Roast Beef Style Slices,£2.23,(£2.12/100g),fresh_food,fresh_food_vegetarian,2025-05-29
Ginsters Vegan Quorn Pasty,£1.24,(68.9p/100g),fresh_food,fresh_food_vegetarian,2025-05-29
Squeaky Bean Applewood Smoked Ham Style Slices,£2.50,(£3.12/100g),fresh_food,fresh_food_vegetarian,2025-05-29
Quorn Spinach and Red Pepper Slices,£2.23,(£22.30/kg),fresh_food,fresh_food_vegetarian,2025-05-29
ASDA Cheese & Onion Crumb Topped Pie 200g,£1.84,(92.0p/100g),fresh_food,fresh_food_vegetarian,2025-05-29
Quorn Sweet Chilli Mini Fillets 138g,£2.98,(£21.59/kg),fresh_food,fresh_food_vegetarian,2025-05-29
ASDA 10 Party Mozzarella & Sweetchilli Bites 200g,£2.14,(£10.70/kg),fresh_food,fresh_food_vegetarian,2025-05-29
Quorn Vegetarian Turkey and Stuffing Slices 170g,£2.48,(£14.59/kg),fresh_food,fresh_food_vegetarian,2025-05-29
ASDA Calorie Controlled Garlic Mushroom Linguine 380g,£3.03,(£7.97/kg),fresh_food,fresh_food_vegetarian,2025-05-29
ASDA Main for Two Vegetable Chow Mein 400g,£3.84,(£9.60/kg),fresh_food,fresh_food_vegetarian,2025-05-29
Quorn 2 Peppered Steaks,£2.88,(£14.69/kg),fresh_food,fresh_food_vegetarian,2025-05-29
Holland's 4 Cheese & Onion Pies,£3.76,(94.0p/each),fresh_food,fresh_food_vegetarian,2025-05-29
OMV! Deliciously Vegan by Asda Sweet Potato Katsu Curry,£3.17,(£8.57/kg),fresh_food,fresh_food_vegetarian,2025-05-29
Pukka Vegan Chicken & Mushroom Pie,£1.98,(94.3p/100g),fresh_food,fresh_food_vegetarian,2025-05-29
New Covent Garden Leek & Potato Soup,£2.23,(39.8p/100g),fresh_food,fresh_food_vegetarian,2025-05-29
ASDA Meal for One Spinach & Ricotta Cannelloni 400g,£3.32,(£8.30/kg),fresh_food,fresh_food_vegetarian,2025-05-29
ASDA Meal For Two Macaroni Cheese 800g,£3.68,(£4.60/kg),fresh_food,fresh_food_vegetarian,2025-05-29
Plant Based by ASDA Smoky Tofu Burrito,£2.85,(£7.12/kg),fresh_food,fresh_food_vegetarian,2025-05-29
JUST ESSENTIALS by ASDA Macaroni Cheese 400g,£2.20,(£5.50/kg),fresh_food,fresh_food_vegetarian,2025-05-29
Ginsters Cheese & Onion Slice,£1.18,(69.4p/100g),fresh_food,fresh_food_vegetarian,2025-05-29
JUST ESSENTIALS by ASDA Cheese & Onion Pasty,£0.56,(37.3p/100g),fresh_food,fresh_food_vegetarian,2025-05-29
ASDA 4 Creamy Cheese & Veg Pies,£2.25,(37.5p/100g),fresh_food,fresh_food_vegetarian,2025-05-29
New Covent Garden Vegetable Soup,£2.23,(39.8p/100g),fresh_food,fresh_food_vegetarian,2025-05-29
Linda McCartney's 6 Vegetarian Sausage Rolls 342g,£2.48,(72.5p/100g),fresh_food,fresh_food_vegetarian,2025-05-29
ASDA Creamy Vegetable Soup 600g,£1.84,(30.7p/100g),fresh_food,fresh_food_vegetarian,2025-05-29
ASDA 25 Party Cheese & Onion Rolls 375g,£1.50,(£4.00/kg),fresh_food,fresh_food_vegetarian,2025-05-29
Quorn Vegetarian 2 Chicken & Bacon Lattice,£2.64,(£8.80/kg),fresh_food,fresh_food_vegetarian,2025-05-29
ASDA Creamy Cauliflower Cheese Soup 600g,£1.84,(£3.07/kg),fresh_food,fresh_food_vegetarian,2025-05-29
ASDA 12 Mac 'n' Cheese Bites,£2.38,(£9.02/kg),fresh_food,fresh_food_vegetarian,2025-05-29
Quorn 2 Vegetarian Steak & Gravy Pies,£2.64,(66.0p/100g),fresh_food,fresh_food_vegetarian,2025-05-29
ASDA Cheese & Onion Pasties 4 x 130g (520g),£2.50,(48.1p/100g),fresh_food,fresh_food_vegetarian,2025-05-29
ASDA To Share 4 Vegetable Samosas 200g,£1.78,(£8.90/kg),fresh_food,fresh_food_vegetarian,2025-05-29
Quorn 24 Cocktail Sausages 240g,£2.48,(£10.33/kg),fresh_food,fresh_food_vegetarian,2025-05-29
Ginsters Cheese & Onion Pasty,£1.83,(£1.02/100g),fresh_food,fresh_food_vegetarian,2025-05-29
Quorn Picnic Eggs 140g,£0.98,(£7.00/kg),fresh_food,fresh_food_vegetarian,2025-05-29
Quorn 14 Cocktail Sausages 140g,£0.98,(£7.00/kg),fresh_food,fresh_food_vegetarian,2025-05-29
ASDA Breaded Garlic Mushrooms 400g,£2.58,(£6.45/kg),fresh_food,fresh_food_vegetarian,2025-05-29
ASDA Cheese & Onion Quiche 170g,£1.58,(92.9p/100g),fresh_food,fresh_food_vegetarian,2025-05-29
Quorn Vegan Chicken Free Slices,£1.84,(£18.40/kg),fresh_food,fresh_food_vegetarian,2025-05-29
Quorn 12 Picnic Eggs 240g,£2.48,(£10.33/kg),fresh_food,fresh_food_vegetarian,2025-05-29
ASDA Crustless Broccoli & Cheese Quiche 150g,£1.44,(96.0p/100g),fresh_food,fresh_food_vegetarian,2025-05-29
ASDA Party Cheddar Cheese Potato Tots 500g,£1.98,(£3.96/kg),fresh_food,fresh_food_vegetarian,2025-05-29
,,,fresh_food,fresh_food_vegetarian,2025-05-29
,,,fresh_food,fresh_food_vegetarian,2025-05-29
,,,fresh_food,fresh_food_vegetarian,2025-05-29
,,,fresh_food,fresh_food_vegetarian,2025-05-29
,,,fresh_food,fresh_food_vegetarian,2025-05-29
,,,fresh_food,fresh_food_vegetarian,2025-05-29
,,,fresh_food,fresh_food_vegetarian,2025-05-29
,,,fresh_food,fresh_food_vegetarian,2025-05-29
,,,fresh_food,fresh_food_vegetarian,2025-05-29
,,,fresh_food,fresh_food_vegetarian,2025-05-29
,,,fresh_food,fresh_food_vegetarian,2025-05-29
,,,fresh_food,fresh_food_vegetarian,2025-05-29
,,,fresh_food,fresh_food_vegetarian,2025-05-29
,,,fresh_food,fresh_food_vegetarian,2025-05-29
,,,fresh_food,fresh_food_vegetarian,2025-05-29
Quorn Sweet Chilli Mini Fillets 138g,£2.98,(£21.59/kg),fresh_food,fresh_food_vegetarian,2025-05-29
Quorn Vegetarian Ham Slices,£2.48,(£1.46/100g),fresh_food,fresh_food_vegetarian,2025-05-29
Quorn Vegetarian Chicken Slices,£2.48,(£1.46/100g),fresh_food,fresh_food_vegetarian,2025-05-29
ASDA 10 Party Breaded Halloumi Fries 170g,£2.48,(£14.59/kg),fresh_food,fresh_food_vegetarian,2025-05-29
ASDA To Share 4 Onion Bhajis 200g,£1.78,(£8.90/kg),fresh_food,fresh_food_vegetarian,2025-05-29
ASDA 16 Party Chilli Cheese Bites 240g,£1.98,(£8.25/kg),fresh_food,fresh_food_vegetarian,2025-05-29
ASDA 12 Cheesy Mini Pizzas,£2.21,(£6.58/kg),fresh_food,fresh_food_vegetarian,2025-05-29
JUST ESSENTIALS by ASDA Cheese & Onion Quiche,£1.99,(49.8p/100g),fresh_food,fresh_food_vegetarian,2025-05-29
Quorn Vegan Smoky Ham Free Slices,£1.84,(£18.40/kg),fresh_food,fresh_food_vegetarian,2025-05-29
ASDA Sweet & Creamy Root Veg Mash 400g,£1.18,(£2.95/kg),fresh_food,fresh_food_vegetarian,2025-05-29
Bistro by ASDA Macaroni Cheese 400g,£4.74,(£11.85/kg),fresh_food,fresh_food_vegetarian,2025-05-29
ASDA Meal For One Vegetable Lasagne,£3.32,(£8.30/kg),fresh_food,fresh_food_vegetarian,2025-05-29
ASDA Broccoli & Cheese Quiche 400g,£2.18,(54.5p/100g),fresh_food,fresh_food_vegetarian,2025-05-29
ASDA Party 12 Mozzarella Sticks,£1.48,(£8.22/kg),fresh_food,fresh_food_vegetarian,2025-05-29
ASDA Sweet & Crisp Iceberg Lettuce 200g,£0.64,(32.0p/100g),fresh_food,fresh_food_vegetarian,2025-05-29
ASDA Meal For One Tomato & Mozzarella Pasta Bake 400g,£3.32,(£8.30/kg),fresh_food,fresh_food_vegetarian,2025-05-29
ASDA Extra Special Marabel Creamy Mash 400g,£1.28,(£3.20/kg),fresh_food,fresh_food_vegetarian,2025-05-29
ASDA Buttery Classic Mash 400g,£0.88,(£2.20/kg),fresh_food,fresh_food_vegetarian,2025-05-29
,,,fresh_food,fresh_food_vegetarian,2025-05-29
,,,fresh_food,fresh_food_vegetarian,2025-05-29
,,,fresh_food,fresh_food_vegetarian,2025-05-29
,,,fresh_food,fresh_food_vegetarian,2025-05-29
,,,fresh_food,fresh_food_vegetarian,2025-05-29
,,,fresh_food,fresh_food_vegetarian,2025-05-29
,,,fresh_food,fresh_food_vegetarian,2025-05-29
,,,fresh_food,fresh_food_vegetarian,2025-05-29
,,,fresh_food,fresh_food_vegetarian,2025-05-29
,,,fresh_food,fresh_food_vegetarian,2025-05-29
,,,fresh_food,fresh_food_vegetarian,2025-05-29
,,,fresh_food,fresh_food_vegetarian,2025-05-29
,,,fresh_food,fresh_food_vegetarian,2025-05-29
,,,fresh_food,fresh_food_vegetarian,2025-05-29
,,,fresh_food,fresh_food_vegetarian,2025-05-29
Arla Bob Skimmed Milk That Tastes like Semi Skimmed,£2.74,(£1.37/lt),fresh_food,milk_butter_eggs,2025-05-29
Arla Big Milk Fresh Whole Milk Vitamin Enriched for Kids 1+,£2.74,(£1.37/lt),fresh_food,milk_butter_eggs,2025-05-29
Cravendale Filtered Fresh Semi Skimmed Milk Fresher for Longer,£2.74,(£1.37/lt),fresh_food,milk_butter_eggs,2025-05-29
ASDA British Milk Semi Skimmed 4 Pints,£1.55,(68.2p/lt),fresh_food,milk_butter_eggs,2025-05-29
ASDA British Milk Whole 4 Pints,£1.55,(68.2p/lt),fresh_food,milk_butter_eggs,2025-05-29
ASDA British Milk Semi Skimmed 6 Pints,£2.30,(67.5p/lt),fresh_food,milk_butter_eggs,2025-05-29
ASDA British Milk Skimmed 4 Pints,£1.55,(68.3p/lt),fresh_food,milk_butter_eggs,2025-05-29
ASDA British Milk Whole 6 Pints,£2.30,(67.5p/lt),fresh_food,milk_butter_eggs,2025-05-29
ASDA British Milk Semi Skimmed 2 Pints,£1.20,(£1.06/lt),fresh_food,milk_butter_eggs,2025-05-29
ASDA British Milk Whole 2 Pints,£1.20,(£1.06/lt),fresh_food,milk_butter_eggs,2025-05-29
ASDA British Milk Filtered Semi Skimmed 2 Litres,£2.08,(£1.04/lt),fresh_food,milk_butter_eggs,2025-05-29
Cravendale Filtered Fresh Whole Milk Fresher for Longer,£2.74,(£1.37/lt),fresh_food,milk_butter_eggs,2025-05-29
Cravendale Filtered Fresh Semi Skimmed Milk Fresher for Longer,£1.24,(£1.24/lt),fresh_food,milk_butter_eggs,2025-05-29
Cravendale Filtered Fresh Whole Milk Fresher for Longer,£1.24,(£1.24/lt),fresh_food,milk_butter_eggs,2025-05-29
ASDA British Milk Filtered Whole 2 Litres,£2.08,(£1.04/lt),fresh_food,milk_butter_eggs,2025-05-29
ASDA British Milk Semi Skimmed 1 Pint,£0.85,(£1.50/lt),fresh_food,milk_butter_eggs,2025-05-29
ASDA Organic Semi Skimmed Milk,£2.24,(98.7p/lt),fresh_food,milk_butter_eggs,2025-05-29
ASDA Organic Whole Milk,£2.24,(98.7p/lt),fresh_food,milk_butter_eggs,2025-05-29
Arla B.O.B Skimmed 1l,£1.24,(£1.24/lt),fresh_food,milk_butter_eggs,2025-05-29
ASDA Organic Fresh Semi Skimmed British Milk 1 Litre,£1.54,(£1.54/lt),fresh_food,milk_butter_eggs,2025-05-29
ASDA Organic Fresh Whole British Milk 1 Litre,£1.54,(£1.54/lt),fresh_food,milk_butter_eggs,2025-05-29
ASDA British Milk Skimmed 2 Pints,£1.20,(£1.06/lt),fresh_food,milk_butter_eggs,2025-05-29
ASDA British Milk Whole 1 Pint,£0.85,(£1.50/lt),fresh_food,milk_butter_eggs,2025-05-29
Graham's Gold Jersey Milk,£1.78,(£1.78/lt),fresh_food,milk_butter_eggs,2025-05-29
Arla BOB Semi-Skimmed That Tastes Like Whole Milk,£2.74,(£1.37/lt),fresh_food,milk_butter_eggs,2025-05-29
Arla LactoFREE Fresh Semi Skimmed Milk,£1.85,(£1.85/lt),fresh_food,milk_butter_eggs,2025-05-29
Asda Arla Farmers Milk Whole 4 Pints,£1.80,(79.3p/lt),fresh_food,milk_butter_eggs,2025-05-29
Yeo Valley Organic Free Range Fresh Whole Milk,£1.54,(£1.54/lt),fresh_food,milk_butter_eggs,2025-05-29
Weetabix & Cravendale Semi Skimmed Milk Breakfast Bundle,£7.22,null,fresh_food,milk_butter_eggs,2025-05-29
Cravendale Filtered Fresh Skimmed Milk Fresher for Longer,£2.74,(£1.37/lt),fresh_food,milk_butter_eggs,2025-05-29
Delamere Semi Skimmed Goats Milk Chilled,£1.80,(£1.80/lt),fresh_food,milk_butter_eggs,2025-05-29
Arla LactoFREE Fresh Skimmed Milk Drink,£1.85,(£1.85/lt),fresh_food,milk_butter_eggs,2025-05-29
Delamere Whole Goats Milk Chilled,£1.80,(£1.80/lt),fresh_food,milk_butter_eggs,2025-05-29
Arla Barista Milk Drink 1 Litre,£1.99,(£1.99/lt),fresh_food,milk_butter_eggs,2025-05-29
Arla LactoFREE Fresh Whole Milk,£1.85,(£1.85/lt),fresh_food,milk_butter_eggs,2025-05-29
Yeo Valley Organic Fresh Semi Skimmed Milk,£2.24,(£1.12/lt),fresh_food,milk_butter_eggs,2025-05-29
Arla LactoFREE Fresh Semi Skimmed Milk,£2.75,(£1.38/lt),fresh_food,milk_butter_eggs,2025-05-29
Family Milk Bundle,£3.48,null,fresh_food,milk_butter_eggs,2025-05-29
ASDA British Milk Skimmed 1 Pint,£0.85,(£1.50/lt),fresh_food,milk_butter_eggs,2025-05-29
Asda Arla Farmers Milk Semi Skimmed 4 Pints,£1.80,(79.3p/lt),fresh_food,milk_butter_eggs,2025-05-29
Yeo Valley Organic Free Range Fresh Whole Milk,£2.24,(£1.12/lt),fresh_food,milk_butter_eggs,2025-05-29
ASDA Lactose Free Semi Skimmed Milk,£0.99,(99.0p/lt),fresh_food,milk_butter_eggs,2025-05-29
Arla LactoFREE Organic Semi Skimmed Milk Drink,£2.00,(£2.00/lt),fresh_food,milk_butter_eggs,2025-05-29
Yeo Valley Organic Fresh Semi Skimmed Milk,£1.54,(£1.54/lt),fresh_food,milk_butter_eggs,2025-05-29
Country Life Salted Butter 200g,£2.14,(£10.70/kg),fresh_food,milk_butter_eggs,2025-05-29
Anchor Spreadable Blend of Butter and Rapeseed Oil 400g,£3.08,(£7.70/kg),fresh_food,milk_butter_eggs,2025-05-29
Country Life British Spreadable,£4.03,(£8.06/kg),fresh_food,milk_butter_eggs,2025-05-29
Lurpak Slightly Salted Spreadable 600g,£6.53,(£10.88/kg),fresh_food,milk_butter_eggs,2025-05-29
Clover Spread,£2.98,(£2.98/kg),fresh_food,milk_butter_eggs,2025-05-29
Anchor Salted Butter,£2.07,(£10.35/kg),fresh_food,milk_butter_eggs,2025-05-29
Anchor Unsalted Butter,£2.07,(£10.35/kg),fresh_food,milk_butter_eggs,2025-05-29
Flora Buttery 450g,£1.64,(£3.64/kg),fresh_food,milk_butter_eggs,2025-05-29
Flora Lighter 450g,£1.64,(£3.64/kg),fresh_food,milk_butter_eggs,2025-05-29
Bertolli Spread,£2.44,(£5.42/kg),fresh_food,milk_butter_eggs,2025-05-29
Flora Original 1kg,£4.60,(£4.60/kg),fresh_food,milk_butter_eggs,2025-05-29
Flora Buttery 1kg,£4.60,(£4.60/kg),fresh_food,milk_butter_eggs,2025-05-29
Flora Natural Ingredients Lighter 1kg,£4.60,(£4.60/kg),fresh_food,milk_butter_eggs,2025-05-29
Flora Plant Butter Spreadable 400g,£3.00,(£7.50/kg),fresh_food,milk_butter_eggs,2025-05-29
Lurpak Slightly Salted Spreadable 400g,£4.52,(£11.30/kg),fresh_food,milk_butter_eggs,2025-05-29
Lurpak Slightly Salted Lighter 400g,£4.52,(£11.30/kg),fresh_food,milk_butter_eggs,2025-05-29
Anchor Squeezy 500ml,£3.34,(66.8p/100ml),fresh_food,milk_butter_eggs,2025-05-29
Exceptional by ASDA Sea Salted Spreadable with West Country British Butter 250g,£3.16,(£12.64/kg),fresh_food,milk_butter_eggs,2025-05-29
Lurpak Plant Based 400g,£4.52,(£11.30/kg),fresh_food,milk_butter_eggs,2025-05-29
Lurpak Slightly Salted Spreadable Blend of Butter and Rapeseed Oil,£6.18,(£8.24/kg),fresh_food,milk_butter_eggs,2025-05-29
Lurpak Lighter Spreadable Blend of Butter and Rapeseed Oil,£6.18,(£8.24/kg),fresh_food,milk_butter_eggs,2025-05-29
Clover Spread,£2.38,(£4.76/kg),fresh_food,milk_butter_eggs,2025-05-29
Clover Light Spread,£2.38,(£4.76/kg),fresh_food,milk_butter_eggs,2025-05-29
Anchor Lighter Spreadable Blend of Butter and Rapeseed Oil 400g,£3.08,(£7.70/kg),fresh_food,milk_butter_eggs,2025-05-29
Lurpak Slightly Salted Butter,£2.47,(£12.35/kg),fresh_food,milk_butter_eggs,2025-05-29
Lurpak Unsalted Butter,£2.47,(£12.35/kg),fresh_food,milk_butter_eggs,2025-05-29
Flora Original Spread with Natural Ingredients 450g,£1.64,(£3.64/kg),fresh_food,milk_butter_eggs,2025-05-29
Bertolli Olive Oil Spread,£4.48,(£4.48/kg),fresh_food,milk_butter_eggs,2025-05-29
Country Life Spreadable Lighter 500g,£4.03,(£8.06/kg),fresh_food,milk_butter_eggs,2025-05-29
Anchor Spreadable Blend of Butter and Rapeseed Oil 750g,£7.08,(£9.44/kg),fresh_food,milk_butter_eggs,2025-05-29
Clover Light Spread,£2.98,(£2.98/kg),fresh_food,milk_butter_eggs,2025-05-29
I Can't Believe It's Not Butter Original 500g,£1.25,(£2.50/kg),fresh_food,milk_butter_eggs,2025-05-29
I Can't Believe It's Not Butter Light 500g,£1.25,(£2.50/kg),fresh_food,milk_butter_eggs,2025-05-29
ASDA Reduced Fat Spreadable Slightly Salted 500g,£2.18,(£4.36/kg),fresh_food,milk_butter_eggs,2025-05-29
Lurpak Slightly Salted Spreadable Blend of Butter and Rapeseed Oil,£3.32,(£13.28/kg),fresh_food,milk_butter_eggs,2025-05-29
Yeo Valley Organic Spreadable 400g,£4.75,(£11.88/kg),fresh_food,milk_butter_eggs,2025-05-29
Lurpak Unsalted Spreadable 400g,£4.52,(£11.30/kg),fresh_food,milk_butter_eggs,2025-05-29
Country Life British Spreadable,£5.92,(£7.89/kg),fresh_food,milk_butter_eggs,2025-05-29
ASDA Brilliantly Buttery 1kg,£1.90,(£1.90/kg),fresh_food,milk_butter_eggs,2025-05-29
ASDA Brilliantly Buttery 500g,£1.12,(£2.24/kg),fresh_food,milk_butter_eggs,2025-05-29
Lurpak Slightly Salted Butter Box,£2.47,(£13.72/kg),fresh_food,milk_butter_eggs,2025-05-29
Lurpak Lighter Slightly Salted Butter,£2.47,(£12.35/kg),fresh_food,milk_butter_eggs,2025-05-29
JUST ESSENTIALS by ASDA Soft Spread 500g,£0.85,(£1.70/kg),fresh_food,milk_butter_eggs,2025-05-29
Willow Spread,£1.18,(£4.72/kg),fresh_food,milk_butter_eggs,2025-05-29
,,,fresh_food,milk_butter_eggs,2025-05-29
,,,fresh_food,milk_butter_eggs,2025-05-29
,,,fresh_food,milk_butter_eggs,2025-05-29
,,,fresh_food,milk_butter_eggs,2025-05-29
,,,fresh_food,milk_butter_eggs,2025-05-29
Country Life Salted Butter 200g,£2.14,(£10.70/kg),fresh_food,milk_butter_eggs,2025-05-29
Country Life British Spreadable,£4.03,(£8.06/kg),fresh_food,milk_butter_eggs,2025-05-29
Anchor Spreadable Blend of Butter and Rapeseed Oil 400g,£3.08,(£7.70/kg),fresh_food,milk_butter_eggs,2025-05-29
Willow Spread,£1.18,(£4.72/kg),fresh_food,milk_butter_eggs,2025-05-29
Willow Spreadable 500g,£2.00,(£4.00/kg),fresh_food,milk_butter_eggs,2025-05-29
Benecol Buttery Taste 500g,£3.82,(£7.64/kg),fresh_food,milk_butter_eggs,2025-05-29
ASDA British Salted Butter 250g,£1.99,(£7.96/kg),fresh_food,milk_butter_eggs,2025-05-29
ASDA Olive Spread 500g,£1.44,(28.8p/100g),fresh_food,milk_butter_eggs,2025-05-29
BAKE by ASDA Best For Baking Cakes & Sponges Spread 1kg,£2.26,(£2.26/kg),fresh_food,milk_butter_eggs,2025-05-29
JUST ESSENTIALS by ASDA Lard 250g,£0.59,(£2.36/kg),fresh_food,milk_butter_eggs,2025-05-29
ASDA British Unsalted Butter 250g,£1.99,(£7.96/kg),fresh_food,milk_butter_eggs,2025-05-29
Vitalite Dairy Free Spread,£2.04,(£4.08/kg),fresh_food,milk_butter_eggs,2025-05-29
ASDA British Salted Butter 500g,£3.94,(£7.88/kg),fresh_food,milk_butter_eggs,2025-05-29
BAKE by ASDA Best For Baking Cakes & Sponges Spread 500g,£1.47,(£2.94/kg),fresh_food,milk_butter_eggs,2025-05-29
ProActiv Buttery Taste Spread,£4.60,(£10.22/kg),fresh_food,milk_butter_eggs,2025-05-29
BAKE by ASDA Best For Baking Biscuits & Pastry Block 250g,£1.00,(£4.00/kg),fresh_food,milk_butter_eggs,2025-05-29
Flora Plant Butter Salted 200g,£1.65,(£8.25/kg),fresh_food,milk_butter_eggs,2025-05-29
Two Chicks Liquid Egg White,£3.50,(70.0p/100g),fresh_food,milk_butter_eggs,2025-05-29
Flora Original 250g,£1.50,(£6.00/kg),fresh_food,milk_butter_eggs,2025-05-29
All Things Butter Salted 200g,£2.90,(£14.50/kg),fresh_food,milk_butter_eggs,2025-05-29
All Things Butter Garlic & Herb 115g,£2.85,(£24.78/kg),fresh_food,milk_butter_eggs,2025-05-29
Arla LactoFREE Slightly Salted Spreadable Blend of Butter and Rapeseed Oil,£2.25,(£9.00/kg),fresh_food,milk_butter_eggs,2025-05-29
ASDA Buttermilk 300ml,£1.37,(£4.57/lt),fresh_food,milk_butter_eggs,2025-05-29
Bertolli Light Spread,£2.85,(£6.33/kg),fresh_food,milk_butter_eggs,2025-05-29
ProActiv Light Spread,£2.70,(£10.80/kg),fresh_food,milk_butter_eggs,2025-05-29
Stork Vegan Baking Block,£1.50,(£6.00/kg),fresh_food,milk_butter_eggs,2025-05-29
Pure Dairy Free Sunflower 500g,£1.80,(£3.60/kg),fresh_food,milk_butter_eggs,2025-05-29
ASDA Organic Slightly Salted Butter,£3.14,(£12.56/kg),fresh_food,milk_butter_eggs,2025-05-29
Flora Buttery Spread with Natural Ingredients 250g,£1.50,(£6.00/kg),fresh_food,milk_butter_eggs,2025-05-29
Flora Lighter 250g,£1.50,(£6.00/kg),fresh_food,milk_butter_eggs,2025-05-29
Meadow Churn Garlic Butter,£2.26,(£18.83/kg),fresh_food,milk_butter_eggs,2025-05-29
ProActiv Light Spread,£4.60,(£10.22/kg),fresh_food,milk_butter_eggs,2025-05-29
President French Slightly Salted Butter,£2.98,(£11.92/kg),fresh_food,milk_butter_eggs,2025-05-29
ASDA British Unsalted Butter 500g,£3.94,(£7.88/kg),fresh_food,milk_butter_eggs,2025-05-29
Joseph Heler Cheshire Butter,£2.50,(£10.00/kg),fresh_food,milk_butter_eggs,2025-05-29
ProActiv Buttery Taste Spread,£2.70,(£10.80/kg),fresh_food,milk_butter_eggs,2025-05-29
Stork Baking Spread alternative to Butter,£1.98,(£3.96/kg),fresh_food,milk_butter_eggs,2025-05-29
Trex Dairy Free Baking Block,£1.50,(£6.00/kg),fresh_food,milk_butter_eggs,2025-05-29
Britannia Finest Beef Dripping,£1.25,(£5.00/kg),fresh_food,milk_butter_eggs,2025-05-29
Flora Plant Butter Unsalted 200g,£0.98,(£4.90/kg),fresh_food,milk_butter_eggs,2025-05-29
Kerrygold Salted Butter,£2.87,(£11.48/kg),fresh_food,milk_butter_eggs,2025-05-29
Stork Baking Spread alternative to Butter,£3.48,(£3.48/kg),fresh_food,milk_butter_eggs,2025-05-29
Lurpak Slightly Salted Lighter 600g,£6.53,(£10.88/kg),fresh_food,milk_butter_eggs,2025-05-29
Lurpak Garlic Butter,£2.50,(£20.00/kg),fresh_food,milk_butter_eggs,2025-05-29
Exceptional by ASDA Sea Salted West Country British Butter 250g,£2.87,(£11.48/kg),fresh_food,milk_butter_eggs,2025-05-29
ASDA Spreadable Slightly Salted Butter 500g,£2.18,(£4.36/kg),fresh_food,milk_butter_eggs,2025-05-29
,,,fresh_food,milk_butter_eggs,2025-05-29
,,,fresh_food,milk_butter_eggs,2025-05-29
,,,fresh_food,milk_butter_eggs,2025-05-29
,,,fresh_food,milk_butter_eggs,2025-05-29
,,,fresh_food,milk_butter_eggs,2025-05-29
ASDA 6 Medium Free Range Eggs,£1.65,(27.5p/each),fresh_food,milk_butter_eggs,2025-05-29
ASDA 6 Large Free Range Eggs,£1.95,(32.5p/each),fresh_food,milk_butter_eggs,2025-05-29
ASDA 10 Big Eggs,£2.62,(26.2p/each),fresh_food,milk_butter_eggs,2025-05-29
Fresh 'n' Tasty 24 Sunrise Eggs,£4.37,(18.2p/each),fresh_food,milk_butter_eggs,2025-05-29
ASDA 12 Medium Free Range Eggs,£2.70,(22.5p/each),fresh_food,milk_butter_eggs,2025-05-29
The Happy Egg Co Free Range 15 Medium,£3.94,(26.3p/each),fresh_food,milk_butter_eggs,2025-05-29
Big & Fresh 6 Medium Eggs,£1.64,(27.3p/each),fresh_food,milk_butter_eggs,2025-05-29
Big & Fresh 10 Mixed Weight Eggs,£2.88,(28.8p/each),fresh_food,milk_butter_eggs,2025-05-29
ASDA 12 Large Free Range Eggs,£3.15,(26.2p/each),fresh_food,milk_butter_eggs,2025-05-29
Big Yolkers 10 630g,£2.87,(28.7p/each),fresh_food,milk_butter_eggs,2025-05-29
Exceptional by ASDA 6 Free Range Golden Yolk Eggs 328g,£1.97,(32.8p/each),fresh_food,milk_butter_eggs,2025-05-29
The Happy Egg Co Free Range 10 Large Eggs,£3.96,(39.6p/each),fresh_food,milk_butter_eggs,2025-05-29
"Freshlay Golden Yolks, Free Range, 10 Mixed Weight Eggs",£3.88,(38.8p/each),fresh_food,milk_butter_eggs,2025-05-29
The Happy Egg Co Free Range 6 Large Eggs,£2.88,(48.0p/each),fresh_food,milk_butter_eggs,2025-05-29
Staveley Very Large Free Range Eggs,£2.28,(38.0p/each),fresh_food,milk_butter_eggs,2025-05-29
ASDA Organic Free Range 6 Mixed Eggs,£2.47,(41.2p/each),fresh_food,milk_butter_eggs,2025-05-29
Purely Organic 10 Mixed Weight Eggs,£4.78,(47.8p/each),fresh_food,milk_butter_eggs,2025-05-29
Staveley Large Free Range Eggs,£2.14,(35.7p/each),fresh_food,milk_butter_eggs,2025-05-29
George Home Saute Pan,£18.00,(£18.00/each),fresh_food,milk_butter_eggs,2025-05-29
JML Copper Stone Pan 28 cm,£29.97,(£29.97/each),fresh_food,milk_butter_eggs,2025-05-29
Scoville Steellux 20cm Saucepan,£18.00,(£18.00/each),fresh_food,milk_butter_eggs,2025-05-29
George Home Grey Simplicity 28cm Wok,£13.00,(£13.00/each),fresh_food,milk_butter_eggs,2025-05-29
Scoville Neverstick Saute Pan,£23.00,(£23.00/each),fresh_food,milk_butter_eggs,2025-05-29
George Home Non-stick Aluminium Saute Pan,£10.00,(£10.00/each),fresh_food,milk_butter_eggs,2025-05-29
George Home Frying Pan,£10.00,(£10.00/each),fresh_food,milk_butter_eggs,2025-05-29
George Home Black Barbican Saute Pan 28cm,£20.00,(£20.00/each),fresh_food,milk_butter_eggs,2025-05-29
George Home Pan Set,£10.00,(£10.00/each),fresh_food,milk_butter_eggs,2025-05-29
Tefal Essential Non-Stick Frying Pan,£15.00,(£15.00/each),fresh_food,milk_butter_eggs,2025-05-29
Scoville Steellux 16cm Saucepan,£16.00,(£16.00/each),fresh_food,milk_butter_eggs,2025-05-29
George Home Grey Simplicity 24cm Frying Pan,£10.00,(£10.00/each),fresh_food,milk_butter_eggs,2025-05-29
George Home Black Frying Pan 24cm,£3.50,(£3.50/each),fresh_food,milk_butter_eggs,2025-05-29
George Home Balti Dishes,£2.50,(£1.25/each),fresh_food,milk_butter_eggs,2025-05-29
George Home Non-stick Aluminium Frying Pan,£4.00,(£4.00/each),fresh_food,milk_butter_eggs,2025-05-29
Scoville Neverstick Frying Pan 28cm,£20.00,(£20.00/each),fresh_food,milk_butter_eggs,2025-05-29
Tefal Titanium Excellence G1510844 32cm Frying Pan,£28.00,(£28.00/each),fresh_food,milk_butter_eggs,2025-05-29
Tefal Ideal One Egg Wonder Frypan,£10.00,(£10.00/each),fresh_food,milk_butter_eggs,2025-05-29
Tefal Essential 24cm Frying Pan,£13.00,(£13.00/each),fresh_food,milk_butter_eggs,2025-05-29
Gino D'Acampo 28cm Saute Pan,£19.00,(£19.00/each),fresh_food,milk_butter_eggs,2025-05-29
George Home Grey Simplicity 28cm Frying Pan,£12.00,(£12.00/each),fresh_food,milk_butter_eggs,2025-05-29
Scoville Expert 26cm Saute Pan with Lid,£12.98,(£12.98/each),fresh_food,milk_butter_eggs,2025-05-29
Tefal Titanium Excellence G1511944 28cm Wok,£26.00,(£26.00/each),fresh_food,milk_butter_eggs,2025-05-29
Gino D'Acampo 24cm Frying Pan,£11.50,(£11.50/each),fresh_food,milk_butter_eggs,2025-05-29
Scoville Expert 28cm Frying Pan,£12.97,(£12.97/each),fresh_food,milk_butter_eggs,2025-05-29
George Home Black Barbican Wok 28cm,£15.00,(£15.00/each),fresh_food,milk_butter_eggs,2025-05-29
Tefal Essential Non-stick Wok,£17.00,(£17.00/each),fresh_food,milk_butter_eggs,2025-05-29
George Home Black Barbican Pans - Set of 5,£65.00,(£65.00/each),fresh_food,milk_butter_eggs,2025-05-29
George Home Non-stick Aluminium Frying Pan,£5.00,(£5.00/each),fresh_food,milk_butter_eggs,2025-05-29
Scoville Pro Frying Pan,£23.00,(£23.00/each),fresh_food,milk_butter_eggs,2025-05-29
Tefal Essential Non-stick Frying Pans - Twin Pack,£22.00,(£22.00/each),fresh_food,milk_butter_eggs,2025-05-29
George Home Black Barbican Frying Pan 24cm,£12.00,(£12.00/each),fresh_food,milk_butter_eggs,2025-05-29
Scoville Wok,£22.00,(£22.00/each),fresh_food,milk_butter_eggs,2025-05-29
Scoville Expert 24cm Frying Pan,£11.96,(£11.96/each),fresh_food,milk_butter_eggs,2025-05-29
Tefal Easycare Jumbo Cooker,£24.00,(£24.00/each),fresh_food,milk_butter_eggs,2025-05-29
Scoville Steellux 2 Piece Frying Pan Set,£26.00,(£26.00/each),fresh_food,milk_butter_eggs,2025-05-29
Scoville Pro Frying Pan With Helper Handle,£26.00,(£26.00/each),fresh_food,milk_butter_eggs,2025-05-29
George Home Matte Black 28cm Non-Stick Wok,£11.00,(£11.00/each),fresh_food,milk_butter_eggs,2025-05-29
George Home Non-Stick Grill Pan Aluminium 24cm,£8.00,(£8.00/each),fresh_food,milk_butter_eggs,2025-05-29
Scoville Frying Pan,£18.00,(£18.00/each),fresh_food,milk_butter_eggs,2025-05-29
George Home Non-stick Aluminium Frying Pan,£5.00,(£5.00/each),fresh_food,milk_butter_eggs,2025-05-29
Gino D'Acampo 28cm Frying Pan,£13.50,(£13.50/each),fresh_food,milk_butter_eggs,2025-05-29
Scoville Frying Pan,£18.00,(£18.00/each),fresh_food,milk_butter_eggs,2025-05-29
Scoville Steellux 2 Piece Frying Pan Set,£26.00,(£26.00/each),fresh_food,milk_butter_eggs,2025-05-29
Scoville Wok,£15.00,(£15.00/each),fresh_food,milk_butter_eggs,2025-05-29
Scoville Expert 24cm Frying Pan,£11.96,(£11.96/each),fresh_food,milk_butter_eggs,2025-05-29
George Home Black Softgrip Frying Pan,£8.00,(£8.00/each),fresh_food,milk_butter_eggs,2025-05-29
George Home Non-Stick Aluminium Frying Pan 2 Pack,£8.50,(£8.50/each),fresh_food,milk_butter_eggs,2025-05-29
Tefal Essential 32cm Frying Pan,£19.00,(£19.00/each),fresh_food,milk_butter_eggs,2025-05-29
Scoville Mini Egg Pan,£8.00,(£8.00/each),fresh_food,milk_butter_eggs,2025-05-29
Scoville Pro Frying Pan With Helper Handle,£26.00,(£26.00/each),fresh_food,milk_butter_eggs,2025-05-29
George Home Non-Stick Aluminium Frying Pan 28cm,£7.00,(£7.00/each),fresh_food,milk_butter_eggs,2025-05-29
Scoville Pro Neverstick+ 26cm Saute Pan,£25.00,(£25.00/each),fresh_food,milk_butter_eggs,2025-05-29
George Home Cream Enamelled Cast Iron Square Grill Pan - 28cm,£14.00,(£14.00/each),fresh_food,milk_butter_eggs,2025-05-29
George Home Grey Simplicity 5-Piece Pan Set,£60.00,(£60.00/each),fresh_food,milk_butter_eggs,2025-05-29
George Home Non-Stick Frying Pan 32cm,£9.00,(£9.00/each),fresh_food,milk_butter_eggs,2025-05-29
Scoville Pro Frying Pan,£20.00,(£20.00/each),fresh_food,milk_butter_eggs,2025-05-29
George Home Wok,£18.00,(£18.00/each),fresh_food,milk_butter_eggs,2025-05-29
Scoville Pro Frying Pan,£23.00,(£23.00/each),fresh_food,milk_butter_eggs,2025-05-29
Tefal Essential Non-stick Frying Pans - Twin Pack,£22.00,(£22.00/each),fresh_food,milk_butter_eggs,2025-05-29
Tefal Easycare Jumbo Cooker,£24.00,(£24.00/each),fresh_food,milk_butter_eggs,2025-05-29
Scoville Wok,£22.00,(£22.00/each),fresh_food,milk_butter_eggs,2025-05-29
George Home Black Barbican Frying Pan 24cm,£12.00,(£12.00/each),fresh_food,milk_butter_eggs,2025-05-29
Scoville Expert 28cm Wok,£14.97,(£14.97/each),fresh_food,milk_butter_eggs,2025-05-29
George Home Black Non-Stick Omelette Maker GOM101B-21,£14.00,(£14.00/each),fresh_food,milk_butter_eggs,2025-05-29
Gino D'Acampo 32cm Frying Pan,£15.00,(£15.00/each),fresh_food,milk_butter_eggs,2025-05-29
Scoville Neverstick 30cm Chapati Pan,£16.00,(£16.00/each),fresh_food,milk_butter_eggs,2025-05-29
Scoville Frying Pan,£22.00,(£22.00/each),fresh_food,milk_butter_eggs,2025-05-29
JML Copper Stone Pan 20 cm,£19.97,(£19.97/each),fresh_food,milk_butter_eggs,2025-05-29
George Home Aluminium Karahi,£10.00,(£10.00/each),fresh_food,milk_butter_eggs,2025-05-29
Tefal Titanium Excellence G1510644 28cm Frying Pan,£25.00,(£25.00/each),fresh_food,milk_butter_eggs,2025-05-29
Scoville Neverstick Square Grill Pan,£20.00,(£20.00/each),fresh_food,milk_butter_eggs,2025-05-29
Tefal Grill Pan,£30.00,(£30.00/each),fresh_food,milk_butter_eggs,2025-05-29
Scoville Expert 30cm Frying Pan,£13.94,(£13.94/each),fresh_food,milk_butter_eggs,2025-05-29
Tefal Titanium Force 5pc Pan Set,£65.00,(£65.00/each),fresh_food,milk_butter_eggs,2025-05-29
Alpro No Sugars Coco 1L,£2.00,(20.0p/100ml),fresh_food,dairy_free,2025-05-29
Alpro Barista Oat 750ml,£1.43,(£1.91/lt),fresh_food,dairy_free,2025-05-29
Alpro Smooth Subtle Creamy Oat 500ml,£1.14,(£2.28/lt),fresh_food,dairy_free,2025-05-29
Alpro No Sugars Nutty Almond 500ml,£1.14,(£2.28/lt),fresh_food,dairy_free,2025-05-29
Alpro Plant Protein 750ml,£2.00,(26.7p/100ml),fresh_food,dairy_free,2025-05-29
Alpro Plant Protein Chocolate Flavour 750ml,£2.00,(26.7p/100ml),fresh_food,dairy_free,2025-05-29
Oddlygood Barista Vanilla Flavour Oat Drink 1L,£2.16,(£2.16/lt),fresh_food,dairy_free,2025-05-29
Oddlygood Barista Salted Caramel Flavour Oat Drink 1L,£2.16,(£2.16/lt),fresh_food,dairy_free,2025-05-29
Oatly Oat Drink No Sugars Chilled 1L,£2.20,(£2.20/lt),fresh_food,dairy_free,2025-05-29
Oatly The Original Whole Oat Drink,£2.00,(£2.00/lt),fresh_food,dairy_free,2025-05-29
Oatly The Original Oat Drink Organic,£2.18,(£2.18/lt),fresh_food,dairy_free,2025-05-29
Oatly Oat Drink Chocolate Deluxe,£2.20,(£2.20/lt),fresh_food,dairy_free,2025-05-29
Oatly Barista Edition The Original Oat Drink,£2.20,(£2.20/lt),fresh_food,dairy_free,2025-05-29
Oatly The Original Semi Oat Drink,£2.00,(£2.00/lt),fresh_food,dairy_free,2025-05-29
ASDA Lactose Free Semi Skimmed Milk,£0.99,(99.0p/lt),fresh_food,dairy_free,2025-05-29
Plant Based by ASDA Oat Drink 1Litre,£1.45,(£1.45/lt),fresh_food,dairy_free,2025-05-29
Arla LactoFREE Fresh Semi Skimmed Milk,£2.75,(£1.38/lt),fresh_food,dairy_free,2025-05-29
Alpro Almond No Sugars Long Life Drink,£1.88,(18.8p/100ml),fresh_food,dairy_free,2025-05-29
Oddlygood Barista Oat Drink 1L,£1.73,(£1.73/lt),fresh_food,dairy_free,2025-05-29
Plant Based by ASDA Oat Barista Drink 1 Litre,£1.45,(£1.45/lt),fresh_food,dairy_free,2025-05-29
Arla LactoFREE Fresh Semi Skimmed Milk,£1.85,(£1.85/lt),fresh_food,dairy_free,2025-05-29
Mighty Milkology Ultimate Barista Oat Milk Alternative Long Life,£1.48,(£1.48/lt),fresh_food,dairy_free,2025-05-29
Alpro Soya No Sugars Chilled Drink,£1.68,(£1.68/lt),fresh_food,dairy_free,2025-05-29
Plenish Organic Almond Dairy Alternative Chilled Drink 1L,£2.25,(£2.25/lt),fresh_food,dairy_free,2025-05-29
Califia Farms Oat Barista Blend Chilled Style,£2.10,(£2.10/lt),fresh_food,dairy_free,2025-05-29
Alpro Soya Vanilla Long Life Drink,£1.88,(18.8p/100ml),fresh_food,dairy_free,2025-05-29
Alpro Organic No Sugars Soya Long Life Drink,£2.00,(20.0p/100ml),fresh_food,dairy_free,2025-05-29
Califia Farms Unsweetened Vanilla Almond Drink,£2.10,(28.0p/100ml),fresh_food,dairy_free,2025-05-29
Alpro Barista Almond 1L,£1.88,(£1.88/lt),fresh_food,dairy_free,2025-05-29
Alpro Soya Growing Up Long Life Drink,£1.88,(18.8p/100ml),fresh_food,dairy_free,2025-05-29
Blue Diamond Long Life Almond Breeze Drink Unsweetened,£1.90,(£1.90/lt),fresh_food,dairy_free,2025-05-29
Alpro Alpro Oat No Sugars Long Life Drink Stock Up Bundle,£5.64,null,fresh_food,dairy_free,2025-05-29
Plant Based by ASDA Almond Unsweetened Drink 1 Litre,£1.25,(£1.25/lt),fresh_food,dairy_free,2025-05-29
Koko Dairy Free Original Drink Chilled,£1.68,(£1.68/lt),fresh_food,dairy_free,2025-05-29
ASDA Plant Based Oat Non-Dairy Alternative to Single Cream 200ml,£1.20,(£6.00/lt),fresh_food,dairy_free,2025-05-29
Califia Farms Mocha Cold Brew Coffee with Almond,£2.95,(39.3p/100ml),fresh_food,dairy_free,2025-05-29
Alpro Soya Long Life Drink,£2.00,(20.0p/100ml),fresh_food,dairy_free,2025-05-29
Plenish Organic Oat 1L,£2.25,(£2.25/lt),fresh_food,dairy_free,2025-05-29
Alpro Almond No Sugars Chilled Drink,£1.48,(14.8p/100ml),fresh_food,dairy_free,2025-05-29
Alpro Soya No Sugars Long Life Drink,£2.00,(20.0p/100ml),fresh_food,dairy_free,2025-05-29
Arla LactoFREE Fresh Skimmed Milk Drink,£1.85,(£1.85/lt),fresh_food,dairy_free,2025-05-29
ASDA Free From Strawberry Soya Drink,£1.98,(16.5p/100ml),fresh_food,dairy_free,2025-05-29
Arla LactoFREE Whole Milk Drink 2 Litre,£2.75,(£1.38/lt),fresh_food,dairy_free,2025-05-29
Alpro Coconut Long Life Drink,£2.00,(20.0p/100ml),fresh_food,dairy_free,2025-05-29
Arla Protein Strawberry & Raspberry Milk Shake,£1.72,(£3.57/lt),fresh_food,dairy_free,2025-05-29
Alpro Almond Plant-Based Chilled Drink,£2.00,(£2.00/lt),fresh_food,dairy_free,2025-05-29
Alpro Creamy Oat 1L,£1.48,(£1.48/lt),fresh_food,dairy_free,2025-05-29
Alpro Soya Light Plant-Based Chilled Drink,£1.92,(£1.92/lt),fresh_food,dairy_free,2025-05-29
Alpro Hazelnut Long Life Drink,£2.00,(20.0p/100ml),fresh_food,dairy_free,2025-05-29
Oatly The Original No Sugars Oat Drink,£1.98,(£1.98/lt),fresh_food,dairy_free,2025-05-29
Arla LactoFREE Organic Semi Skimmed Milk Drink,£2.00,(£2.00/lt),fresh_food,dairy_free,2025-05-29
Alpro Barista Oat Long Life Drink,£1.88,(£1.88/lt),fresh_food,dairy_free,2025-05-29
Alpro Almond No Sugars Long Life Drink Stock Up Bundle,£5.64,null,fresh_food,dairy_free,2025-05-29
Vitasoy Soy Drink 250ml,£0.75,(30.0p/100ml),fresh_food,dairy_free,2025-05-29
Mighty High Protein Pea Milk Alternative Long Life Unsweetened,£1.58,(£1.58/lt),fresh_food,dairy_free,2025-05-29
Alpro Almond Long Life Drink,£1.88,(£1.88/lt),fresh_food,dairy_free,2025-05-29
Koko Dairy Free Unsweetened Drink Chilled,£1.68,(£1.68/lt),fresh_food,dairy_free,2025-05-29
Alpro Oat Long Life Drink,£1.88,(18.8p/100ml),fresh_food,dairy_free,2025-05-29
Plenish Organic Gluten Free Oat 1L,£2.25,(£2.25/lt),fresh_food,dairy_free,2025-05-29
UFC Velvet Coconut Milk Unsweetened 1L,£2.80,(£2.80/lt),fresh_food,dairy_free,2025-05-29
Alpro Light Soya 1L,£2.00,(20.0p/100ml),fresh_food,dairy_free,2025-05-29
Alpro Oat No Sugars Chilled Drink,£1.48,(14.8p/100ml),fresh_food,dairy_free,2025-05-29
Plant Based by ASDA Coconut Drink 1 Litre,£1.25,(£1.25/lt),fresh_food,dairy_free,2025-05-29
Alpro Barista Oat Long Life Drink,£1.88,(£1.88/lt),fresh_food,dairy_free,2025-05-29
Vitasoy Soy Drink 250ml,£0.75,(30.0p/100ml),fresh_food,dairy_free,2025-05-29
Alpro Almond No Sugars Long Life Drink Stock Up Bundle,£5.64,null,fresh_food,dairy_free,2025-05-29
Alpro Almond Long Life Drink,£1.88,(£1.88/lt),fresh_food,dairy_free,2025-05-29
Alpro Oat Long Life Drink,£1.88,(18.8p/100ml),fresh_food,dairy_free,2025-05-29
Plenish Organic Gluten Free Oat 1L,£2.25,(£2.25/lt),fresh_food,dairy_free,2025-05-29
Alpro Oat No Sugars Long Life Drink,£1.88,(£1.88/lt),fresh_food,dairy_free,2025-05-29
Alpro Soya High Protein Chocolate Long Life Drink,£2.07,(20.7p/100ml),fresh_food,dairy_free,2025-05-29
Arla LactoFREE Organic Semi Skimmed Milk Drink,£2.00,(£2.00/lt),fresh_food,dairy_free,2025-05-29
Oatly Oat Drink Skinny,£2.18,(£2.18/lt),fresh_food,dairy_free,2025-05-29
Mighty High Protein Pea Milk Alternative Long Life Unsweetened,£1.58,(£1.58/lt),fresh_food,dairy_free,2025-05-29
Koko Dairy Free Unsweetened Drink Chilled,£1.68,(£1.68/lt),fresh_food,dairy_free,2025-05-29
Alpro Soya Light Plant-Based Chilled Drink,£1.92,(£1.92/lt),fresh_food,dairy_free,2025-05-29
Alpro Creamy Oat 1L,£1.48,(£1.48/lt),fresh_food,dairy_free,2025-05-29
Alpro Hazelnut Long Life Drink,£2.00,(20.0p/100ml),fresh_food,dairy_free,2025-05-29
Oatly The Original No Sugars Oat Drink,£1.98,(£1.98/lt),fresh_food,dairy_free,2025-05-29
Califia Farms Oat Barista Blend,£2.10,(£2.10/lt),fresh_food,dairy_free,2025-05-29
Plant Based by ASDA Oat Drink 1 Litre,£1.34,(£1.34/lt),fresh_food,dairy_free,2025-05-29
Oatly Chocolate Oat Drink Long Life,£1.86,(£1.86/lt),fresh_food,dairy_free,2025-05-29
Arla LactoFREE Long Life Whole Milk Drink,£2.00,(£2.00/lt),fresh_food,dairy_free,2025-05-29
Alpro Soya Chocolate Long Life Drink,£1.88,(18.8p/100ml),fresh_food,dairy_free,2025-05-29
Califia Farms Original Oat Drink,£2.10,(£2.10/lt),fresh_food,dairy_free,2025-05-29
Alpro Growing Up Oat Drink 1-3+ Years,£1.88,(18.8p/100ml),fresh_food,dairy_free,2025-05-29
Alpro Soya High Protein Long Life Drink,£2.07,(20.7p/100ml),fresh_food,dairy_free,2025-05-29
Alpro Soya Drink Growing Up 1-3yr+ Uht,£2.00,(£2.67/lt),fresh_food,dairy_free,2025-05-29
Califia Farms Cold Brew Coffee with Oat Caramel 750ml,£2.95,(39.3p/100ml),fresh_food,dairy_free,2025-05-29
Alpro Coconut Drink Original Chilled,£1.92,(19.2p/100ml),fresh_food,dairy_free,2025-05-29
Plant Based by ASDA Coconut Drink 1 Litre,£1.25,(£1.25/lt),fresh_food,dairy_free,2025-05-29
Plant Based by ASDA Chocolate Flavoured Oat Drink 200ml,£1.98,(£1.65/lt),fresh_food,dairy_free,2025-05-29
ASDA British Mature Cheddar Cheese 400g,£3.14,(£7.85/kg),fresh_food,cheese,2025-05-29
ASDA British Extra Mature Cheddar Cheese,£3.14,(£7.85/kg),fresh_food,cheese,2025-05-29
ASDA British Medium Cheddar 400g,£3.14,(£7.85/kg),fresh_food,cheese,2025-05-29
ASDA British Mild Cheddar Cheese 400g,£3.14,(£7.85/kg),fresh_food,cheese,2025-05-29
Cathedral City Our Naturally Smoked Cheddar 300g,£3.58,(£11.93/kg),fresh_food,cheese,2025-05-29
Cathedral City High Protein Half Fat Mature Cheddar 300g,£3.58,(£11.93/kg),fresh_food,cheese,2025-05-29
Cathedral City 5 Half Fat Mature Cheddar Mighty Slices 150g,£2.36,(£15.73/kg),fresh_food,cheese,2025-05-29
Cathedral City Half Fat Mature Cheddar Shredded 180g,£2.36,(£13.11/kg),fresh_food,cheese,2025-05-29
Exceptional by ASDA Vintage Red Fox 200g,£3.07,(£15.35/kg),fresh_food,cheese,2025-05-29
Exceptional by ASDA Mature Double Gloucester 200g,£3.07,(£15.35/kg),fresh_food,cheese,2025-05-29
Cathedral City Our Mature Cheddar 550g,£4.08,(£7.42/kg),fresh_food,cheese,2025-05-29
Cathedral City Our Extra Mature Cheddar 550g,£4.08,(£7.42/kg),fresh_food,cheese,2025-05-29
Cathedral City Our Lighter Mature Cheddar 550g,£4.08,(£7.42/kg),fresh_food,cheese,2025-05-29
JUST ESSENTIALS by ASDA Red Leicester Cheese,£2.69,(£6.72/kg),fresh_food,cheese,2025-05-29
Pilgrims Choice Extra Mature Cheddar Cheese,£2.72,(£7.77/kg),fresh_food,cheese,2025-05-29
ASDA Mature Cheddar Cheese,£2.82,(£11.28/kg),fresh_food,cheese,2025-05-29
ASDA British Extra Mature Cheddar 250g,£2.82,(£11.28/kg),fresh_food,cheese,2025-05-29
ASDA British Mild Cheddar 250g,£2.82,(£11.28/kg),fresh_food,cheese,2025-05-29
ASDA Red Leicester British Cheese,£2.82,(£11.28/kg),fresh_food,cheese,2025-05-29
ASDA White Cheshire 250g,£2.82,(£11.28/kg),fresh_food,cheese,2025-05-29
ASDA Wensleydale Mild & Crumbly 250g,£2.82,(£11.28/kg),fresh_food,cheese,2025-05-29
ASDA Lancashire 250g,£2.82,(£11.28/kg),fresh_food,cheese,2025-05-29
JUST ESSENTIALS by ASDA Mature White Cheddar Cheese,£2.69,(£6.72/kg),fresh_food,cheese,2025-05-29
JUST ESSENTIALS by ASDA Mild White Cheddar Cheese,£2.69,(£6.72/kg),fresh_food,cheese,2025-05-29
ASDA British Light Extra Mature Cheddar 400g,£3.14,(£7.85/kg),fresh_food,cheese,2025-05-29
ASDA British Mature Grated Cheddar 250g,£2.54,(£10.16/kg),fresh_food,cheese,2025-05-29
ASDA Grated Mozzarella Cheese 250g,£2.54,(£10.16/kg),fresh_food,cheese,2025-05-29
ASDA British Mild Grated Cheddar Cheese 250g,£2.54,(£10.16/kg),fresh_food,cheese,2025-05-29
ASDA British Light Mild Grated Cheese,£2.54,(£10.16/kg),fresh_food,cheese,2025-05-29
ASDA British 10 Mild Cheddar Cheese Slices,£2.54,(£10.16/kg),fresh_food,cheese,2025-05-29
ASDA British Half Fat Mature Cheddar 400g,£3.14,(£7.85/kg),fresh_food,cheese,2025-05-29
Cathedral City Mature Cheddar Cheese,£3.58,(£10.23/kg),fresh_food,cheese,2025-05-29
ASDA British Light Mature Cheddar 400g,£3.14,(£7.85/kg),fresh_food,cheese,2025-05-29
ASDA British Double Gloucester 400g,£3.14,(£7.85/kg),fresh_food,cheese,2025-05-29
ASDA British Red Leicester 400g,£3.14,(£7.85/kg),fresh_food,cheese,2025-05-29
ASDA British Grated Red Leicester Cheese 250g,£2.54,(£10.16/kg),fresh_food,cheese,2025-05-29
Cathedral City Mild Cheddar Cheese,£3.58,(£10.23/kg),fresh_food,cheese,2025-05-29
Cathedral City Mature Lighter Cheese,£3.58,(£10.23/kg),fresh_food,cheese,2025-05-29
Pilgrims Choice Mature Cheddar Cheese,£5.20,(£9.45/kg),fresh_food,cheese,2025-05-29
Cathedral City Lighter Extra Mature Cheddar Cheese,£3.58,(£10.23/kg),fresh_food,cheese,2025-05-29
Pilgrims Choice Extra Mature Cheddar,£5.20,(£9.45/kg),fresh_food,cheese,2025-05-29
Cathedral City Vintage ‘Our Strongest’ Cheddar Cheese,£3.58,(£10.23/kg),fresh_food,cheese,2025-05-29
Castello Tickler Extra Mature Cheddar Cheese 300g,£3.56,(£11.87/kg),fresh_food,cheese,2025-05-29
ASDA British Half Fat Mature Grated Cheese 200g,£2.54,(£12.70/kg),fresh_food,cheese,2025-05-29
Cathedral City Mini Mature Cheddar Cheeses,£1.78,(£14.83/kg),fresh_food,cheese,2025-05-29
Dewlay Lancashire Crumbly,£2.00,(£10.00/kg),fresh_food,cheese,2025-05-29
Cathedral City Extra Mature Cheddar Cheese,£3.58,(£10.23/kg),fresh_food,cheese,2025-05-29
JUST ESSENTIALS by ASDA Mature White Cheddar 825g,£4.57,(£5.54/kg),fresh_food,cheese,2025-05-29
JUST ESSENTIALS by ASDA Grated Cheddar 500g,£2.99,(£5.98/kg),fresh_food,cheese,2025-05-29
JUST ESSENTIALS by ASDA Mild White Cheddar 825g,£4.57,(£5.54/kg),fresh_food,cheese,2025-05-29
ASDA British Mature Cheddar 750g,£4.92,(£6.56/kg),fresh_food,cheese,2025-05-29
ASDA British Double Gloucester With Onion & Chives Cheese 200g,£2.94,(£14.70/kg),fresh_food,cheese,2025-05-29
ASDA British Extra Mature Cheddar 750g,£4.92,(£6.56/kg),fresh_food,cheese,2025-05-29
,,,fresh_food,cheese,2025-05-29
,,,fresh_food,cheese,2025-05-29
,,,fresh_food,cheese,2025-05-29
,,,fresh_food,cheese,2025-05-29
,,,fresh_food,cheese,2025-05-29
,,,fresh_food,cheese,2025-05-29
ASDA British Double Gloucester With Onion & Chives Cheese 200g,£2.94,(£14.70/kg),fresh_food,cheese,2025-05-29
ASDA British Mild Cheddar 750g,£4.92,(£6.56/kg),fresh_food,cheese,2025-05-29
Wensleydale Creamery Wensleydale with Cranberries,£2.07,(£11.50/kg),fresh_food,cheese,2025-05-29
ASDA British 10 Red Leicester Cheese Slices 250g,£2.54,(£10.16/kg),fresh_food,cheese,2025-05-29
Cathedral City 6 Slices Mature Cheese,£2.36,(£15.73/kg),fresh_food,cheese,2025-05-29
Joseph Heler Cheshire Cheese,£2.00,(£10.00/kg),fresh_food,cheese,2025-05-29
Exceptional by ASDA Creamy Lancashire 200g,£3.07,(£15.35/kg),fresh_food,cheese,2025-05-29
Cheese Selection Box,£4.04,(£16.16/kg),fresh_food,cheese,2025-05-29
Dewlay Lancashire Tasty,£2.00,(£10.00/kg),fresh_food,cheese,2025-05-29
Exceptional by ASDA Creamy Wensleydale Cheese,£2.76,(£13.80/kg),fresh_food,cheese,2025-05-29
Dewlay Lancashire Cheese,£2.00,(£10.00/kg),fresh_food,cheese,2025-05-29
ASDA British Cheese Selection 475g,£6.50,(£13.68/kg),fresh_food,cheese,2025-05-29
Arla LactoFREE Mature Cheddar Cheese,£2.50,(£12.50/kg),fresh_food,cheese,2025-05-29
Violife Cheddarton Cheddar Cheese Alternative,£2.00,(£1.00/100g),fresh_food,cheese,2025-05-29
Pilgrims Choice Lighter Extra Mature 350g,£2.72,(£7.77/kg),fresh_food,cheese,2025-05-29
Cathedral City Mini Extra Mature Cheeses,£1.78,(£14.83/kg),fresh_food,cheese,2025-05-29
ASDA Sliced Extra Mature British Cheddar Cheese 250g,£2.54,(£10.16/kg),fresh_food,cheese,2025-05-29
Applewood Vegan Slices,£2.80,(£14.00/kg),fresh_food,cheese,2025-05-29
Wensleydale Creamery Creamery Original Yorkshire Wensleydale 200g,£2.13,(£10.65/kg),fresh_food,cheese,2025-05-29
ASDA 6 Cracked Black Pepper Cheddar Slices 180g,£2.54,(£14.11/kg),fresh_food,cheese,2025-05-29
Exceptional by ASDA Wyke Farms Somerset Extra Mature Cheddar 300g,£3.50,(£11.67/kg),fresh_food,cheese,2025-05-29
GRATED CHILLI CHEESE BLEND by ASDA 200g,£2.50,(£12.50/kg),fresh_food,cheese,2025-05-29
ASDA Free From Grated Mozzarella Alternative 200g,£2.46,(£12.30/kg),fresh_food,cheese,2025-05-29
Sheese Red Leicester Style Slices,£2.50,(£13.89/kg),fresh_food,cheese,2025-05-29
Arla Lactofree Mature Cheddar Grated Cheese 200g,£2.50,(£12.50/kg),fresh_food,cheese,2025-05-29
Cathedral City Cathedral City Our Plant Based Dairy Free Grated Cheese Alternative 150g,£2.32,(£15.47/kg),fresh_food,cheese,2025-05-29
Violife Epic Mature Cheddar Flavour Block Vegan Alternative to Cheese,£2.54,(£12.70/kg),fresh_food,cheese,2025-05-29
Cathedral City High Protein Block Half Fat Mature Cheddar 20g,£1.78,(£14.83/kg),fresh_food,cheese,2025-05-29
Pilgrims Choice Mature Cheddar Cheese,£2.72,(£7.77/kg),fresh_food,cheese,2025-05-29
Cathedral City Lactose Free Mature Cheese,£2.28,(£11.40/kg),fresh_food,cheese,2025-05-29
Dewlay Garstang Cheese Selection,£3.15,(98.4p/100g),fresh_food,cheese,2025-05-29
Cathedral City Our Plant Based 6 Dairy Free Cheese Alternative Slices 150g,£2.32,(£15.47/kg),fresh_food,cheese,2025-05-29
ASDA Grated Extra Mature British Cheddar Cheese 250g,£2.54,(£10.16/kg),fresh_food,cheese,2025-05-29
Cathedral City Our Plant Based Dairy Free Cheese Alternative 280g,£3.34,(£11.93/kg),fresh_food,cheese,2025-05-29
Davidstow Crackler Cornish Extra Mature Cheese,£3.33,(£10.41/kg),fresh_food,cheese,2025-05-29
Cathedral City Grated Mature Lighter Cheese,£2.36,(£13.11/kg),fresh_food,cheese,2025-05-29
Cathedral City Grated Mature Cheddar Cheese,£2.36,(£13.11/kg),fresh_food,cheese,2025-05-29
Cathedral City Grated Extra Mature Cheddar,£2.36,(£13.11/kg),fresh_food,cheese,2025-05-29
ASDA British 10 Mature Cheddar Cheese Slices,£2.54,(£10.16/kg),fresh_food,cheese,2025-05-29
Wensleydale Creamery Creamery Original Yorkshire Wensleydale & Apricots 180g,£2.07,(£11.50/kg),fresh_food,cheese,2025-05-29
Cathedral City Mature Cheddar 6 x 20g,£1.78,(£14.83/kg),fresh_food,cheese,2025-05-29
Cathedral City 6 Slices Mature Lighter Cheese,£2.36,(£15.73/kg),fresh_food,cheese,2025-05-29
ASDA Free From Grated Cheddar Alternative,£2.20,(£11.00/kg),fresh_food,cheese,2025-05-29
Wensleydale Creamery Hot & Spicy Cheddar,£2.07,(£11.50/kg),fresh_food,cheese,2025-05-29
ASDA British 8 Half Fat Mature Cheddar Slices 160g,£2.54,(£15.88/kg),fresh_food,cheese,2025-05-29
ASDA 10 Mozzarella Cheese Slices,£2.54,(£11.55/kg),fresh_food,cheese,2025-05-29
,,,fresh_food,cheese,2025-05-29
,,,fresh_food,cheese,2025-05-29
,,,fresh_food,cheese,2025-05-29
,,,fresh_food,cheese,2025-05-29
,,,fresh_food,cheese,2025-05-29
,,,fresh_food,cheese,2025-05-29
Boursin Black Pepper Soft French Cream Cheese 150g,£2.47,(£16.47/kg),fresh_food,cheese,2025-05-29
Boursin Garlic & Herbs Soft French Cream Cheese 150g,£2.47,(£16.47/kg),fresh_food,cheese,2025-05-29
The Laughing Cow Light Blue Cheese Spread Triangles x8,£1.90,(£14.84/kg),fresh_food,cheese,2025-05-29
ASDA British Cheese Selection 475g,£6.50,(£13.68/kg),fresh_food,cheese,2025-05-29
ASDA Mild & Creamy Brie 200g,£1.78,(£8.90/kg),fresh_food,cheese,2025-05-29
ASDA British Wensleydale With Cranberry Cheese 200g,£2.94,(£14.70/kg),fresh_food,cheese,2025-05-29
ASDA Garlic & Herb Roulé 125g,£2.04,(£16.32/kg),fresh_food,cheese,2025-05-29
ASDA German Beechwood Smoked Cheese 175g,£2.36,(£13.49/kg),fresh_food,cheese,2025-05-29
President French Brie Cheese,£2.27,(£11.35/kg),fresh_food,cheese,2025-05-29
ASDA Gouda Cheese,£1.84,(£9.20/kg),fresh_food,cheese,2025-05-29
Port Salut Mild Soft French Cheese 185g,£2.51,(£13.57/kg),fresh_food,cheese,2025-05-29
ASDA Blue Stilton 220g,£2.44,(£11.09/kg),fresh_food,cheese,2025-05-29
Wensleydale Creamery Hot & Spicy Cheddar,£2.07,(£11.50/kg),fresh_food,cheese,2025-05-29
Applewood Original Wedge Smoky Cheddar 185g,£2.56,(£13.84/kg),fresh_food,cheese,2025-05-29
Castello Taste of Hawaii Pineapple & Almond Cream Cheese Ring,£1.78,(£14.24/kg),fresh_food,cheese,2025-05-29
ASDA Shropshire Blue Cheese 150g,£2.16,(£14.40/kg),fresh_food,cheese,2025-05-29
ASDA Austrian Smoke Flavoured Cheese 200g,£2.38,(£11.90/kg),fresh_food,cheese,2025-05-29
Saint Agur Blue 125g,£2.25,(£18.00/kg),fresh_food,cheese,2025-05-29
ASDA Somerset Brie 160g,£2.12,(£13.25/kg),fresh_food,cheese,2025-05-29
ASDA British Cheddar Cheese With Pickled Onions & Chives 200g,£2.94,(£14.70/kg),fresh_food,cheese,2025-05-29
President French Camembert Cheese,£2.27,(£9.08/kg),fresh_food,cheese,2025-05-29
Castello Creamy Blue Cheese,£2.62,(£17.47/kg),fresh_food,cheese,2025-05-29
Castello Extra Creamy Brie Cheese,£2.62,(£13.10/kg),fresh_food,cheese,2025-05-29
ASDA Iberico Sweet & Nutty Cheese,£2.93,(£19.53/kg),fresh_food,cheese,2025-05-29
ASDA Edam 220g,£2.05,(£9.32/kg),fresh_food,cheese,2025-05-29
ASDA Ripened Goat's Cheese 100g,£2.27,(£22.70/kg),fresh_food,cheese,2025-05-29
Exceptional by ASDA Vintage Red Fox 200g,£3.07,(£15.35/kg),fresh_food,cheese,2025-05-29
Mexicana Original Hot Cheese,£2.78,(£13.90/kg),fresh_food,cheese,2025-05-29
Exceptional by ASDA Mozzarella Di Bufala Campana DOP 225g,£2.57,(£20.56/kg),fresh_food,cheese,2025-05-29
JUST ESSENTIALS by ASDA Hard Cheese,£1.91,(£11.24/kg),fresh_food,cheese,2025-05-29
ASDA 10 Sliced Emmental Cheese 250g,£2.54,(£10.16/kg),fresh_food,cheese,2025-05-29
Violife Smoky Cheddar Flavour Slices,£2.34,(£11.70/kg),fresh_food,cheese,2025-05-29
Exceptional by ASDA Creamy Lancashire 200g,£3.07,(£15.35/kg),fresh_food,cheese,2025-05-29
Cheese Selection Box,£4.04,(£16.16/kg),fresh_food,cheese,2025-05-29
Lowicz Cascaval,£2.85,(£9.38/kg),fresh_food,cheese,2025-05-29
Exceptional by ASDA Campana DOP Bocconcini 225g,£2.67,(£21.36/kg),fresh_food,cheese,2025-05-29
Exceptional by ASDA Parmigiano Reggiano Dop 170g,£3.67,(£21.59/kg),fresh_food,cheese,2025-05-29
Exceptional by ASDA Asda Exceptional Tasting British Cheese Selection 155g,£3.50,(£22.58/kg),fresh_food,cheese,2025-05-29
ASDA Grana Padano Mild and Nutty with Sweet Fruity Flavour 160g,£2.50,(£15.62/kg),fresh_food,cheese,2025-05-29
Castello Danish Blue Cheese,£2.80,(£18.67/kg),fresh_food,cheese,2025-05-29
Exceptional by ASDA Blue Stilton 200g,£2.07,(£10.35/kg),fresh_food,cheese,2025-05-29
ASDA Caramelised Onion Cheddar Slices 160g,£2.54,(£15.88/kg),fresh_food,cheese,2025-05-29
Wensleydale Creamery Creamery Original Yorkshire Wensleydale & Apricots 180g,£2.07,(£11.50/kg),fresh_food,cheese,2025-05-29
Galbani Dolcelatte Italian Blue Cheese 150g,£3.00,(£20.00/kg),fresh_food,cheese,2025-05-29
Exceptional by ASDA Vernières Roquefort AOP 100g,£2.60,(£26.00/kg),fresh_food,cheese,2025-05-29
Exceptional by ASDA Gorgonzola Piccante PDO 150g,£2.77,(£18.47/kg),fresh_food,cheese,2025-05-29
Exceptional by ASDA Manchego DOP 150g,£3.98,(£26.53/kg),fresh_food,cheese,2025-05-29
ASDA Garlic & Herb Grated Cheese Blend 200g,£2.54,(£12.70/kg),fresh_food,cheese,2025-05-29
ASDA Italian Grated Pecorino 50g,£1.23,(£24.60/kg),fresh_food,cheese,2025-05-29
Chavroux La Bûche Pure Goat's Cheese,£2.54,(£1.69/100g),fresh_food,cheese,2025-05-29
Exceptional by ASDA Vintage Red Fox & Sweet Chilli Bake 150g,£3.22,(£21.47/kg),fresh_food,cheese,2025-05-29
ASDA Extra Special Whipped Soft Cream Cheese 150g,£1.48,(£9.87/kg),fresh_food,cheese,2025-05-29
ASDA French Camembert 250g,£2.63,(£10.52/kg),fresh_food,cheese,2025-05-29
ASDA Dutch Goat's Milk Gouda Cheese,£2.47,(£19.00/kg),fresh_food,cheese,2025-05-29
ASDA Grated Parmigiano Reggiano Parmesan Cheese,£2.48,(£24.80/kg),fresh_food,cheese,2025-05-29
Exceptional by ASDA Burrata 280g,£3.28,(£11.71/kg),fresh_food,cheese,2025-05-29
Le Rustique Jean Verrier Fromager Camembert,£2.58,(£10.32/kg),fresh_food,cheese,2025-05-29
Exceptional by ASDA Wyke Farms Vintage Cheddar Bake 150g,£3.22,(£21.47/kg),fresh_food,cheese,2025-05-29
,,,fresh_food,cheese,2025-05-29
,,,fresh_food,cheese,2025-05-29
,,,fresh_food,cheese,2025-05-29
,,,fresh_food,cheese,2025-05-29
,,,fresh_food,cheese,2025-05-29
,,,fresh_food,cheese,2025-05-29
Boursin Black Pepper Soft French Cream Cheese 150g,£2.47,(£16.47/kg),fresh_food,cheese,2025-05-29
Boursin Garlic & Herbs Soft French Cream Cheese 150g,£2.47,(£16.47/kg),fresh_food,cheese,2025-05-29
Port Salut Mild Soft French Cheese 185g,£2.51,(£13.57/kg),fresh_food,cheese,2025-05-29
Exceptional by ASDA Asda Exceptional Tasting British Cheese Selection 155g,£3.50,(£22.58/kg),fresh_food,cheese,2025-05-29
Galbani Dolcelatte Italian Blue Cheese 150g,£3.00,(£20.00/kg),fresh_food,cheese,2025-05-29
Le Rustique Jean Verrier Fromager Camembert,£2.58,(£10.32/kg),fresh_food,cheese,2025-05-29
Exceptional by ASDA Mature Double Gloucester 200g,£3.07,(£15.35/kg),fresh_food,cheese,2025-05-29
Le Rustique Raclette Slices 140g,£2.83,(£20.21/kg),fresh_food,cheese,2025-05-29
Exceptional by ASDA Brie De Meaux' AOP 165g,£3.14,(£19.03/kg),fresh_food,cheese,2025-05-29
Castello Mild Blue 150g,£2.80,(£18.67/kg),fresh_food,cheese,2025-05-29
Wensleydale Creamery Creamery Original Yorkshire Wensleydale & Apricots 180g,£2.07,(£11.50/kg),fresh_food,cheese,2025-05-29
Exceptional by ASDA Comté AOP 170g,£3.52,(£20.71/kg),fresh_food,cheese,2025-05-29
ASDA Spreadable Goats' Cheese 150g,£1.98,(£13.20/kg),fresh_food,cheese,2025-05-29
The Laughing Cow Light Blue Cheese Spread Triangles x8,£1.90,(£14.84/kg),fresh_food,cheese,2025-05-29
ASDA Grana Padano Mild and Nutty with Sweet Fruity Flavour 160g,£2.50,(£15.62/kg),fresh_food,cheese,2025-05-29
ASDA Caramelised Onion Cheddar Slices 160g,£2.54,(£15.88/kg),fresh_food,cheese,2025-05-29
Castello Danish Blue Cheese,£2.80,(£18.67/kg),fresh_food,cheese,2025-05-29
Exceptional by ASDA Blue Stilton 200g,£2.07,(£10.35/kg),fresh_food,cheese,2025-05-29
Haute Fromagerie Cheese Selection Pack 155g,£5.34,(£34.45/kg),fresh_food,cheese,2025-05-29
ASDA 10 Sliced Emmental Cheese 250g,£2.54,(£10.16/kg),fresh_food,cheese,2025-05-29
Cheese Selection Box,£4.04,(£16.16/kg),fresh_food,cheese,2025-05-29
ASDA Somerset Brie 160g,£2.12,(£13.25/kg),fresh_food,cheese,2025-05-29
Castello Creamy Blue Cheese,£2.62,(£17.47/kg),fresh_food,cheese,2025-05-29
Chavroux La Bûche Pure Goat's Cheese,£2.54,(£1.69/100g),fresh_food,cheese,2025-05-29
ASDA Garlic & Herb Grated Cheese Blend 200g,£2.54,(£12.70/kg),fresh_food,cheese,2025-05-29
Port Salut French Creamy Cheese Slices 6 x 20g,£2.32,(£19.33/kg),fresh_food,cheese,2025-05-29
Cathedral City Half Fat Mature Cheddar Shredded 180g,£2.36,(£13.11/kg),fresh_food,cheese,2025-05-29
Cathedral City 5 Half Fat Mature Cheddar Mighty Slices 150g,£2.36,(£15.73/kg),fresh_food,cheese,2025-05-29
ASDA British 10 Mature Cheddar Cheese Slices,£2.54,(£10.16/kg),fresh_food,cheese,2025-05-29
ASDA British 10 Mild Cheddar Cheese Slices,£2.54,(£10.16/kg),fresh_food,cheese,2025-05-29
ASDA 10 Mozzarella Cheese Slices,£2.54,(£11.55/kg),fresh_food,cheese,2025-05-29
ASDA British 10 Red Leicester Cheese Slices 250g,£2.54,(£10.16/kg),fresh_food,cheese,2025-05-29
ASDA British 8 Half Fat Mature Cheddar Slices 160g,£2.54,(£15.88/kg),fresh_food,cheese,2025-05-29
Applewood Cheese Slices,£2.68,(£16.75/kg),fresh_food,cheese,2025-05-29
ASDA Cheesy Slices 10 x 20g (200g),£1.20,(£6.00/kg),fresh_food,cheese,2025-05-29
ASDA British Mature Grated Cheddar 250g,£2.54,(£10.16/kg),fresh_food,cheese,2025-05-29
ASDA Grated Mozzarella Cheese 250g,£2.54,(£10.16/kg),fresh_food,cheese,2025-05-29
ASDA British Mild Grated Cheddar Cheese 250g,£2.54,(£10.16/kg),fresh_food,cheese,2025-05-29
ASDA British Half Fat Mature Grated Cheese 200g,£2.54,(£12.70/kg),fresh_food,cheese,2025-05-29
ASDA British Light Mild Grated Cheese,£2.54,(£10.16/kg),fresh_food,cheese,2025-05-29
ASDA Grated Four Cheese Blend 200g,£2.54,(£12.70/kg),fresh_food,cheese,2025-05-29
ASDA Light Cheesy Slices 10 x 20g (200g),£1.20,(£6.00/kg),fresh_food,cheese,2025-05-29
Pilgrims Choice Sliced Extra Mature Cheddar,£1.57,(£10.47/kg),fresh_food,cheese,2025-05-29
Mexicana Original Hot Cheese Slices,£2.58,(£16.12/kg),fresh_food,cheese,2025-05-29
JUST ESSENTIALS by ASDA Grated Cheddar 500g,£2.99,(£5.98/kg),fresh_food,cheese,2025-05-29
JUST ESSENTIALS by ASDA 10 Singles 200g,£0.65,(£3.25/kg),fresh_food,cheese,2025-05-29
ASDA British Grated Red Leicester Cheese 250g,£2.54,(£10.16/kg),fresh_food,cheese,2025-05-29
ASDA Dutch 10 Gouda Slices,£2.54,(£10.16/kg),fresh_food,cheese,2025-05-29
Dairylea Cheese Slices 8 x 18.75g (150g),£1.28,(£8.53/kg),fresh_food,cheese,2025-05-29
ASDA Italian Grated Pecorino 50g,£1.23,(£24.60/kg),fresh_food,cheese,2025-05-29
Pilgrims Choice Grated Extra Mature Cheddar 180g,£1.75,(£9.72/kg),fresh_food,cheese,2025-05-29
ASDA 8 German Beechwood Smoked Cheese Slices 180g,£2.54,(£14.11/kg),fresh_food,cheese,2025-05-29
ASDA Grated Extra Mature British Cheddar Cheese 250g,£2.54,(£10.16/kg),fresh_food,cheese,2025-05-29
Cathedral City Grated Mature Cheddar Cheese,£2.36,(£13.11/kg),fresh_food,cheese,2025-05-29
ASDA Dutch 10 Edam Cheese Slices 250g,£2.54,(£10.16/kg),fresh_food,cheese,2025-05-29
GRATED CHILLI CHEESE BLEND by ASDA 200g,£2.50,(£12.50/kg),fresh_food,cheese,2025-05-29
ASDA 10 Sliced Emmental Cheese 250g,£2.54,(£10.16/kg),fresh_food,cheese,2025-05-29
ASDA Sliced Extra Mature British Cheddar Cheese 250g,£2.54,(£10.16/kg),fresh_food,cheese,2025-05-29
Leerdammer Original 8 Slices,£2.27,(£14.19/kg),fresh_food,cheese,2025-05-29
ASDA Caramelised Onion Cheddar Slices 160g,£2.54,(£15.88/kg),fresh_food,cheese,2025-05-29
Cathedral City 6 Slices Mature Cheese,£2.36,(£15.73/kg),fresh_food,cheese,2025-05-29
ASDA Garlic & Herb Grated Cheese Blend 200g,£2.54,(£12.70/kg),fresh_food,cheese,2025-05-29
Dairylea Light Cheese Slices 8 x 18.75g (150g),£1.28,(£8.53/kg),fresh_food,cheese,2025-05-29
Cathedral City Grated Mature Lighter Cheese,£2.36,(£13.11/kg),fresh_food,cheese,2025-05-29
President Emmental Grated 200g,£2.80,(£14.00/kg),fresh_food,cheese,2025-05-29
Eatlean Grated Cheese,£2.22,(£12.33/kg),fresh_food,cheese,2025-05-29
ASDA Summer Scotch Bonnet Chilli & Extra Mature Cheddar Burger Melts 100g,£2.00,(£20.00/kg),fresh_food,cheese,2025-05-29
ASDA Free From Sliced Mature Cheddar Alternative,£2.35,(£13.06/kg),fresh_food,cheese,2025-05-29
Grana Padano Grated Grana Padano Cheese 100g,£2.16,(£21.60/kg),fresh_food,cheese,2025-05-29
Le Rustique Raclette Slices 140g,£2.83,(£20.21/kg),fresh_food,cheese,2025-05-29
ASDA Summer Caramelised Onion & Mature Cheddar Burger Melts 100g,£2.00,(£20.00/kg),fresh_food,cheese,2025-05-29
Cathedral City Cathedral City Our Plant Based Dairy Free Grated Cheese Alternative 150g,£2.32,(£15.47/kg),fresh_food,cheese,2025-05-29
Applewood Vegan Slices,£2.80,(£14.00/kg),fresh_food,cheese,2025-05-29
Sheese Red Leicester Style Slices,£2.50,(£13.89/kg),fresh_food,cheese,2025-05-29
Arla Lactofree Mature Cheddar Grated Cheese 200g,£2.50,(£12.50/kg),fresh_food,cheese,2025-05-29
Leerdammer Light 8 Slices,£2.27,(£14.19/kg),fresh_food,cheese,2025-05-29
ASDA Free From Grated Mozzarella Alternative 200g,£2.46,(£12.30/kg),fresh_food,cheese,2025-05-29
Violife 10 Original Slices 175g,£2.24,(£12.80/kg),fresh_food,cheese,2025-05-29
Violife Original Grated 175g,£2.24,(£12.80/kg),fresh_food,cheese,2025-05-29
Mlekovita Ementaler Cheese Slices,£4.00,(£8.00/kg),fresh_food,cheese,2025-05-29
Cathedral City Grated Extra Mature Cheddar,£2.36,(£13.11/kg),fresh_food,cheese,2025-05-29
ASDA Summer Chorizo Flavour & Hot Honey Red Leicester Burger Melts 100g,£2.00,(£20.00/kg),fresh_food,cheese,2025-05-29
Dewlay Garstang Cheesy Toaster,£1.40,(£1.12/100g),fresh_food,cheese,2025-05-29
Leerdammer Original Grated 160g,£2.27,(£14.19/kg),fresh_food,cheese,2025-05-29
ASDA Free From Grated Cheddar Alternative,£2.20,(£11.00/kg),fresh_food,cheese,2025-05-29
,,,fresh_food,cheese,2025-05-29
,,,fresh_food,cheese,2025-05-29
,,,fresh_food,cheese,2025-05-29
,,,fresh_food,cheese,2025-05-29
,,,fresh_food,cheese,2025-05-29
,,,fresh_food,cheese,2025-05-29
Port Salut French Creamy Cheese Slices 6 x 20g,£2.32,(£19.33/kg),fresh_food,cheese,2025-05-29
Cathedral City 6 Slices Mature Lighter Cheese,£2.36,(£15.73/kg),fresh_food,cheese,2025-05-29
ASDA Free From Grated Cheddar Alternative,£2.20,(£11.00/kg),fresh_food,cheese,2025-05-29
ASDA Summer Chorizo Flavour & Hot Honey Red Leicester Burger Melts 100g,£2.00,(£20.00/kg),fresh_food,cheese,2025-05-29
Monterey Jack Cheese Slices 300g,£3.12,(£10.40/kg),fresh_food,cheese,2025-05-29
ASDA Grated Continental Cheese Mix 250g,£2.54,(£10.16/kg),fresh_food,cheese,2025-05-29
,,,fresh_food,cheese,2025-05-29
,,,fresh_food,cheese,2025-05-29
,,,fresh_food,cheese,2025-05-29
,,,fresh_food,cheese,2025-05-29
,,,fresh_food,cheese,2025-05-29
,,,fresh_food,cheese,2025-05-29
Boursin Garlic & Herbs Soft French Cream Cheese 150g,£2.47,(£16.47/kg),fresh_food,cheese,2025-05-29
The Laughing Cow Light Cheese Spread 16 Triangles,£2.62,(£9.81/kg),fresh_food,cheese,2025-05-29
The Laughing Cow Lightest Cheese Spread 8 Triangles,£1.90,(£14.29/kg),fresh_food,cheese,2025-05-29
ASDA Creamy Original Soft Cheese 200g,£1.48,(£7.40/kg),fresh_food,cheese,2025-05-29
Philadelphia Original 280g,£1.86,(£6.64/kg),fresh_food,cheese,2025-05-29
Philadelphia Garlic & Herbs Family Pack 280g,£1.86,(£6.64/kg),fresh_food,cheese,2025-05-29
The Laughing Cow Original Cheese Spread 16 Triangles,£2.62,(£9.81/kg),fresh_food,cheese,2025-05-29
Philadelphia Original 165g,£2.08,(£12.61/kg),fresh_food,cheese,2025-05-29
Philadelphia Light 280g,£1.86,(£6.64/kg),fresh_food,cheese,2025-05-29
Dairylea Cheese Triangles x16,£2.28,(£9.12/kg),fresh_food,cheese,2025-05-29
Dairylea Cheese Spread,£2.28,(£8.44/kg),fresh_food,cheese,2025-05-29
Primula Cheese 'n' Ham,£1.34,(£9.57/kg),fresh_food,cheese,2025-05-29
Primula Original Cheese,£1.34,(£9.57/kg),fresh_food,cheese,2025-05-29
Primula Cheese 'n' Chives,£1.34,(£9.57/kg),fresh_food,cheese,2025-05-29
Primula Light Cheese,£1.34,(£9.57/kg),fresh_food,cheese,2025-05-29
Dairylea Cheese Spread 145g,£1.42,(£9.79/kg),fresh_food,cheese,2025-05-29
ASDA Light Garlic & Herb Soft Cheese 200g,£1.48,(£7.40/kg),fresh_food,cheese,2025-05-29
Philadelphia Lightest 165g,£2.08,(£12.61/kg),fresh_food,cheese,2025-05-29
Philadelphia Garlic & Herbs 165g,£2.08,(£12.61/kg),fresh_food,cheese,2025-05-29
Philadelphia Sweet Chilli Soft Cheese 165g,£2.08,(£12.61/kg),fresh_food,cheese,2025-05-29
Philadelphia Light Portions 4 x 35g (140g),£1.42,(£10.14/kg),fresh_food,cheese,2025-05-29
Philadelphia Lightest Herbs 165g,£2.08,(£12.61/kg),fresh_food,cheese,2025-05-29
Primula Signature Blend Mature Cheese 140g,£1.34,(£9.57/kg),fresh_food,cheese,2025-05-29
Philadelphia Chives 165g,£2.08,(£12.61/kg),fresh_food,cheese,2025-05-29
Seriously Original Spreadable 250g,£2.34,(93.6p/100g),fresh_food,cheese,2025-05-29
Philadelphia Light 165g,£2.08,(£12.61/kg),fresh_food,cheese,2025-05-29
Castello Taste of Hawaii Pineapple & Almond Cream Cheese Ring,£1.78,(£14.24/kg),fresh_food,cheese,2025-05-29
Philadelphia Milka 150g,£2.08,(£13.87/kg),fresh_food,cheese,2025-05-29
ASDA Garlic & Herb Roulé 125g,£2.04,(£16.32/kg),fresh_food,cheese,2025-05-29
JUST ESSENTIALS by ASDA Cottage Cheese,£0.89,(£2.97/kg),fresh_food,cheese,2025-05-29
Philadelphia Intense Garlic & Herbs 140g,£1.88,(£13.43/kg),fresh_food,cheese,2025-05-29
ASDA Light Original Soft Cheese 200g,£1.54,(£7.70/kg),fresh_food,cheese,2025-05-29
Philadelphia Lactose Free Soft Cheese,£2.75,(£18.33/kg),fresh_food,cheese,2025-05-29
ASDA Fat Free Cottage Cheese 300g,£1.58,(52.7p/100g),fresh_food,cheese,2025-05-29
The Laughing Cow Original Cheese Spread 8 Triangles,£1.90,(£14.29/kg),fresh_food,cheese,2025-05-29
ASDA Fat Free Cottage Cheese With Onion & Chive 300g,£1.58,(52.7p/100g),fresh_food,cheese,2025-05-29
Exceptional by ASDA Langres AOP 180g,£3.14,(£17.44/kg),fresh_food,cheese,2025-05-29
Cheese Selection Box,£4.04,(£16.16/kg),fresh_food,cheese,2025-05-29
Piatnica Cottage Cheese 200g,£1.10,(£5.50/kg),fresh_food,cheese,2025-05-29
Violife Creamy Original Soft Cheese Alternative,£2.34,(£11.70/kg),fresh_food,cheese,2025-05-29
ASDA Extra Special Whipped Soft Cream Cheese 150g,£1.48,(£9.87/kg),fresh_food,cheese,2025-05-29
ASDA Free From Soft Cheese Alternative,£2.25,(£13.24/kg),fresh_food,cheese,2025-05-29
Longley Farm Cottage Cheese With Chives,£1.77,(70.8p/100g),fresh_food,cheese,2025-05-29
Longley Farm Cottage Cheese with Pineapple,£1.77,(70.8p/100g),fresh_food,cheese,2025-05-29
Port Salut Mild Soft French Cheese 185g,£2.51,(£13.57/kg),fresh_food,cheese,2025-05-29
Puck Spread 240g,£1.95,(£8.12/kg),fresh_food,cheese,2025-05-29
,,,fresh_food,cheese,2025-05-29
,,,fresh_food,cheese,2025-05-29
,,,fresh_food,cheese,2025-05-29
,,,fresh_food,cheese,2025-05-29
,,,fresh_food,cheese,2025-05-29
,,,fresh_food,cheese,2025-05-29
,,,fresh_food,cheese,2025-05-29
Boursin Garlic & Herbs Soft French Cream Cheese 150g,£2.47,(£16.47/kg),fresh_food,cheese,2025-05-29
The Laughing Cow Light Cheese Spread 16 Triangles,£2.62,(£9.81/kg),fresh_food,cheese,2025-05-29
The Laughing Cow Lightest Cheese Spread 8 Triangles,£1.90,(£14.29/kg),fresh_food,cheese,2025-05-29
Violife Creamy Original Soft Cheese Alternative,£2.34,(£11.70/kg),fresh_food,cheese,2025-05-29
ASDA Extra Special Whipped Soft Cream Cheese 150g,£1.48,(£9.87/kg),fresh_food,cheese,2025-05-29
Longley Farm Cottage Cheese with Pineapple,£1.77,(70.8p/100g),fresh_food,cheese,2025-05-29
ASDA Goats' Cheese 125g,£2.57,(£20.56/kg),fresh_food,cheese,2025-05-29
ASDA Free From Garlic & Herb Soft Cheese Alternative,£2.25,(£13.24/kg),fresh_food,cheese,2025-05-29
Puck Spread 240g,£1.95,(£8.12/kg),fresh_food,cheese,2025-05-29
ASDA Fat Free Quark,£1.23,(£4.92/kg),fresh_food,cheese,2025-05-29
Port Salut Mild Soft French Cheese 185g,£2.51,(£13.57/kg),fresh_food,cheese,2025-05-29
The Laughing Cow Light Blue Cheese Spread Triangles x8,£1.90,(£14.84/kg),fresh_food,cheese,2025-05-29
ASDA Fat Free Cottage Cheese with Pineapple 300g,£1.58,(52.7p/100g),fresh_food,cheese,2025-05-29
Arla LactoFREE Soft Cheese,£1.75,(£8.75/kg),fresh_food,cheese,2025-05-29
Longley Farm Natural Cottage Cheese,£1.77,(70.8p/100g),fresh_food,cheese,2025-05-29
Seriously Spreadable Original Cheese Spread,£1.38,(£11.04/kg),fresh_food,cheese,2025-05-29
Seriously Spreadable Light Cheese Spread,£1.38,(£11.04/kg),fresh_food,cheese,2025-05-29
Seriously Spreadable Vintage Cheese Spread,£1.38,(£11.04/kg),fresh_food,cheese,2025-05-29
,,,fresh_food,cheese,2025-05-29
,,,fresh_food,cheese,2025-05-29
,,,fresh_food,cheese,2025-05-29
,,,fresh_food,cheese,2025-05-29
,,,fresh_food,cheese,2025-05-29
,,,fresh_food,cheese,2025-05-29
,,,fresh_food,cheese,2025-05-29
"Activia Mango, Strawberry, Kiwi & Apricot Multipack Yoghurt",£3.08,(33.5p/100g),fresh_food,yogurts,2025-05-29
"Activia Strawberry, Raspberry, Cherry & Blueberry No Added Sugar Fat Free Multipack yoghurt",£3.08,(33.5p/100g),fresh_food,yogurts,2025-05-29
Muller Corner Originals Mississippi Mud Pie Inspired 4 x 124g (496g),£1.88,(37.9p/100g),fresh_food,yogurts,2025-05-29
Muller Corner Originals Cherry Bakewell Inspired Deliciously Creamy Yogurt 4 x 124g (496g),£1.88,(37.9p/100g),fresh_food,yogurts,2025-05-29
Arla Skyr Whipped Strawberries & Cream 128g,£1.24,(96.9p/100g),fresh_food,yogurts,2025-05-29
Arla Skyr Whipped Caramelised Orange 128g,£1.24,(96.9p/100g),fresh_food,yogurts,2025-05-29
Lindahls Caffè Latte Kvarg 150g,£1.07,(71.3p/100g),fresh_food,yogurts,2025-05-29
GetPro Strawberry Flavour Yoghurt 160g,£1.22,(67.8p/100g),fresh_food,yogurts,2025-05-29
Muller Corner Mixed Red Fruits Yogurts,£3.78,(46.3p/100g),fresh_food,yogurts,2025-05-29
Muller Corner Strawberry and Peach & Apricot Yogurts,£3.78,(46.3p/100g),fresh_food,yogurts,2025-05-29
Muller Corner Chocolate Digestive and Strawberry Shortcake Yogurts,£3.78,(50.8p/100g),fresh_food,yogurts,2025-05-29
Muller Corner Vanilla Chocolate Balls and Banana Chocolate Flakes Yogurts,£3.78,(50.8p/100g),fresh_food,yogurts,2025-05-29
Activia Strawberry Yoghurt,£2.47,(53.7p/100g),fresh_food,yogurts,2025-05-29
Activia Peach No Added Sugar Fat Free Yoghurt,£2.47,(53.7p/100g),fresh_food,yogurts,2025-05-29
Activia Rhubarb Yoghurt,£2.47,(53.7p/100g),fresh_food,yogurts,2025-05-29
Activia Strawberry No Added Sugar Fat Free Yoghurt,£2.47,(53.7p/100g),fresh_food,yogurts,2025-05-29
"Frubes Strawberry, Red Berry and Peach Flavour Yogurt Tubes 9 x 37g (333g)",£1.43,(42.9p/100g),fresh_food,yogurts,2025-05-29
Munch Bunch Double Up Strawberry & Vanilla Yogurts,£1.18,(34.7p/100g),fresh_food,yogurts,2025-05-29
Munch Bunch Double Up Strawberry & Raspberry Yogurts,£1.78,(52.3p/100g),fresh_food,yogurts,2025-05-29
Munch Bunch Double Up Strawberry & Banana Yogurts,£1.18,(34.7p/100g),fresh_food,yogurts,2025-05-29
Frubes Strawberry Flavour Yogurt Tubes 9 x 37g (333g),£1.43,(42.9p/100g),fresh_food,yogurts,2025-05-29
Fage Total 0% Fat Greek Recipe Strained Yogurt,£2.63,(58.4p/100g),fresh_food,yogurts,2025-05-29
Fage Total 5% Fat Natural Greek Recipe Strained Yogurt,£2.63,(58.4p/100g),fresh_food,yogurts,2025-05-29
Frubes Banana and Strawberry Flavour Yogurt Tubes 9 x 37g (333g),£1.43,(42.9p/100g),fresh_food,yogurts,2025-05-29
Muller Rice Strawberry & Original Low Fat Pudding,£2.88,(28.2p/100g),fresh_food,yogurts,2025-05-29
Muller Rice Apple & Raspberry Low Fat Pudding,£2.88,(28.2p/100g),fresh_food,yogurts,2025-05-29
Exceptional by ASDA Authentic Greek Yogurt 500g,£2.25,(45.0p/100g),fresh_food,yogurts,2025-05-29
Exceptional by ASDA Authentic Fat Free Greek Yogurt 500g,£2.25,(45.0p/100g),fresh_food,yogurts,2025-05-29
Munch Bunch Squashums Yogurt Strawberry 5 x 60g (300g),£1.66,(55.3p/100g),fresh_food,yogurts,2025-05-29
Yop Strawberry Yoghurt Drink 4 x 180g,£2.28,(31.7p/100g),fresh_food,yogurts,2025-05-29
Petits Filous Strawberry Flavour 4 x 100g (400g),£1.43,(35.8p/100g),fresh_food,yogurts,2025-05-29
Muller Light Fat Free Yogurts with Chocolate Sprinkles,£2.88,(34.3p/100g),fresh_food,yogurts,2025-05-29
Muller Fat Free Light Red Fruits Yogurts,£2.88,(34.3p/100g),fresh_food,yogurts,2025-05-29
"Muller Rice Chocolate, Hazelnut and Caramel Low Fat Pudding",£2.88,(28.2p/100g),fresh_food,yogurts,2025-05-29
Muller Bliss Creamy Mascarpone Cherry Yogurt,£1.84,(41.8p/100g),fresh_food,yogurts,2025-05-29
Muller Bliss Creamy Mascarpone Peach & Apricot Yogurt,£1.84,(41.8p/100g),fresh_food,yogurts,2025-05-29
Fage Total 0% Fat Greek Recipe Strained Yogurt,£1.10,(73.3p/100g),fresh_food,yogurts,2025-05-29
Exceptional by ASDA Sicilian Lemon Yogurt 450g,£1.98,(44.0p/100g),fresh_food,yogurts,2025-05-29
,,,fresh_food,yogurts,2025-05-29
,,,fresh_food,yogurts,2025-05-29
,,,fresh_food,yogurts,2025-05-29
,,,fresh_food,yogurts,2025-05-29
,,,fresh_food,yogurts,2025-05-29
,,,fresh_food,yogurts,2025-05-29
,,,fresh_food,yogurts,2025-05-29
,,,fresh_food,yogurts,2025-05-29
,,,fresh_food,yogurts,2025-05-29
,,,fresh_food,yogurts,2025-05-29
,,,fresh_food,yogurts,2025-05-29
,,,fresh_food,yogurts,2025-05-29
,,,fresh_food,yogurts,2025-05-29
,,,fresh_food,yogurts,2025-05-29
,,,fresh_food,yogurts,2025-05-29
,,,fresh_food,yogurts,2025-05-29
,,,fresh_food,yogurts,2025-05-29
"Activia Mango, Strawberry, Kiwi & Apricot Multipack Yoghurt",£3.08,(33.5p/100g),fresh_food,yogurts,2025-05-29
"Activia Strawberry, Raspberry, Cherry & Blueberry No Added Sugar Fat Free Multipack yoghurt",£3.08,(33.5p/100g),fresh_food,yogurts,2025-05-29
"Activia Rhubarb, Prune, Fig, Blackberry & Strawberry Multipack Yoghurt",£3.08,(33.5p/100g),fresh_food,yogurts,2025-05-29
Wildlife Choobs Strawberry Flavour Yogurt Tubes 6x37g,£1.08,(48.6p/100g),fresh_food,yogurts,2025-05-29
"Wildlife Choobs Strawberry, Raspberry and Apricot Flavour Yogurt Tubes 6x37g",£1.08,(48.6p/100g),fresh_food,yogurts,2025-05-29
Exceptional by ASDA Strawberries & Cream Yogurt 450g,£1.98,(44.0p/100g),fresh_food,yogurts,2025-05-29
Exceptional by ASDA Clotted Cream Fudge Yogurt 450g,£1.98,(44.0p/100g),fresh_food,yogurts,2025-05-29
Exceptional by ASDA Lemon Curd Yogurt 150g,£0.68,(45.3p/100g),fresh_food,yogurts,2025-05-29
Exceptional by ASDA Black Cherry Yogurt 150g,£0.68,(45.3p/100g),fresh_food,yogurts,2025-05-29
Exceptional by ASDA Strawberry Yogurt 150g,£0.82,(54.7p/100g),fresh_food,yogurts,2025-05-29
Exceptional by ASDA Fudge Yogurt 150g,£0.82,(54.7p/100g),fresh_food,yogurts,2025-05-29
Munch Bunch Yogurt Strawberry & Banana 4 x 100g (400g),£1.68,(42.0p/100g),fresh_food,yogurts,2025-05-29
Nestle Smarties Vanilla Flavour Yogurt 6x107g,£2.98,(46.4p/100g),fresh_food,yogurts,2025-05-29
Fage Strawberry Thick & Smooth Strained Yoghurt,£2.37,(62.4p/100g),fresh_food,yogurts,2025-05-29
Fage Coconut Thick & Smooth Strained Yoghurt,£2.37,(62.4p/100g),fresh_food,yogurts,2025-05-29
ASDA Creamy Greek Style Yogurts 4x100g,£1.14,(28.5p/100g),fresh_food,yogurts,2025-05-29
ASDA Fat Free Greek Style Yogurt 500g,£1.08,(21.6p/100g),fresh_food,yogurts,2025-05-29
ASDA Creamy Honey Greek Style Yogurt 450g,£1.45,(32.2p/100g),fresh_food,yogurts,2025-05-29
Muller Corner Vanilla Yogurt with Chocolate Balls,£0.62,(50.0p/100g),fresh_food,yogurts,2025-05-29
Muller Corner Toffee Yogurt with Chocolate Hoops,£0.62,(50.0p/100g),fresh_food,yogurts,2025-05-29
Muller Corner Strawberry Yogurt,£0.62,(50.0p/100g),fresh_food,yogurts,2025-05-29
Muller Corner Strawberry Yogurt with White Chocolate Shortcake Balls,£0.62,(50.0p/100g),fresh_food,yogurts,2025-05-29
Muller Corner Banana Yogurt with Chocolate Flakes,£0.62,(50.0p/100g),fresh_food,yogurts,2025-05-29
Muller Corner Red Cherry 136g,£0.62,(45.6p/100g),fresh_food,yogurts,2025-05-29
Muller Corner Peach & Apricot Yogurt,£0.62,(45.6p/100g),fresh_food,yogurts,2025-05-29
Munch Bunch Squashums Yogurt Blackcurrant 5 x 60g (300g),£1.66,(55.3p/100g),fresh_food,yogurts,2025-05-29
Arla Protein Strawberry Yogurt,£1.07,(53.5p/100g),fresh_food,yogurts,2025-05-29
Munch Bunch Squashums Strawberry Yogurt Drinks,£1.77,(32.8p/100g),fresh_food,yogurts,2025-05-29
"ASDA Apricot, Raspberry & Strawberry Fromage Frais12m+",£0.88,(29.3p/100g),fresh_food,yogurts,2025-05-29
ASDA Strawberry Fromage Frais Yogurt Pouches,£1.40,(43.8p/100g),fresh_food,yogurts,2025-05-29
Lindahls Kvarg White Chocolate,£1.07,(71.3p/100g),fresh_food,yogurts,2025-05-29
Lindahls Kvarg Raspberry,£1.07,(71.3p/100g),fresh_food,yogurts,2025-05-29
Muller Light Citrus Fat Free Yogurts,£2.88,(34.3p/100g),fresh_food,yogurts,2025-05-29
Light & Free Peach Passion Fruit 0% Added Sugar Fat Free Yoghurt,£2.38,(51.7p/100g),fresh_food,yogurts,2025-05-29
ASDA Low Fat Smooth Fruity & Sweet Vanilla Toffee & Banana Yogurts 6x125g,£0.98,(13.1p/100g),fresh_food,yogurts,2025-05-29
ASDA 6x125g Low Fat Smooth Red Fruit Yogurts,£0.98,(13.1p/100g),fresh_food,yogurts,2025-05-29
JUST ESSENTIALS by ASDA 6 Low Fat Fruit Yogurts Strawberry & Peach,£0.85,(11.3p/100g),fresh_food,yogurts,2025-05-29
,,,fresh_food,yogurts,2025-05-29
,,,fresh_food,yogurts,2025-05-29
,,,fresh_food,yogurts,2025-05-29
,,,fresh_food,yogurts,2025-05-29
,,,fresh_food,yogurts,2025-05-29
,,,fresh_food,yogurts,2025-05-29
,,,fresh_food,yogurts,2025-05-29
,,,fresh_food,yogurts,2025-05-29
,,,fresh_food,yogurts,2025-05-29
,,,fresh_food,yogurts,2025-05-29
,,,fresh_food,yogurts,2025-05-29
,,,fresh_food,yogurts,2025-05-29
,,,fresh_food,yogurts,2025-05-29
,,,fresh_food,yogurts,2025-05-29
,,,fresh_food,yogurts,2025-05-29
,,,fresh_food,yogurts,2025-05-29
,,,fresh_food,yogurts,2025-05-29
"Activia Mango, Strawberry, Kiwi & Apricot Multipack Yoghurt",£3.08,(33.5p/100g),fresh_food,yogurts,2025-05-29
"Activia Strawberry, Raspberry, Cherry & Blueberry No Added Sugar Fat Free Multipack yoghurt",£3.08,(33.5p/100g),fresh_food,yogurts,2025-05-29
"Activia Rhubarb, Prune, Fig, Blackberry & Strawberry Multipack Yoghurt",£3.08,(33.5p/100g),fresh_food,yogurts,2025-05-29
Wildlife Strawberry & Peach Fromage Frais 18 x 45g,£2.00,(24.7p/100g),fresh_food,yogurts,2025-05-29
ASDA Fat Free Greek Style Toffee Yogurts 4x125g,£1.08,(21.6p/100g),fresh_food,yogurts,2025-05-29
Milkybar Desserts,£1.33,(40.3p/100g),fresh_food,yogurts,2025-05-29
Milkybar Milk Slice,£1.33,(£1.28/100g),fresh_food,yogurts,2025-05-29
Nesquik Chocolate Milk Slices,£1.33,(£1.28/100g),fresh_food,yogurts,2025-05-29
ASDA Creamy Peach Greek Style Yogurt 450g,£1.44,(32.0p/100g),fresh_food,yogurts,2025-05-29
Muller Bliss Mascarpone Style Yogurt White Chocolate with Raspberry & Amaretto 4 x 110g (440g),£1.84,(41.8p/100g),fresh_food,yogurts,2025-05-29
ASDA Fat Free Greek Style Strawberry Yogurts 4x125g,£1.08,(21.6p/100g),fresh_food,yogurts,2025-05-29
Muller Light Greek Style Smooth Coconut & Vanilla 4x115g (460g),£1.57,(34.1p/100g),fresh_food,yogurts,2025-05-29
Muller Light Limited Edition Light Cookie Dough Flavour Yogurt 160g,£0.62,(38.8p/100g),fresh_food,yogurts,2025-05-29
Ski Smooth Strawberry & Raspberry Yogurts,£1.42,(29.6p/100g),fresh_food,yogurts,2025-05-29
Strings & Things Yollies Yogurt Lollies Strawberry Flavour 4 x 25g (100g),£1.75,(£1.75/100g),fresh_food,yogurts,2025-05-29
Muller Bliss Mascarpone Style Yogurt Sicilian Lemon 4 x 110g (440g),£1.84,(41.8p/100g),fresh_food,yogurts,2025-05-29
JUST ESSENTIALS by ASDA Fat Free Greek Style Yogurt 500g,£0.85,(17.0p/100g),fresh_food,yogurts,2025-05-29
Muller Light Greek Style Lemon Yogurt,£1.57,(34.1p/100g),fresh_food,yogurts,2025-05-29
Oykos Peach Luxury Greek Style Yoghurt,£2.13,(48.4p/100g),fresh_food,yogurts,2025-05-29
Oykos Salted Caramel Luxury Greek Style Yoghurt,£2.13,(48.4p/100g),fresh_food,yogurts,2025-05-29
Nesquik Chocolate Desserts,£1.33,(40.3p/100g),fresh_food,yogurts,2025-05-29
"Onken Mango, Papaya & Passion Fruit Yogurt",£1.95,(43.3p/100g),fresh_food,yogurts,2025-05-29
Muller Light Banana & Custard Flavour Yogurt 160g,£0.62,(38.8p/100g),fresh_food,yogurts,2025-05-29
Muller Light Vanilla with Dark Chocolate Sprinkles Yogurt 160g,£0.62,(38.8p/100g),fresh_food,yogurts,2025-05-29
ASDA Creamy Greek Style Yogurt 500g,£1.08,(21.6p/100g),fresh_food,yogurts,2025-05-29
ASDA Creamy Coconut Greek Style Yogurt 450g,£1.44,(32.0p/100g),fresh_food,yogurts,2025-05-29
Muller Corner Bliss Cheesecake Inspired Whipped Greek Style Salted Caramel Yogurt,£2.38,(59.5p/100g),fresh_food,yogurts,2025-05-29
Muller Light Smooth Toffee Yogurt 160g,£0.62,(38.8p/100g),fresh_food,yogurts,2025-05-29
Müller Bliss Strawberry Greek Style Whipped Yogurt,£2.38,(56.7p/100g),fresh_food,yogurts,2025-05-29
Muller Light Greek Style Strawberry Yogurt,£1.57,(34.1p/100g),fresh_food,yogurts,2025-05-29
Exceptional by ASDA Madagascan Vanilla Yogurt 150g,£0.93,(62.0p/100g),fresh_food,yogurts,2025-05-29
Light & Free Strawberry Greek Style 0% Added Sugar Fat Free Yoghurt,£2.38,(51.7p/100g),fresh_food,yogurts,2025-05-29
Müller Bliss Lemon Greek Style Whipped Yogurt,£2.38,(56.7p/100g),fresh_food,yogurts,2025-05-29
Onken 0% Fat Vanilla,£1.95,(43.3p/100g),fresh_food,yogurts,2025-05-29
ASDA Gooseberry Fool 114g,£0.93,(81.6p/100g),fresh_food,yogurts,2025-05-29
Oykos Strawberry Luxury Greek Style Yoghurt,£2.13,(48.4p/100g),fresh_food,yogurts,2025-05-29
Muller Light Milk Chocolate & Caramel Flavour Layers Choc Pot 4 x 80g (320g),£1.43,(59.6p/100g),fresh_food,yogurts,2025-05-29
JUST ESSENTIALS by ASDA Low Fat Strawberry Yogurt 450g,£0.95,(21.1p/100g),fresh_food,yogurts,2025-05-29
ASDA Fat Free Greek Style Yogurt 1kg,£1.92,(19.2p/100g),fresh_food,yogurts,2025-05-29
Light & Free Cherry Greek Style 0% Added Sugar Fat Free Yoghurt,£2.38,(51.7p/100g),fresh_food,yogurts,2025-05-29
,,,fresh_food,yogurts,2025-05-29
,,,fresh_food,yogurts,2025-05-29
,,,fresh_food,yogurts,2025-05-29
,,,fresh_food,yogurts,2025-05-29
,,,fresh_food,yogurts,2025-05-29
,,,fresh_food,yogurts,2025-05-29
,,,fresh_food,yogurts,2025-05-29
,,,fresh_food,yogurts,2025-05-29
,,,fresh_food,yogurts,2025-05-29
,,,fresh_food,yogurts,2025-05-29
,,,fresh_food,yogurts,2025-05-29
,,,fresh_food,yogurts,2025-05-29
,,,fresh_food,yogurts,2025-05-29
,,,fresh_food,yogurts,2025-05-29
,,,fresh_food,yogurts,2025-05-29
,,,fresh_food,yogurts,2025-05-29
,,,fresh_food,yogurts,2025-05-29
"Activia Mango, Strawberry, Kiwi & Apricot Multipack Yoghurt",£3.08,(33.5p/100g),fresh_food,yogurts,2025-05-29
"Activia Strawberry, Raspberry, Cherry & Blueberry No Added Sugar Fat Free Multipack yoghurt",£3.08,(33.5p/100g),fresh_food,yogurts,2025-05-29
"Activia Rhubarb, Prune, Fig, Blackberry & Strawberry Multipack Yoghurt",£3.08,(33.5p/100g),fresh_food,yogurts,2025-05-29
ASDA Gooseberry Fool 114g,£0.93,(81.6p/100g),fresh_food,yogurts,2025-05-29
Light & Free Strawberry Greek Style 0% Added Sugar Fat Free Yoghurt,£2.38,(51.7p/100g),fresh_food,yogurts,2025-05-29
Peppa Pig Strawberry Jelly,£0.80,(£1.07/100g),fresh_food,yogurts,2025-05-29
Alpro Greek Style Plain Yoghurt Alternative,£1.88,(47.0p/100g),fresh_food,yogurts,2025-05-29
Alpro Plant Protein 200g,£1.31,(65.5p/100g),fresh_food,yogurts,2025-05-29
Biotiful Gut Health Kefir Yogurt Original,£1.72,(49.1p/100g),fresh_food,yogurts,2025-05-29
The Collective Great Dairy Suckies Mango & Peach,£0.86,(95.6p/100g),fresh_food,yogurts,2025-05-29
Onken Raspberry Yogurt,£1.95,(43.3p/100g),fresh_food,yogurts,2025-05-29
Ann Forshaw's Strawberry & Rhubarb Luxury Yogurt 140g,£1.00,(71.4p/100g),fresh_food,yogurts,2025-05-29
Desi Wholemilk Natural Yogurt,£0.90,(21.2p/100g),fresh_food,yogurts,2025-05-29
Yeo Valley Little Yeos Organic Strawberry & Raspberry Yogurt,£1.67,(61.9p/100g),fresh_food,yogurts,2025-05-29
Petits Filous Big Puds Magic Squares Strawberry and Vanilla Flavour Dairy Dessert 4 x 80g (320g),£1.43,(44.7p/100g),fresh_food,yogurts,2025-05-29
Yeo Valley Organic Greek Style Natural 4 x 110g,£2.37,(53.9p/100g),fresh_food,yogurts,2025-05-29
Oatly Strawberry Oatgurt,£2.40,(60.0p/100ml),fresh_food,yogurts,2025-05-29
Lancashire Farm Greek Style Yogurt Vanilla 125g,£0.89,(71.2p/100g),fresh_food,yogurts,2025-05-29
ASDA Extra Special Hazelnut Yogurt,£0.68,(45.3p/100g),fresh_food,yogurts,2025-05-29
Lancashire Farm Greek Style Natural Yogurt,£1.85,(41.1p/100g),fresh_food,yogurts,2025-05-29
Plant Based by ASDA Strawberry Soya Yogurt 4 x 100g (400g),£1.34,(33.5p/100g),fresh_food,yogurts,2025-05-29
Alpro Strawberry Plant Based Gut Health 4x125g,£2.50,(50.0p/100g),fresh_food,yogurts,2025-05-29
Lancashire Farm Greek Style Fat Free Yogurt,£2.48,(24.8p/100g),fresh_food,yogurts,2025-05-29
Yeo Valley Organic Natural Creamy Bio Live Yogurt 150g,£0.82,(54.7p/100g),fresh_food,yogurts,2025-05-29
Lindahls Protein Chocolate Pudding,£0.98,(70.0p/100g),fresh_food,yogurts,2025-05-29
Muller Light Choc Pot Milk Chocolate 4 x 80g (320g),£1.43,(51.1p/100g),fresh_food,yogurts,2025-05-29
Arla Skyr Natural Icelandic Style Yogurt,£1.66,(36.9p/100g),fresh_food,yogurts,2025-05-29
Longley Farm Raspberry Yogurt,£0.64,(42.7p/100g),fresh_food,yogurts,2025-05-29
Arla Protein Salted Caramel Yogurt,£1.07,(53.5p/100g),fresh_food,yogurts,2025-05-29
Yeo Valley Organic Natural Creamy Bio Live Yogurt,£3.60,(37.9p/100g),fresh_food,yogurts,2025-05-29
Muller Light Rhubarb,£0.62,(38.8p/100g),fresh_food,yogurts,2025-05-29
Alpro Plain Soya Yoghurt Alternative,£1.88,(37.6p/100g),fresh_food,yogurts,2025-05-29
ASDA Fat Free Honey Greek Style Yogurt 450g,£1.45,(32.2p/100g),fresh_food,yogurts,2025-05-29
Petits Filous Strawberry and Raspberry Fromage Frais 6 x 47g,£1.62,(57.5p/100g),fresh_food,yogurts,2025-05-29
Arla Skyr Natural Icelandic Style Yogurt,£3.20,(32.0p/100g),fresh_food,yogurts,2025-05-29
Peppa Pig Strawberry Fromage Frais 6 x 45g (270g),£1.14,(42.2p/100g),fresh_food,yogurts,2025-05-29
Alpro Greek Style Strawberry Raspberry Yoghurt Alternative,£1.09,(72.7p/100g),fresh_food,yogurts,2025-05-29
Arla Protein Raspberry Yogurt,£1.07,(53.5p/100g),fresh_food,yogurts,2025-05-29
I Can't Believe It's Not Butter! Original 1kg,£2.25,(£2.25/kg),fresh_food,yogurts,2025-05-29
Arla Protein Pudding a Day Bundle,£8.75,null,fresh_food,yogurts,2025-05-29
Biotiful Gut Health Kefir Protein Vanilla,£1.75,(70.0p/100g),fresh_food,yogurts,2025-05-29
,,,fresh_food,yogurts,2025-05-29
,,,fresh_food,yogurts,2025-05-29
,,,fresh_food,yogurts,2025-05-29
,,,fresh_food,yogurts,2025-05-29
,,,fresh_food,yogurts,2025-05-29
,,,fresh_food,yogurts,2025-05-29
,,,fresh_food,yogurts,2025-05-29
,,,fresh_food,yogurts,2025-05-29
,,,fresh_food,yogurts,2025-05-29
,,,fresh_food,yogurts,2025-05-29
,,,fresh_food,yogurts,2025-05-29
,,,fresh_food,yogurts,2025-05-29
,,,fresh_food,yogurts,2025-05-29
,,,fresh_food,yogurts,2025-05-29
,,,fresh_food,yogurts,2025-05-29
,,,fresh_food,yogurts,2025-05-29
,,,fresh_food,yogurts,2025-05-29
"Activia Mango, Strawberry, Kiwi & Apricot Multipack Yoghurt",£3.08,(33.5p/100g),fresh_food,yogurts,2025-05-29
"Activia Strawberry, Raspberry, Cherry & Blueberry No Added Sugar Fat Free Multipack yoghurt",£3.08,(33.5p/100g),fresh_food,yogurts,2025-05-29
"Activia Rhubarb, Prune, Fig, Blackberry & Strawberry Multipack Yoghurt",£3.08,(33.5p/100g),fresh_food,yogurts,2025-05-29
GetPro 15g Protein Yoghurt Blueberry Flavour 160g,£1.22,(76.2p/100g),fresh_food,yogurts,2025-05-29
Arla Skyr Sour Cherry Icelandic Style Yogurt,£1.85,(41.1p/100g),fresh_food,yogurts,2025-05-29
The Collective Great Dairy Suckies Strawberry & Banana Live Yoghurt 90g,£0.86,(86.0p/100g),fresh_food,yogurts,2025-05-29
Lindahls Pro+ Kvarg Lemon Cheesecake,£1.07,(71.3p/100g),fresh_food,yogurts,2025-05-29
The Collective Great Dairy Suckies Strawberry,£0.86,(95.6p/100g),fresh_food,yogurts,2025-05-29
Onken Cherry Yogurt,£1.95,(43.3p/100g),fresh_food,yogurts,2025-05-29
Onken Set Natural Yoghurt,£1.84,(40.9p/100g),fresh_food,yogurts,2025-05-29
Alpro Plant Protein Red Berries 200g,£1.31,(65.5p/100g),fresh_food,yogurts,2025-05-29
Activia Cherry No Added Sugar Fat Free Yoghurt,£1.75,(38.0p/100g),fresh_food,yogurts,2025-05-29
Lancashire Farm Wholemilk Natural Yogurt,£1.05,(22.3p/100g),fresh_food,yogurts,2025-05-29
Plant Based by ASDA Plain Soya Yogurt Alternative 500g,£1.24,(24.8p/100g),fresh_food,yogurts,2025-05-29
"ASDA Passion Fruit, Mango & Papaya Kefir Yogurt 350g",£1.20,(34.3p/100g),fresh_food,yogurts,2025-05-29
Isey Skyr Lemon Cheesecake 170g,£1.35,(79.4p/100g),fresh_food,yogurts,2025-05-29
Longley Farm Blueberry Yogurt,£0.60,(40.0p/100g),fresh_food,yogurts,2025-05-29
Onken 0% Mango & Apple,£1.95,(43.3p/100g),fresh_food,yogurts,2025-05-29
Activia Fibre Apple Cereals Yogurt 4x115g,£2.47,(53.7p/100g),fresh_food,yogurts,2025-05-29
Longley Farm Peach Yogurt,£0.64,(42.7p/100g),fresh_food,yogurts,2025-05-29
Muller Light Rhubarb,£0.62,(38.8p/100g),fresh_food,yogurts,2025-05-29
Alpro Greek Style Mango Yoghurt Alternative,£1.09,(72.7p/100g),fresh_food,yogurts,2025-05-29
Arla Protein Mango Yogurt Pouch,£1.30,(65.0p/100g),fresh_food,yogurts,2025-05-29
I Can't Believe It's Not Butter! Original 1kg,£2.25,(£2.25/kg),fresh_food,yogurts,2025-05-29
Petits Filous Strawberry and Raspberry Fromage Frais 6 x 47g,£1.62,(57.5p/100g),fresh_food,yogurts,2025-05-29
Arla Skyr Natural Icelandic Style Yogurt,£3.20,(32.0p/100g),fresh_food,yogurts,2025-05-29
Arla Protein Raspberry Yogurt,£1.07,(53.5p/100g),fresh_food,yogurts,2025-05-29
Peppa Pig Strawberry Fromage Frais 6 x 45g (270g),£1.14,(42.2p/100g),fresh_food,yogurts,2025-05-29
Yeo Valley Organic Fruity Favourites,£2.40,(54.5p/100g),fresh_food,yogurts,2025-05-29
Yeo Valley Organic Greek Style Honey Yogurt,£2.04,(45.3p/100g),fresh_food,yogurts,2025-05-29
Kinder Pingui Milk and Chocolate Chilled Snack Cake Bar Multipack 4x,£2.05,(£1.71/100g),fresh_food,yogurts,2025-05-29
Activia Strawberry & Raspberry Kefir 2 x 150g,£1.60,(53.3p/100g),fresh_food,yogurts,2025-05-29
ASDA Creamy Greek Style Yogurt 1kg,£1.92,(19.2p/100g),fresh_food,yogurts,2025-05-29
Oykos Raspberry Luxury Greek Style Yoghurt,£2.13,(48.4p/100g),fresh_food,yogurts,2025-05-29
The Collective Great Dairy Suckies Fridge Pack Strawberry,£4.02,(74.4p/100g),fresh_food,yogurts,2025-05-29
Ísey Skyr Banana 90g,£1.15,(£1.28/100g),fresh_food,yogurts,2025-05-29
Pakeeza Natural Yogurt,£1.10,(25.9p/100g),fresh_food,yogurts,2025-05-29
ASDA Natural Yogurt 500g,£1.08,(21.6p/100g),fresh_food,yogurts,2025-05-29
Arla Protein Blueberry Yogurt,£1.07,(53.5p/100g),fresh_food,yogurts,2025-05-29
Fage Total 0% Fat Natural Fat Free Greek Recipe Strained Yogurt,£5.55,(58.4p/100g),fresh_food,yogurts,2025-05-29
Activia Limited Edition Tropical Coconut Yoghurt,£1.75,(38.0p/100g),fresh_food,yogurts,2025-05-29
Ísey Skyr Air Cherry Chocolate 125g,£1.45,(£1.16/100g),fresh_food,yogurts,2025-05-29
,,,fresh_food,yogurts,2025-05-29
,,,fresh_food,yogurts,2025-05-29
,,,fresh_food,yogurts,2025-05-29
,,,fresh_food,yogurts,2025-05-29
,,,fresh_food,yogurts,2025-05-29
,,,fresh_food,yogurts,2025-05-29
,,,fresh_food,yogurts,2025-05-29
,,,fresh_food,yogurts,2025-05-29
,,,fresh_food,yogurts,2025-05-29
,,,fresh_food,yogurts,2025-05-29
,,,fresh_food,yogurts,2025-05-29
,,,fresh_food,yogurts,2025-05-29
,,,fresh_food,yogurts,2025-05-29
,,,fresh_food,yogurts,2025-05-29
,,,fresh_food,yogurts,2025-05-29
,,,fresh_food,yogurts,2025-05-29
,,,fresh_food,yogurts,2025-05-29
"Activia Mango, Strawberry, Kiwi & Apricot Multipack Yoghurt",£3.08,(33.5p/100g),fresh_food,yogurts,2025-05-29
"Activia Strawberry, Raspberry, Cherry & Blueberry No Added Sugar Fat Free Multipack yoghurt",£3.08,(33.5p/100g),fresh_food,yogurts,2025-05-29
"Activia Rhubarb, Prune, Fig, Blackberry & Strawberry Multipack Yoghurt",£3.08,(33.5p/100g),fresh_food,yogurts,2025-05-29
Lindahls Pro + Kvarg Strawberry 150g,£1.07,(71.3p/100g),fresh_food,yogurts,2025-05-29
Activia Yoghurt & Actimel Yoghurt Drink Bundle,£6.16,null,fresh_food,yogurts,2025-05-29
The Collective Great Dairy Suckies Strawberry & Banana Live Yoghurt 90g,£0.86,(86.0p/100g),fresh_food,yogurts,2025-05-29
GetPro 18g Protein Pudding Chocolate Hazelnut Flavour 180g,£1.72,(95.6p/100g),fresh_food,yogurts,2025-05-29
Ísey Skyr Air Strawberry Lime 125g,£1.45,(£1.16/100g),fresh_food,yogurts,2025-05-29
Arla Protein Protein Passionfruit & Papaya Yogurt,£1.07,(53.5p/100g),fresh_food,yogurts,2025-05-29
Muller Rice Protein Chocolate Flavour 180g,£0.81,(45.0p/100g),fresh_food,yogurts,2025-05-29
Biotiful Gut Health Kefir Protein Original,£1.75,(70.0p/100g),fresh_food,yogurts,2025-05-29
Longley Farm Rhubarb Yogurt,£0.64,(42.7p/100g),fresh_food,yogurts,2025-05-29
The Collective Great Dairy Suckies Raspberry,£0.86,(95.6p/100g),fresh_food,yogurts,2025-05-29
ASDA Lactose Free Creamy Greek Yogurt 450g,£1.80,(40.0p/100g),fresh_food,yogurts,2025-05-29
Lancashire Farm Wholemilk Natural Yogurt,£1.05,(22.3p/100g),fresh_food,yogurts,2025-05-29
"ASDA Passion Fruit, Mango & Papaya Kefir Yogurt 350g",£1.20,(34.3p/100g),fresh_food,yogurts,2025-05-29
Plant Based by ASDA Plain Soya Yogurt Alternative 500g,£1.24,(24.8p/100g),fresh_food,yogurts,2025-05-29
Alpro Plant Protein Red Berries 200g,£1.31,(65.5p/100g),fresh_food,yogurts,2025-05-29
Onken Set Natural Yoghurt,£1.84,(40.9p/100g),fresh_food,yogurts,2025-05-29
Lindahls Pro+ Kvarg Lemon Cheesecake,£1.07,(71.3p/100g),fresh_food,yogurts,2025-05-29
Actimel Kids Strawberry Banana Yoghurt Drink,£1.18,(29.5p/100g),fresh_food,yogurts,2025-05-29
Yeo Valley Organic Natural Creamy Bio Live Yogurt,£1.89,(42.0p/100g),fresh_food,yogurts,2025-05-29
Plant Based by ASDA Lemon Soya Yogurt 4 x 100g (400g),£1.30,(32.5p/100g),fresh_food,yogurts,2025-05-29
Lindahls Pro + Kvarg Banoffee Pie,£1.07,(71.3p/100g),fresh_food,yogurts,2025-05-29
Yop Strawberry Yoghurt Drink 500g,£1.14,(22.8p/100g),fresh_food,yogurts,2025-05-29
GetPro 15g Protein Yoghurt Blueberry Flavour 160g,£1.22,(76.2p/100g),fresh_food,yogurts,2025-05-29
Arla Skyr Sour Cherry Icelandic Style Yogurt,£1.85,(41.1p/100g),fresh_food,yogurts,2025-05-29
Onken Cherry Yogurt,£1.95,(43.3p/100g),fresh_food,yogurts,2025-05-29
Onken 0% Mango & Apple,£1.95,(43.3p/100g),fresh_food,yogurts,2025-05-29
Activia Fibre Apple Cereals Yogurt 4x115g,£2.47,(53.7p/100g),fresh_food,yogurts,2025-05-29
ASDA Fat Free Honey Greek Style Yogurt 450g,£1.45,(32.2p/100g),fresh_food,yogurts,2025-05-29
Yeo Valley Organic Natural Creamy Bio Live Yogurt,£3.60,(37.9p/100g),fresh_food,yogurts,2025-05-29
Alpro Plain Soya Yoghurt Alternative,£1.88,(37.6p/100g),fresh_food,yogurts,2025-05-29
Arla Protein Mango Yogurt Pouch,£1.30,(65.0p/100g),fresh_food,yogurts,2025-05-29
Longley Farm Peach Yogurt,£0.64,(42.7p/100g),fresh_food,yogurts,2025-05-29
Alpro Greek Style Mango Yoghurt Alternative,£1.09,(72.7p/100g),fresh_food,yogurts,2025-05-29
Muller Light Rhubarb,£0.62,(38.8p/100g),fresh_food,yogurts,2025-05-29
Peppa Pig Strawberry Fromage Frais 6 x 45g (270g),£1.14,(42.2p/100g),fresh_food,yogurts,2025-05-29
Alpro Greek Style Strawberry Raspberry Yoghurt Alternative,£1.09,(72.7p/100g),fresh_food,yogurts,2025-05-29
Muller Light Choc Pot Milk Chocolate 4 x 80g (320g),£1.43,(51.1p/100g),fresh_food,yogurts,2025-05-29
Muller Light 6 x 140g (180g),£2.88,(34.3p/100g),fresh_food,yogurts,2025-05-29
Arla Protein Pudding a Day Bundle,£8.75,null,fresh_food,yogurts,2025-05-29
Yeo Valley Organic Greek Style Honey Yogurt,£2.04,(45.3p/100g),fresh_food,yogurts,2025-05-29
ASDA Fat Free Natural Fromage Frais 500g,£1.42,(28.4p/100g),fresh_food,yogurts,2025-05-29
Yeo Valley Organic Kefir Natural Yogurt,£1.86,(53.1p/100g),fresh_food,yogurts,2025-05-29
,,,fresh_food,yogurts,2025-05-29
,,,fresh_food,yogurts,2025-05-29
,,,fresh_food,yogurts,2025-05-29
,,,fresh_food,yogurts,2025-05-29
,,,fresh_food,yogurts,2025-05-29
,,,fresh_food,yogurts,2025-05-29
,,,fresh_food,yogurts,2025-05-29
,,,fresh_food,yogurts,2025-05-29
,,,fresh_food,yogurts,2025-05-29
,,,fresh_food,yogurts,2025-05-29
,,,fresh_food,yogurts,2025-05-29
,,,fresh_food,yogurts,2025-05-29
,,,fresh_food,yogurts,2025-05-29
,,,fresh_food,yogurts,2025-05-29
,,,fresh_food,yogurts,2025-05-29
,,,fresh_food,yogurts,2025-05-29
,,,fresh_food,yogurts,2025-05-29
"Activia Mango, Strawberry, Kiwi & Apricot Multipack Yoghurt",£3.08,(33.5p/100g),fresh_food,yogurts,2025-05-29
"Activia Strawberry, Raspberry, Cherry & Blueberry No Added Sugar Fat Free Multipack yoghurt",£3.08,(33.5p/100g),fresh_food,yogurts,2025-05-29
"Activia Rhubarb, Prune, Fig, Blackberry & Strawberry Multipack Yoghurt",£3.08,(33.5p/100g),fresh_food,yogurts,2025-05-29
The Collective Great Dairy Brekkie Banana 110g,£1.02,(92.7p/100g),fresh_food,yogurts,2025-05-29
The Coconut Collaborative Strawberry & Banana Coconut Yoghurt Kids Pouch 90g,£1.00,(£1.11/100g),fresh_food,yogurts,2025-05-29
Arla Protein Salted Caramel Flavour Pudding 200g,£1.75,(87.5p/100g),fresh_food,yogurts,2025-05-29
ASDA Strawberry Kefir Yogurt 350g,£1.20,(34.3p/100g),fresh_food,yogurts,2025-05-29
Arla Protein Chocolate Flavour Pudding 200g,£1.75,(87.5p/100g),fresh_food,yogurts,2025-05-29
Arla Skyr Creamy Icelandic Style Yogurt,£1.66,(36.9p/100g),fresh_food,yogurts,2025-05-29
Longley Farm Mandarin Yogurt,£0.64,(42.7p/100g),fresh_food,yogurts,2025-05-29
Yeo Valley Organic Greek Style Natural,£1.91,(42.4p/100g),fresh_food,yogurts,2025-05-29
Light & Free Greek Style Yogurt Strawberry Cheesecake Flavour 4 x 115g,£2.50,(54.4p/100g),fresh_food,yogurts,2025-05-29
Arla Protein Vanilla Yogurt Pouch,£1.30,(65.0p/100g),fresh_food,yogurts,2025-05-29
Activia Fibre Muesli Yogurt 4x115g,£2.47,(53.7p/100g),fresh_food,yogurts,2025-05-29
Longley Farm Strawberry Yogurt,£0.64,(42.7p/100g),fresh_food,yogurts,2025-05-29
The Coconut Collaborative Dairy Free Natural Coconut Yoghurt,£2.50,(71.4p/100g),fresh_food,yogurts,2025-05-29
Petits Filous Strawberry and Apricot Fromage Frais 6 x 47g (282g),£1.62,(57.5p/100g),fresh_food,yogurts,2025-05-29
Lindahls Kvarg Stracciatella,£1.07,(71.3p/100g),fresh_food,yogurts,2025-05-29
Light & Free White Chocolate Flavour Greek Style 0% Added Sugar Fat Free Yoghurt,£2.50,(54.4p/100g),fresh_food,yogurts,2025-05-29
Muller Corner Plant Based Crunchy Chocolate Balls 125g,£1.06,(84.8p/100g),fresh_food,yogurts,2025-05-29
Bio & Me Original Kefir Live Yoghurt 350g,£1.48,(42.3p/100g),fresh_food,yogurts,2025-05-29
Yeo Valley Organic Greek Style Honey 4 x 100g (400g),£2.37,(59.2p/100g),fresh_food,yogurts,2025-05-29
Yeo Valley Organic Strawberry Creamy Bio Live Yogurt 4 x 110g,£2.40,(54.5p/100g),fresh_food,yogurts,2025-05-29
Yeo Valley Organic Mango & Vanilla Whole Milk Yogurt 6m+ Smooth 85g,£0.72,(84.7p/100g),fresh_food,yogurts,2025-05-29
Ísey Skyr Strawberry 90g,£1.15,(£1.28/100g),fresh_food,yogurts,2025-05-29
Yeo Valley Organic Greek Recipe 0% Strained Natural Yogurt 450g,£2.73,(60.7p/100g),fresh_food,yogurts,2025-05-29
Light & Free Sticky Toffee Flavour Greek Style 0% Added Sugar Fat Free Yoghurt,£2.38,(51.7p/100g),fresh_food,yogurts,2025-05-29
Yeo Valley Organic Blueberry with a Hint of Lime,£1.94,(43.1p/100g),fresh_food,yogurts,2025-05-29
"Yeo Valley Little Yeos Organic No Added Sugar Mango, Vanilla and Blueberry, Banana Yogurt",£1.67,(66.3p/100g),fresh_food,yogurts,2025-05-29
GetPro 15g Protein Yoghurt Vanilla Flavour 160g,£1.22,(76.2p/100g),fresh_food,yogurts,2025-05-29
Ísey Skyr Air Passionfruit Vanilla 125g,£1.45,(£1.16/100g),fresh_food,yogurts,2025-05-29
Paw Patrol Strawberry Fromage Frais 6 x 45g (270g),£1.14,(42.2p/100g),fresh_food,yogurts,2025-05-29
Alpro Plain With Coconut Yoghurt Alternative,£1.88,(37.6p/100g),fresh_food,yogurts,2025-05-29
Yeo Valley Organic Kefir Strawberry Yogurt,£1.86,(53.1p/100g),fresh_food,yogurts,2025-05-29
Yeo Valley Organic Fruity Favourites,£1.67,(49.1p/100g),fresh_food,yogurts,2025-05-29
Activia Fusion Prune Gut Health 4 x 120g (480g),£2.47,(51.5p/100g),fresh_food,yogurts,2025-05-29
Yop Raspberry Yoghurt Drink 500g,£1.14,(22.8p/100g),fresh_food,yogurts,2025-05-29
Petits Filous Big Pots Strawberry and Apricot Fromage Frais 4 x 85g (340g),£1.43,(42.1p/100g),fresh_food,yogurts,2025-05-29
ASDA Lactose Free Creamy Strawberry Greek Yogurt 450g,£1.82,(40.4p/100g),fresh_food,yogurts,2025-05-29
Wildlife Yogurt Pots & Tubes Bundle,£3.08,null,fresh_food,yogurts,2025-05-29
Muller Light Choc Pot Milk Chocolate & Orange Flavour 4 x 80g (320g),£1.43,(59.6p/100g),fresh_food,yogurts,2025-05-29
Activia Raspberry No Added Sugar Gut Health Yogurt,£1.75,(38.0p/100g),fresh_food,yogurts,2025-05-29
Petits Filous No Added Sugar Strawberry & Banana Fromage Frais 6 x 47g (282g),£1.64,(58.2p/100g),fresh_food,yogurts,2025-05-29
Piatnica Vanilla Fromage Frais 150g,£0.78,(£5.20/kg),fresh_food,yogurts,2025-05-29
Yeo Valley Organic Greek Recipe 5% Strained Natural Yogurt 450g,£2.73,(60.7p/100g),fresh_food,yogurts,2025-05-29
Arla Skyr Vanilla Icelandic Style Yogurt,£1.85,(41.1p/100g),fresh_food,yogurts,2025-05-29
,,,fresh_food,yogurts,2025-05-29
,,,fresh_food,yogurts,2025-05-29
,,,fresh_food,yogurts,2025-05-29
,,,fresh_food,yogurts,2025-05-29
,,,fresh_food,yogurts,2025-05-29
,,,fresh_food,yogurts,2025-05-29
,,,fresh_food,yogurts,2025-05-29
,,,fresh_food,yogurts,2025-05-29
,,,fresh_food,yogurts,2025-05-29
,,,fresh_food,yogurts,2025-05-29
,,,fresh_food,yogurts,2025-05-29
,,,fresh_food,yogurts,2025-05-29
,,,fresh_food,yogurts,2025-05-29
,,,fresh_food,yogurts,2025-05-29
,,,fresh_food,yogurts,2025-05-29
,,,fresh_food,yogurts,2025-05-29
,,,fresh_food,yogurts,2025-05-29
"Activia Mango, Strawberry, Kiwi & Apricot Multipack Yoghurt",£3.08,(33.5p/100g),fresh_food,yogurts,2025-05-29
"Activia Strawberry, Raspberry, Cherry & Blueberry No Added Sugar Fat Free Multipack yoghurt",£3.08,(33.5p/100g),fresh_food,yogurts,2025-05-29
"Activia Rhubarb, Prune, Fig, Blackberry & Strawberry Multipack Yoghurt",£3.08,(33.5p/100g),fresh_food,yogurts,2025-05-29
ASDA Fat Free Honey Greek Style Yogurt 450g,£1.45,(32.2p/100g),fresh_food,yogurts,2025-05-29
Yeo Valley Organic Natural Creamy Bio Live Yogurt,£3.60,(37.9p/100g),fresh_food,yogurts,2025-05-29
Lindahls Kvarg Stracciatella,£1.07,(71.3p/100g),fresh_food,yogurts,2025-05-29
Paw Patrol Strawberry Fromage Frais 6 x 45g (270g),£1.14,(42.2p/100g),fresh_food,yogurts,2025-05-29
Light & Free Greek Style Yogurt Strawberry Cheesecake Flavour 4 x 115g,£2.50,(54.4p/100g),fresh_food,yogurts,2025-05-29
Yeo Valley Organic Greek Style Natural,£1.91,(42.4p/100g),fresh_food,yogurts,2025-05-29
The Coconut Collaborative Dairy Free Natural Coconut Yoghurt,£2.50,(71.4p/100g),fresh_food,yogurts,2025-05-29
Petits Filous Strawberry and Apricot Fromage Frais 6 x 47g (282g),£1.62,(57.5p/100g),fresh_food,yogurts,2025-05-29
Arla Protein Vanilla Yogurt Pouch,£1.30,(65.0p/100g),fresh_food,yogurts,2025-05-29
Longley Farm Strawberry Yogurt,£0.64,(42.7p/100g),fresh_food,yogurts,2025-05-29
Activia Fibre Muesli Yogurt 4x115g,£2.47,(53.7p/100g),fresh_food,yogurts,2025-05-29
Bio & Me Original Kefir Live Yoghurt 350g,£1.48,(42.3p/100g),fresh_food,yogurts,2025-05-29
Yeo Valley Organic Greek Style Honey 4 x 100g (400g),£2.37,(59.2p/100g),fresh_food,yogurts,2025-05-29
Henna Low Fat Natural Set Yogurts,£1.85,(18.5p/100g),fresh_food,yogurts,2025-05-29
ASDA Fat Free Greek Style Yogurts 4x100g,£1.14,(28.5p/100g),fresh_food,yogurts,2025-05-29
Yeo Valley Organic Kefir Mango & Passion Fruit Fermented Yogurt,£1.86,(53.1p/100g),fresh_food,yogurts,2025-05-29
Lindahls Kvarg White Chocolate 500g,£2.78,(55.6p/100g),fresh_food,yogurts,2025-05-29
The Collective Great Dairy Suckies Peach & Apricot,£0.86,(95.6p/100g),fresh_food,yogurts,2025-05-29
Yeo Valley Organic Greek Recipe 0% Strained Natural Yogurt 450g,£2.73,(60.7p/100g),fresh_food,yogurts,2025-05-29
Yeo Valley Organic Mango & Vanilla Whole Milk Yogurt 6m+ Smooth 85g,£0.72,(84.7p/100g),fresh_food,yogurts,2025-05-29
Muller Corner Plant Based Crunchy Chocolate Balls 125g,£1.06,(84.8p/100g),fresh_food,yogurts,2025-05-29
Muller x Myprotein Vanilla Flavour Yogurt 500g,£2.12,(42.4p/100g),fresh_food,yogurts,2025-05-29
Biotiful Gut Health kefir Yogurt British Strawberry,£1.72,(49.1p/100g),fresh_food,yogurts,2025-05-29
Yeo Valley Organic Blueberry with a Hint of Lime,£1.94,(43.1p/100g),fresh_food,yogurts,2025-05-29
Ísey Skyr Air Passionfruit Vanilla 125g,£1.45,(£1.16/100g),fresh_food,yogurts,2025-05-29
Light & Free White Chocolate Flavour Greek Style 0% Added Sugar Fat Free Yoghurt,£2.50,(54.4p/100g),fresh_food,yogurts,2025-05-29
Yeo Valley Organic Vanilla Light Bio Live Yogurt,£1.94,(43.1p/100g),fresh_food,yogurts,2025-05-29
Oykos Blueberry Greek Style Yogurt 4 x 110g,£2.13,(48.4p/100g),fresh_food,yogurts,2025-05-29
Muller x Myprotein Chocolate Flavor Mousse 200g,£1.78,(89.0p/100g),fresh_food,yogurts,2025-05-29
Longley Farm Black Cherry Yogurt,£0.60,(40.0p/100g),fresh_food,yogurts,2025-05-29
Yeo Valley Organic Lemon Curd 4 x 110g (440g),£2.40,(54.5p/100g),fresh_food,yogurts,2025-05-29
Yeo Valley Little Yeos Organic Pots of Organic Yogurt Banana & Custard 4 x 85g (340g),£1.67,(49.1p/100g),fresh_food,yogurts,2025-05-29
Longley Farm Mandarin Yogurt,£0.64,(42.7p/100g),fresh_food,yogurts,2025-05-29
"Yeo Valley Little Yeos Organic No Added Sugar Mango, Vanilla and Blueberry, Banana Yogurt",£1.67,(66.3p/100g),fresh_food,yogurts,2025-05-29
Longley Farm Banana Yogurt,£0.64,(42.7p/100g),fresh_food,yogurts,2025-05-29
GetPro 15g Protein Yoghurt Vanilla Flavour 160g,£1.22,(76.2p/100g),fresh_food,yogurts,2025-05-29
Activia Fusion Prune Gut Health 4 x 120g (480g),£2.47,(51.5p/100g),fresh_food,yogurts,2025-05-29
Light & Free Sticky Toffee Flavour Greek Style 0% Added Sugar Fat Free Yoghurt,£2.38,(51.7p/100g),fresh_food,yogurts,2025-05-29
Alpro Plain With Coconut Yoghurt Alternative,£1.88,(37.6p/100g),fresh_food,yogurts,2025-05-29
Arla Skyr Strawberry Icelandic Style Yogurt,£1.85,(41.1p/100g),fresh_food,yogurts,2025-05-29
Isey Skyr Blueberry 90g,£1.15,(£1.28/100g),fresh_food,yogurts,2025-05-29
,,,fresh_food,yogurts,2025-05-29
,,,fresh_food,yogurts,2025-05-29
,,,fresh_food,yogurts,2025-05-29
,,,fresh_food,yogurts,2025-05-29
,,,fresh_food,yogurts,2025-05-29
,,,fresh_food,yogurts,2025-05-29
,,,fresh_food,yogurts,2025-05-29
,,,fresh_food,yogurts,2025-05-29
,,,fresh_food,yogurts,2025-05-29
,,,fresh_food,yogurts,2025-05-29
,,,fresh_food,yogurts,2025-05-29
,,,fresh_food,yogurts,2025-05-29
,,,fresh_food,yogurts,2025-05-29
,,,fresh_food,yogurts,2025-05-29
,,,fresh_food,yogurts,2025-05-29
,,,fresh_food,yogurts,2025-05-29
,,,fresh_food,yogurts,2025-05-29
"Activia Mango, Strawberry, Kiwi & Apricot Multipack Yoghurt",£3.08,(33.5p/100g),fresh_food,yogurts,2025-05-29
"Activia Strawberry, Raspberry, Cherry & Blueberry No Added Sugar Fat Free Multipack yoghurt",£3.08,(33.5p/100g),fresh_food,yogurts,2025-05-29
"Activia Rhubarb, Prune, Fig, Blackberry & Strawberry Multipack Yoghurt",£3.08,(33.5p/100g),fresh_food,yogurts,2025-05-29
Onken 0% Fat Strawberry,£1.95,(43.3p/100g),fresh_food,yogurts,2025-05-29
Muller Rice Apple,£0.62,(36.5p/100g),fresh_food,yogurts,2025-05-29
Muller Rice Vanilla Custard Low Fat Pudding,£0.62,(36.5p/100g),fresh_food,yogurts,2025-05-29
Muller Rice Original Low Fat Pudding,£0.62,(36.5p/100g),fresh_food,yogurts,2025-05-29
Muller Rice Strawberry Low Fat Pudding,£0.62,(36.5p/100g),fresh_food,yogurts,2025-05-29
Ísey Skyr Vanilla 170g,£1.35,(79.4p/100g),fresh_food,yogurts,2025-05-29
Activia Raspberry & Chia Seed Muesli Low Fat Yogurt,£1.07,(64.8p/100g),fresh_food,yogurts,2025-05-29
Activia Vanilla & Granola Low Fat Yogurt,£1.07,(64.8p/100g),fresh_food,yogurts,2025-05-29
,,,fresh_food,yogurts,2025-05-29
,,,fresh_food,yogurts,2025-05-29
,,,fresh_food,yogurts,2025-05-29
,,,fresh_food,yogurts,2025-05-29
,,,fresh_food,yogurts,2025-05-29
,,,fresh_food,yogurts,2025-05-29
,,,fresh_food,yogurts,2025-05-29
,,,fresh_food,yogurts,2025-05-29
,,,fresh_food,yogurts,2025-05-29
,,,fresh_food,yogurts,2025-05-29
,,,fresh_food,yogurts,2025-05-29
,,,fresh_food,yogurts,2025-05-29
,,,fresh_food,yogurts,2025-05-29
,,,fresh_food,yogurts,2025-05-29
,,,fresh_food,yogurts,2025-05-29
,,,fresh_food,yogurts,2025-05-29
,,,fresh_food,yogurts,2025-05-29
ASDA Succulent Chicken Drumsticks,£2.26,(£2.05/kg),fresh_food,meat_poultry,2025-05-29
ASDA Tender Chicken Breast Fillets,£4.42,(£7.37/kg),fresh_food,meat_poultry,2025-05-29
ASDA Succulent Large Chicken,£5.44,(£3.20/kg),fresh_food,meat_poultry,2025-05-29
ASDA Succulent Extra Large Chicken,£6.84,(£3.04/kg),fresh_food,meat_poultry,2025-05-29
ASDA Succulent Boneless Chicken Thigh Fillets,£5.42,(£8.34/kg),fresh_food,meat_poultry,2025-05-29
SUMMER GRILL by ASDA Smoky BBQ Chicken Thighs & Drumsticks,£4.58,(£6.54/kg),fresh_food,meat_poultry,2025-05-29
ASDA Tender Chicken Stir-Fry Pieces,£2.62,(£10.48/kg),fresh_food,meat_poultry,2025-05-29
ASDA Succulent Chicken Thighs 2kg,£4.32,(£2.16/kg),fresh_food,meat_poultry,2025-05-29
ASDA Tender Chicken Breast Fillets,£6.82,(£6.82/kg),fresh_food,meat_poultry,2025-05-29
JUST ESSENTIALS by ASDA Chicken Wings,£2.00,(£1.82/kg),fresh_food,meat_poultry,2025-05-29
ASDA Tender Diced Chicken Breast,£4.94,(£7.60/kg),fresh_food,meat_poultry,2025-05-29
ASDA Succulent Medium Chicken,£4.74,(£3.27/kg),fresh_food,meat_poultry,2025-05-29
ASDA Tender Chicken Breast Fillets,£10.48,(£6.55/kg),fresh_food,meat_poultry,2025-05-29
ASDA Tender Chicken Breast Portions 300G,£2.65,(£8.83/kg),fresh_food,meat_poultry,2025-05-29
ASDA Succulent Chicken Leg Quarters,£2.73,(£2.48/kg),fresh_food,meat_poultry,2025-05-29
ASDA Tender Diced Chicken Breast,£3.28,(£8.20/kg),fresh_food,meat_poultry,2025-05-29
ASDA Succulent Chicken Thighs,£3.44,(£3.13/kg),fresh_food,meat_poultry,2025-05-29
ASDA 2 Garlic & Herb Chicken Kievs,£2.88,(£11.08/kg),fresh_food,meat_poultry,2025-05-29
ASDA Lean Turkey Mince,£3.48,(£6.96/kg),fresh_food,meat_poultry,2025-05-29
ASDA Succulent Extra Tasty Large Chicken,£6.54,(£4.09/kg),fresh_food,meat_poultry,2025-05-29
SUMMER GRILL by ASDA 4 Smoky Chorizo & Chicken Kebabs 320g,£4.74,(£14.81/kg),fresh_food,meat_poultry,2025-05-29
ASDA Succulent Boneless Chicken Thigh Fillets,£6.47,(£6.47/kg),fresh_food,meat_poultry,2025-05-29
ASDA Tender Chicken Breast Mini Fillets,£3.28,(£8.20/kg),fresh_food,meat_poultry,2025-05-29
ASDA Tender Chicken Breast Mini Fillets,£4.68,(£7.20/kg),fresh_food,meat_poultry,2025-05-29
JUST ESSENTIALS by ASDA Whole Chicken (Typically 1.5kg),£4.03,(£2.69/kg),fresh_food,meat_poultry,2025-05-29
ASDA Spicy Salt & Pepper Chicken Breast Chunks 330g,£3.48,(£10.55/kg),fresh_food,meat_poultry,2025-05-29
ASDA Creamy 2 Cheese & Bacon Chicken Kievs,£2.88,(£11.08/kg),fresh_food,meat_poultry,2025-05-29
ASDA Crispy Breaded Chicken Goujons 270g,£2.22,(£8.22/kg),fresh_food,meat_poultry,2025-05-29
ASDA 6 Breaded Chicken Steaks,£4.38,(£5.84/kg),fresh_food,meat_poultry,2025-05-29
ASDA Savoury Extra Tasty Boneless Chicken Breast Joint,£4.98,(£11.07/kg),fresh_food,meat_poultry,2025-05-29
SUMMER GRILL by ASDA Fragrant Tikka Chicken Breast Steaks,£4.34,(£11.42/kg),fresh_food,meat_poultry,2025-05-29
ASDA Succulent Extra Tasty Small Chicken 1.250kg,£4.48,(£3.58/kg),fresh_food,meat_poultry,2025-05-29
ASDA Tender Chicken Mince,£4.53,(£5.66/kg),fresh_food,meat_poultry,2025-05-29
ASDA Smoky BBQ Spatchcock Chicken 1.15kg,£5.25,(£4.77/kg),fresh_food,meat_poultry,2025-05-29
ASDA Seasoned Southern Fried Chicken Goujons 270g,£2.22,(£8.22/kg),fresh_food,meat_poultry,2025-05-29
ASDA Succulent Chicken Drum Fillets 0.600kg,£3.24,(£5.40/kg),fresh_food,meat_poultry,2025-05-29
ASDA Delicious Breaded Chicken Goujons,£3.97,(£6.62/kg),fresh_food,meat_poultry,2025-05-29
ASDA 6 Seasoned Southern Fried Chicken Steaks,£4.60,(£6.13/kg),fresh_food,meat_poultry,2025-05-29
ASDA Succulent Chicken Drumsticks 2.000kg,£4.68,(£2.34/kg),fresh_food,meat_poultry,2025-05-29
Fridge Raiders Slow Roasted Chicken Snack Bites,£1.62,(£2.40/100g),fresh_food,meat_poultry,2025-05-29
ASDA Sticky Chinese Style Chicken Stir-Fry Kit,£5.00,(£7.69/kg),fresh_food,meat_poultry,2025-05-29
ASDA Succulent Butter Basted Boneless Chicken Joint 466g,£5.38,(£11.55/kg),fresh_food,meat_poultry,2025-05-29
"SUMMER GRILL by ASDA 2 Chicken, Tomato & Mozzarella Burgers 227g",£1.97,(£8.68/kg),fresh_food,meat_poultry,2025-05-29
ASDA Tempura Chicken Mini Fillets ,£3.07,(£10.07/kg),fresh_food,meat_poultry,2025-05-29
ASDA Southern Fried 100% Chicken Breast Mini Fillets,£3.07,(£10.07/kg),fresh_food,meat_poultry,2025-05-29
SUMMER GRILL by ASDA Flavourful Garlic & Herb Chicken Kebab 280g,£4.74,(£16.93/kg),fresh_food,meat_poultry,2025-05-29
Shazans Peri Peri Baby Chicken,£3.83,(£4.79/kg),fresh_food,meat_poultry,2025-05-29
ASDA Simple to Cook Lemon & Herb Spatchcock Chicken 1.1kg,£4.98,(£4.53/kg),fresh_food,meat_poultry,2025-05-29
ASDA Tender Diced Turkey Thigh,£3.98,(£7.96/kg),fresh_food,meat_poultry,2025-05-29
ASDA Tender Turkey Breast Steaks 0.480kg,£5.48,(£11.42/kg),fresh_food,meat_poultry,2025-05-29
ASDA Succulent 12 Turkey Meatballs,£3.73,(£9.32/kg),fresh_food,meat_poultry,2025-05-29
SUMMER GRILL by ASDA Sticky Teriyaki Chicken Mini Breast Fillets,£4.58,(£13.09/kg),fresh_food,meat_poultry,2025-05-29
"ASDA Classic Pork, Sage and Onion Stuffed Large Chicken",£6.54,(£4.09/kg),fresh_food,meat_poultry,2025-05-29
ASDA Extra Lean Turkey Mince (Typically Less Than 3% Fat),£4.48,(£8.96/kg),fresh_food,meat_poultry,2025-05-29
ASDA Tender Breaded Chicken Mini Fillets 305g,£3.07,(£10.07/kg),fresh_food,meat_poultry,2025-05-29
ASDA Hearty Carribean Style Traybake 630g,£4.94,(£7.84/kg),fresh_food,meat_poultry,2025-05-29
JUST ESSENTIALS by ASDA 2 Chicken Kievs,£2.25,(£8.65/kg),fresh_food,meat_poultry,2025-05-29
Bernard Matthews Golden Breaded Turkey Escalopes,£2.48,(£9.54/kg),fresh_food,meat_poultry,2025-05-29
Lurpak Slightly Salted Butter Box,£2.47,(£13.72/kg),fresh_food,meat_poultry,2025-05-29
Lurpak Slightly Salted Butter,£2.47,(£12.35/kg),fresh_food,meat_poultry,2025-05-29
Lurpak Garlic Butter,£2.50,(£20.00/kg),fresh_food,meat_poultry,2025-05-29
COOK by ASDA Roast Potato Seasoning,£1.10,(15.7p/10g),fresh_food,meat_poultry,2025-05-29
ASDA Fresh & Earthy Thyme,£0.52,(26.0p/10g),fresh_food,meat_poultry,2025-05-29
ASDA Delightfully Fragrant Rosemary,£0.52,(26.0p/10g),fresh_food,meat_poultry,2025-05-29
TGI Fridays Buffalo Chicken Wings 500g,£3.48,(£6.96/kg),fresh_food,meat_poultry,2025-05-29
ASDA Succulent Extra Tasty Small Chicken 1.250kg,£4.48,(£3.58/kg),fresh_food,meat_poultry,2025-05-29
SUMMER GRILL by ASDA Fragrant Tikka Chicken Breast Steaks,£4.34,(£11.42/kg),fresh_food,meat_poultry,2025-05-29
SUMMER GRILL by ASDA Slow Cooked Sweet Chilli Glazed Chicken Wings 300g,£2.48,(£8.27/kg),fresh_food,meat_poultry,2025-05-29
Fridge Raiders Slow Roasted Chicken Bites 165g,£1.98,(£1.20/100g),fresh_food,meat_poultry,2025-05-29
ASDA Succulent Chicken Drumsticks,£2.26,(£2.05/kg),fresh_food,meat_poultry,2025-05-29
ASDA Smoky BBQ Spatchcock Chicken 1.15kg,£5.25,(£4.77/kg),fresh_food,meat_poultry,2025-05-29
ASDA Warming Cajun Loaded Chicken Mini Fillets,£4.94,(£14.11/kg),fresh_food,meat_poultry,2025-05-29
ASDA Fiery Hot & Spicy Chicken Fries 300g,£3.24,(£10.80/kg),fresh_food,meat_poultry,2025-05-29
ASDA Crispy Tempura Battered Chicken Nuggets,£3.14,(£10.47/kg),fresh_food,meat_poultry,2025-05-29
ASDA Smoky Hunter's Chicken Breast Fillets 430g,£4.94,(£11.49/kg),fresh_food,meat_poultry,2025-05-29
Shazans Peri Peri Chicken Drumsticks,£4.03,(£4.48/kg),fresh_food,meat_poultry,2025-05-29
George Home Non-Stick Grey Roaster,£2.00,(£2.00/each),fresh_food,meat_poultry,2025-05-29
SUMMER GRILL by ASDA Sticky Teriyaki Chicken Mini Breast Fillets,£4.58,(£13.09/kg),fresh_food,meat_poultry,2025-05-29
ASDA Succulent Butter Basted Boneless Chicken Joint 466g,£5.38,(£11.55/kg),fresh_food,meat_poultry,2025-05-29
Shazans Peri Peri Baby Chicken,£3.83,(£4.79/kg),fresh_food,meat_poultry,2025-05-29
ASDA Lean Turkey Mince 1.000kg,£6.38,(£6.38/kg),fresh_food,meat_poultry,2025-05-29
ASDA Seasoned Southern Fried Chicken Thighs & Drumsticks,£4.18,(£5.22/kg),fresh_food,meat_poultry,2025-05-29
ASDA Hearty Carribean Style Traybake 630g,£4.94,(£7.84/kg),fresh_food,meat_poultry,2025-05-29
ASDA Room to Thrive Chicken Drumsticks,£3.98,(£3.62/kg),fresh_food,meat_poultry,2025-05-29
"ASDA Classic Pork, Sage and Onion Stuffed Large Chicken",£6.54,(£4.09/kg),fresh_food,meat_poultry,2025-05-29
George Home Ceramic Roasting Dish 20cm,£3.00,(£3.00/each),fresh_food,meat_poultry,2025-05-29
ASDA Extra Lean Turkey Mince (Typically Less Than 3% Fat),£4.48,(£8.96/kg),fresh_food,meat_poultry,2025-05-29
Fridge Raiders Tasty Pizza Chicken Bites 3 x 22.5g,£1.62,(£2.40/100g),fresh_food,meat_poultry,2025-05-29
Fridge Raiders Southern Style Chicken Snack Bites,£1.62,(£2.40/100g),fresh_food,meat_poultry,2025-05-29
ASDA Smoky Fajita Chicken Stir-Fry Kit,£4.98,(£7.66/kg),fresh_food,meat_poultry,2025-05-29
TGI Fridays Buffalo Chicken Wings 500g,£3.48,(£6.96/kg),fresh_food,meat_poultry,2025-05-29
ASDA Flavourful Chicken Crown with Sage & Onion Gravy,£5.18,(£10.26/kg),fresh_food,meat_poultry,2025-05-29
Mattessons 6 Turkey Rashers Unsmoked 150g,£2.47,(£16.47/kg),fresh_food,meat_poultry,2025-05-29
George Home Non-Stick Roaster Grey,£2.50,(£2.50/each),fresh_food,meat_poultry,2025-05-29
George Home Grey Ceramic 3-Piece Roaster Set,£12.00,(£12.00/each),fresh_food,meat_poultry,2025-05-29
George Home Excellence Non-Stick Black Roaster,£8.00,(£8.00/each),fresh_food,meat_poultry,2025-05-29
Exceptional by ASDA Corn-Fed Skinless & Boneless Norfolk Chicken Thighs (Typically 360g),£4.63,(£12.87/kg),fresh_food,meat_poultry,2025-05-29
Exceptional by ASDA Corn-Fed Norfolk Chicken Breast Fillets (Typically 350g),£5.87,(£16.77/kg),fresh_food,meat_poultry,2025-05-29
Shazans Diced Chicken Breast,£4.23,(£9.40/kg),fresh_food,meat_poultry,2025-05-29
George Home Glass Roaster,£6.00,(£6.00/each),fresh_food,meat_poultry,2025-05-29
George Home Teal Non-Stick Retro Roaster - 41cm,£8.00,(£8.00/each),fresh_food,meat_poultry,2025-05-29
George Home Grey Ceramic Roaster 41cm,£8.00,(£8.00/each),fresh_food,meat_poultry,2025-05-29
Shazans Diced Chicken Breast 750g,£6.50,(£8.67/kg),fresh_food,meat_poultry,2025-05-29
Shazans Halal Chicken Breast Fillets,£4.23,(£9.40/kg),fresh_food,meat_poultry,2025-05-29
George Home Roaster,£4.50,(£4.50/each),fresh_food,meat_poultry,2025-05-29
Shazans Chicken Thighs,£4.33,(£4.33/kg),fresh_food,meat_poultry,2025-05-29
ASDA Organic Free Range Chicken Drumsticks,£6.48,(£6.48/kg),fresh_food,meat_poultry,2025-05-29
Scoville Neverstick 26cm Roasting Tray,£12.00,(£12.00/each),fresh_food,meat_poultry,2025-05-29
Scoville Expert 35cm Roaster,£10.97,(£10.97/each),fresh_food,meat_poultry,2025-05-29
Scoville Glasslux 2.2L Rectangular Dish With Lid,£6.50,(£6.50/each),fresh_food,meat_poultry,2025-05-29
Shazans Chicken Mini Fillets,£4.57,(£9.14/kg),fresh_food,meat_poultry,2025-05-29
George Home Silver Stainless Steel 2-Piece Roaster Set,£12.00,(£12.00/each),fresh_food,meat_poultry,2025-05-29
George Home Ceramic Roasting Dish 26cm,£4.00,(£4.00/each),fresh_food,meat_poultry,2025-05-29
George Home Glass Roaster With Clip Lid 3 Pack,£9.50,(£9.50/each),fresh_food,meat_poultry,2025-05-29
Tefal Non-Stick Roaster 33cm,£12.00,(£12.00/each),fresh_food,meat_poultry,2025-05-29
George Home Enamel Roaster 29cm,£6.00,(£6.00/each),fresh_food,meat_poultry,2025-05-29
George Home Glass Roaster,£4.00,(£4.00/each),fresh_food,meat_poultry,2025-05-29
SUMMER GRILL by ASDA 4 Middle Eastern Inspired Chicken Koftas 240g,£2.47,(£10.29/kg),fresh_food,meat_poultry,2025-05-29
George Home White Ceramic Roasters,£11.00,(£11.00/each),fresh_food,meat_poultry,2025-05-29
Shazans Halal Peri Peri Chicken Platter,£6.50,(£4.06/kg),fresh_food,meat_poultry,2025-05-29
ASDA British Turkey Breast Mini Fillet Pieces,£4.88,(£12.20/kg),fresh_food,meat_poultry,2025-05-29
George Home Teal Non-Stick Retro Roaster - 20cm,£3.50,(£3.50/each),fresh_food,meat_poultry,2025-05-29
George Home Grey Non-Stick Roasters - Set of 2,£4.50,(£4.50/each),fresh_food,meat_poultry,2025-05-29
George Home Roaster,£5.50,(£5.50/each),fresh_food,meat_poultry,2025-05-29
George Home Ceramic Roasting Dish 41cm,£7.00,(£7.00/each),fresh_food,meat_poultry,2025-05-29
Scoville Ceramics 30cm Roaster,£10.00,(£10.00/each),fresh_food,meat_poultry,2025-05-29
ASDA Room to Thrive Chicken Breast Fillets,£6.98,(£11.63/kg),fresh_food,meat_poultry,2025-05-29
Shazans Halal Chicken Breast Fillets Stock up Bundle,£16.92,null,fresh_food,meat_poultry,2025-05-29
George Home Roaster and Rack with Handle,£10.00,(£10.00/each),fresh_food,meat_poultry,2025-05-29
Lurpak Slightly Salted Butter Box,£2.47,(£13.72/kg),fresh_food,meat_poultry,2025-05-29
Lurpak Slightly Salted Butter,£2.47,(£12.35/kg),fresh_food,meat_poultry,2025-05-29
Lurpak Garlic Butter,£2.50,(£20.00/kg),fresh_food,meat_poultry,2025-05-29
COOK by ASDA Roast Potato Seasoning,£1.10,(15.7p/10g),fresh_food,meat_poultry,2025-05-29
ASDA Fresh & Earthy Thyme,£0.52,(26.0p/10g),fresh_food,meat_poultry,2025-05-29
ASDA Delightfully Fragrant Rosemary,£0.52,(26.0p/10g),fresh_food,meat_poultry,2025-05-29
TGI Fridays Buffalo Chicken Wings 500g,£3.48,(£6.96/kg),fresh_food,meat_poultry,2025-05-29
ASDA Succulent Extra Tasty Small Chicken 1.250kg,£4.48,(£3.58/kg),fresh_food,meat_poultry,2025-05-29
SUMMER GRILL by ASDA Fragrant Tikka Chicken Breast Steaks,£4.34,(£11.42/kg),fresh_food,meat_poultry,2025-05-29
SUMMER GRILL by ASDA Slow Cooked Sweet Chilli Glazed Chicken Wings 300g,£2.48,(£8.27/kg),fresh_food,meat_poultry,2025-05-29
Fridge Raiders Slow Roasted Chicken Bites 165g,£1.98,(£1.20/100g),fresh_food,meat_poultry,2025-05-29
ASDA Succulent Chicken Drumsticks,£2.26,(£2.05/kg),fresh_food,meat_poultry,2025-05-29
George Home Non-Stick Loose Based Quiche Tin,£3.50,(£3.50/each),fresh_food,meat_poultry,2025-05-29
Shazans Chicken Breast Fillets,£12.50,(£6.94/kg),fresh_food,meat_poultry,2025-05-29
Scoville Scoville Expert Neverstick+ 26cm Casserole Dish,£13.93,(£13.93/each),fresh_food,meat_poultry,2025-05-29
Shazans Medium Chicken,£5.95,(£4.25/kg),fresh_food,meat_poultry,2025-05-29
ASDA Simple to Cook Sriracha Chicken Wings 800g,£5.48,(£6.85/kg),fresh_food,meat_poultry,2025-05-29
George Home Roaster and Rack with Handle,£10.00,(£10.00/each),fresh_food,meat_poultry,2025-05-29
"Shazans Jerk Chicken Legs, Thighs & Wings",£6.50,(£4.06/kg),fresh_food,meat_poultry,2025-05-29
ASDA Savoury Chicken Gravy 450g,£1.98,(44.0p/100ml),fresh_food,meat_poultry,2025-05-29
Shazans Halal Peri Peri Chicken Thighs,£4.93,(£5.48/kg),fresh_food,meat_poultry,2025-05-29
George Home Blue & White Pure Roaster - Set of 3,£12.00,(£4.00/each),fresh_food,meat_poultry,2025-05-29
Exceptional by ASDA Free Range Corn-Fed Norfolk Chicken Legs (Typically 550g),£2.99,(£5.44/kg),fresh_food,meat_poultry,2025-05-29
SUMMER GRILL by ASDA Slow Cooked Sweet Chilli Glazed Chicken Wings 300g,£2.48,(£8.27/kg),fresh_food,meat_poultry,2025-05-29
George Home Clear Clip Lid Glass Roaster 25.5cm,£6.00,(£6.00/each),fresh_food,meat_poultry,2025-05-29
ASDA Room to Thrive Boneless Chicken Thigh Fillets,£6.13,(£9.43/kg),fresh_food,meat_poultry,2025-05-29
Shazans Chicken Drumsticks & Thighs,£4.20,(£4.20/kg),fresh_food,meat_poultry,2025-05-29
George Home Glass Roaster with clip lid 1.5L,£4.50,(£4.50/each),fresh_food,meat_poultry,2025-05-29
Scoville Expert Neverstick+ 30cm Deep Baking Tray,£9.92,(£9.92/each),fresh_food,meat_poultry,2025-05-29
Exceptional by ASDA Free Range Corn-Fed Norfolk Whole Chicken (Typically 1.75kg),£12.21,(£6.98/kg),fresh_food,meat_poultry,2025-05-29
George Home Clear Glass 3-Piece Roaster Set,£10.00,(£3.33/each),fresh_food,meat_poultry,2025-05-29
George Home Glass Roasters,£7.00,(£7.00/each),fresh_food,meat_poultry,2025-05-29
ASDA Room to Thrive Diced Chicken Breast,£4.84,(£12.10/kg),fresh_food,meat_poultry,2025-05-29
ASDA Breaded Boneless Chicken Platter,£4.44,(£7.40/kg),fresh_food,meat_poultry,2025-05-29
George Home Glass Roaster with clip lid 1L,£2.73,(£2.73/each),fresh_food,meat_poultry,2025-05-29
Scoville Roaster,£20.00,(£20.00/each),fresh_food,meat_poultry,2025-05-29
George Home Glass Roaster,£5.00,(£5.00/each),fresh_food,meat_poultry,2025-05-29
Gino D'Acampo 39cm Roaster,£4.97,(£4.97/each),fresh_food,meat_poultry,2025-05-29
Shazans Chicken Drumsticks,£4.23,(£4.23/kg),fresh_food,meat_poultry,2025-05-29
George Home Black Barbican Roasters - Set of 2,£16.00,(£8.00/each),fresh_food,meat_poultry,2025-05-29
Shazans Chicken Thigh Fillets,£4.57,(£7.62/kg),fresh_food,meat_poultry,2025-05-29
George Home Bakeware Set,£11.50,(£11.50/each),fresh_food,meat_poultry,2025-05-29
Scoville Ceramics 3 Piece Roaster Set,£25.00,(£25.00/each),fresh_food,meat_poultry,2025-05-29
Gino D'Acampo 33cm Roaster,£7.00,(£7.00/each),fresh_food,meat_poultry,2025-05-29
Scoville Glasslux 2.2L Rectangular Dish With Lid,£6.50,(£6.50/each),fresh_food,meat_poultry,2025-05-29
Shazans Chicken Mini Fillets,£4.57,(£9.14/kg),fresh_food,meat_poultry,2025-05-29
George Home White Ceramic Roasters,£11.00,(£11.00/each),fresh_food,meat_poultry,2025-05-29
Shazans Halal Peri Peri Chicken Platter,£6.50,(£4.06/kg),fresh_food,meat_poultry,2025-05-29
ASDA British Turkey Breast Mini Fillet Pieces,£4.88,(£12.20/kg),fresh_food,meat_poultry,2025-05-29
George Home Glass Roaster,£4.00,(£4.00/each),fresh_food,meat_poultry,2025-05-29
George Home Enamel Roaster 29cm,£6.00,(£6.00/each),fresh_food,meat_poultry,2025-05-29
George Home Grey Non-Stick Roasters - Set of 2,£4.50,(£4.50/each),fresh_food,meat_poultry,2025-05-29
George Home Teal Non-Stick Retro Roaster - 20cm,£3.50,(£3.50/each),fresh_food,meat_poultry,2025-05-29
George Home Roaster,£5.50,(£5.50/each),fresh_food,meat_poultry,2025-05-29
SUMMER GRILL by ASDA 4 Middle Eastern Inspired Chicken Koftas 240g,£2.47,(£10.29/kg),fresh_food,meat_poultry,2025-05-29
Tefal Non-Stick Roaster 33cm,£12.00,(£12.00/each),fresh_food,meat_poultry,2025-05-29
Scoville Glasslux 1.4L Rectangular Dish With Lid,£5.00,(£5.00/each),fresh_food,meat_poultry,2025-05-29
George Home Pudding Moulds,£3.50,(87.5p/each),fresh_food,meat_poultry,2025-05-29
Shazans Halal Tandoori Chicken Drumsticks,£4.03,(£4.48/kg),fresh_food,meat_poultry,2025-05-29
Fridge Raiders Slow Roasted Chicken Bites 165g,£1.98,(£1.20/100g),fresh_food,meat_poultry,2025-05-29
Scoville Glasslux 2.7L Rectangular Roaster,£6.00,(£6.00/each),fresh_food,meat_poultry,2025-05-29
SUMMER GRILL by ASDA Garlic & Parmesan Chicken Wings 800g,£4.97,(£6.21/kg),fresh_food,meat_poultry,2025-05-29
Shazans Halal Small Chicken,£4.44,(£4.44/kg),fresh_food,meat_poultry,2025-05-29
Shazans Tandoori Chicken,£6.50,(£4.06/kg),fresh_food,meat_poultry,2025-05-29
ASDA Extra Special Chicken Gravy Granules 200g,£1.90,(95.0p/100g),fresh_food,meat_poultry,2025-05-29
George Home Ceramic Roasting Dish 41cm,£7.00,(£7.00/each),fresh_food,meat_poultry,2025-05-29
ASDA Room to Thrive Chicken Breast Fillets,£6.98,(£11.63/kg),fresh_food,meat_poultry,2025-05-29
Shazans Halal Chicken Breast Fillets Stock up Bundle,£16.92,null,fresh_food,meat_poultry,2025-05-29
George Home Roaster,£12.00,(£12.00/each),fresh_food,meat_poultry,2025-05-29
Scoville Ceramics 30cm Roaster,£10.00,(£10.00/each),fresh_food,meat_poultry,2025-05-29
ASDA Extra Special Middle Eastern Inspired Ras El Hanout King Kebab 685g,£7.48,(£10.92/kg),fresh_food,meat_poultry,2025-05-29
George Home Enamel Roasting Tray,£6.00,(£6.00/each),fresh_food,meat_poultry,2025-05-29
Lurpak Slightly Salted Butter Box,£2.47,(£13.72/kg),fresh_food,meat_poultry,2025-05-29
Lurpak Slightly Salted Butter,£2.47,(£12.35/kg),fresh_food,meat_poultry,2025-05-29
Lurpak Garlic Butter,£2.50,(£20.00/kg),fresh_food,meat_poultry,2025-05-29
COOK by ASDA Roast Potato Seasoning,£1.10,(15.7p/10g),fresh_food,meat_poultry,2025-05-29
ASDA Fresh & Earthy Thyme,£0.52,(26.0p/10g),fresh_food,meat_poultry,2025-05-29
ASDA Delightfully Fragrant Rosemary,£0.52,(26.0p/10g),fresh_food,meat_poultry,2025-05-29
TGI Fridays Buffalo Chicken Wings 500g,£3.48,(£6.96/kg),fresh_food,meat_poultry,2025-05-29
ASDA Succulent Extra Tasty Small Chicken 1.250kg,£4.48,(£3.58/kg),fresh_food,meat_poultry,2025-05-29
SUMMER GRILL by ASDA Fragrant Tikka Chicken Breast Steaks,£4.34,(£11.42/kg),fresh_food,meat_poultry,2025-05-29
SUMMER GRILL by ASDA Slow Cooked Sweet Chilli Glazed Chicken Wings 300g,£2.48,(£8.27/kg),fresh_food,meat_poultry,2025-05-29
Fridge Raiders Slow Roasted Chicken Bites 165g,£1.98,(£1.20/100g),fresh_food,meat_poultry,2025-05-29
ASDA Succulent Chicken Drumsticks,£2.26,(£2.05/kg),fresh_food,meat_poultry,2025-05-29
Scoville Ceramics 30cm Roaster,£10.00,(£10.00/each),fresh_food,meat_poultry,2025-05-29
ASDA 8 Succulent Turkey Sausages,£3.22,(£7.09/kg),fresh_food,meat_poultry,2025-05-29
Lurpak Slightly Salted Butter Box,£2.47,(£13.72/kg),fresh_food,meat_poultry,2025-05-29
Lurpak Slightly Salted Butter,£2.47,(£12.35/kg),fresh_food,meat_poultry,2025-05-29
Lurpak Garlic Butter,£2.50,(£20.00/kg),fresh_food,meat_poultry,2025-05-29
COOK by ASDA Roast Potato Seasoning,£1.10,(15.7p/10g),fresh_food,meat_poultry,2025-05-29
ASDA Fresh & Earthy Thyme,£0.52,(26.0p/10g),fresh_food,meat_poultry,2025-05-29
ASDA Delightfully Fragrant Rosemary,£0.52,(26.0p/10g),fresh_food,meat_poultry,2025-05-29
TGI Fridays Buffalo Chicken Wings 500g,£3.48,(£6.96/kg),fresh_food,meat_poultry,2025-05-29
ASDA Succulent Extra Tasty Small Chicken 1.250kg,£4.48,(£3.58/kg),fresh_food,meat_poultry,2025-05-29
SUMMER GRILL by ASDA Fragrant Tikka Chicken Breast Steaks,£4.34,(£11.42/kg),fresh_food,meat_poultry,2025-05-29
SUMMER GRILL by ASDA Slow Cooked Sweet Chilli Glazed Chicken Wings 300g,£2.48,(£8.27/kg),fresh_food,meat_poultry,2025-05-29
Fridge Raiders Slow Roasted Chicken Bites 165g,£1.98,(£1.20/100g),fresh_food,meat_poultry,2025-05-29
ASDA Succulent Chicken Drumsticks,£2.26,(£2.05/kg),fresh_food,meat_poultry,2025-05-29
ASDA Flavourful Reduced Fat Beef Steak Mince (Typically Less Than 12% Fat),£3.94,(£7.88/kg),fresh_food,meat_poultry,2025-05-29
ASDA Flavourful Lean Beef Steak Mince (Typically Less Than 5% Fat),£2.54,(£10.16/kg),fresh_food,meat_poultry,2025-05-29
ASDA Tender Lean Diced Beef,£7.92,(£11.31/kg),fresh_food,meat_poultry,2025-05-29
ASDA Tender Beef Stir-Fry Strips,£4.70,(£15.67/kg),fresh_food,meat_poultry,2025-05-29
ASDA Rich Beef & Pork Mince (Typically Less Than 23% Fat),£4.88,(£6.51/kg),fresh_food,meat_poultry,2025-05-29
ASDA Flavourful Reduced Fat Beef Steak Mince 1kg,£7.67,(£7.67/kg),fresh_food,meat_poultry,2025-05-29
ASDA Tender Medium Beef Roasting Joint (Typically 1kg),£16.14,(£16.14/kg),fresh_food,meat_poultry,2025-05-29
ASDA Tender Small Beef Roasting Joint,£6.88,(£13.76/kg),fresh_food,meat_poultry,2025-05-29
Exceptional by ASDA 4 Beef Dripping Yorkshire Puddings 192g,£1.98,(£10.31/kg),fresh_food,meat_poultry,2025-05-29
Exceptional by ASDA British Beef Topside Roasting Joint (Typically 1.4kg),£23.77,(£16.98/kg),fresh_food,meat_poultry,2025-05-29
ASDA Tender Beef Roasting Joint (Typically 2kg),£23.96,"was  
£13.28 /kg",fresh_food,meat_poultry,2025-05-29
ASDA Flavourful Lean Beef Steak Mince (Typically Less Than 5% Fat),£4.49,(£8.98/kg),fresh_food,meat_poultry,2025-05-29
ASDA Tender Lean Diced Beef,£3.72,(£14.88/kg),fresh_food,meat_poultry,2025-05-29
ASDA Full-Flavoured 20 Mini Beef Meatballs 340g,£3.34,(£9.82/kg),fresh_food,meat_poultry,2025-05-29
JUST ESSENTIALS by ASDA Beef Mince 500g,£2.99,(£5.98/kg),fresh_food,meat_poultry,2025-05-29
ASDA Thin Cut Beef Steaks 400g,£4.08,(£10.20/kg),fresh_food,meat_poultry,2025-05-29
SUMMER GRILL by ASDA Succulent 4 Quarter Pounder Beef Burgers,£3.32,(£7.31/kg),fresh_food,meat_poultry,2025-05-29
ASDA Full-Flavoured 24 Beef Meatballs 672g,£5.46,(£8.12/kg),fresh_food,meat_poultry,2025-05-29
JUST ESSENTIALS by ASDA Beef Roasting Joint (Typically 1.4KG),£12.59,(£8.99/kg),fresh_food,meat_poultry,2025-05-29
ASDA Tender Lean Diced Beef,£4.74,(£11.85/kg),fresh_food,meat_poultry,2025-05-29
ASDA Butcher's Selection Beef Mince (Typically Less Than 20% Fat),£3.28,(£6.56/kg),fresh_food,meat_poultry,2025-05-29
JUST ESSENTIALS by ASDA Beef Steak,£2.99,(£17.59/kg),fresh_food,meat_poultry,2025-05-29
ASDA Flavourful Lean Beef Steak Mince (Typically Less Than 5% Fat),£8.64,(£8.64/kg),fresh_food,meat_poultry,2025-05-29
ASDA Rump Beef Steak 255g,£4.98,(£19.53/kg),fresh_food,meat_poultry,2025-05-29
ASDA Sirloin Beef Steak 227g,£6.64,(£29.25/kg),fresh_food,meat_poultry,2025-05-29
ASDA Full-Flavoured 12 Reduced Fat Beef Meatballs,£3.74,(£11.00/kg),fresh_food,meat_poultry,2025-05-29
ASDA Tender Beef Braising Steak,£4.59,(£11.47/kg),fresh_food,meat_poultry,2025-05-29
ASDA Medallion Beef Steaks,£4.76,(£14.00/kg),fresh_food,meat_poultry,2025-05-29
ASDA Full-Flavoured 12 Beef Meatballs,£3.34,(£9.82/kg),fresh_food,meat_poultry,2025-05-29
SUMMER GRILL by ASDA Smoky 6 BBQ Beef Koftas 360g,£4.48,(£12.44/kg),fresh_food,meat_poultry,2025-05-29
Exceptional by ASDA Aberdeen Angus Thick Cut 11oz Rump Steak,£6.13,(£19.16/kg),fresh_food,meat_poultry,2025-05-29
ASDA Succulent Short Rib (Typically 1kg),£8.50,(£8.50/kg),fresh_food,meat_poultry,2025-05-29
ASDA Beef Ribeye Steak 227g,£6.84,(£30.13/kg),fresh_food,meat_poultry,2025-05-29
TGI Fridays BBQ Beef Brisket 400g,£5.48,(£13.70/kg),fresh_food,meat_poultry,2025-05-29
ASDA Large Rolled Beef Brisket (Typically 1.1kg),£15.14,(£13.76/kg),fresh_food,meat_poultry,2025-05-29
SUMMER GRILL by ASDA Succulent 4 Reduced Fat Beef Burgers 454g,£4.24,(£9.34/kg),fresh_food,meat_poultry,2025-05-29
Exceptional by ASDA 12 Aberdeen Angus Beef Steak Meatballs 340g,£3.98,(£11.71/kg),fresh_food,meat_poultry,2025-05-29
Exceptional by ASDA Creamy Three Peppercorn Sauce 150g,£1.58,(£1.05/100g),fresh_food,meat_poultry,2025-05-29
Exceptional by ASDA 2 Aberdeen Angus Beef Steak Burgers 340g,£4.24,(£12.47/kg),fresh_food,meat_poultry,2025-05-29
Exceptional by ASDA 4 British Salt & Cracked Black Pepper Beef Burgers 454g,£4.98,(£10.97/kg),fresh_food,meat_poultry,2025-05-29
SUMMER GRILL by ASDA Tasty 6 Sweet Chilli Beef Koftas 360g,£4.48,(£12.44/kg),fresh_food,meat_poultry,2025-05-29
Exceptional by ASDA British Aberdeen Angus Lean Beef Mince,£5.36,(£10.72/kg),fresh_food,meat_poultry,2025-05-29
SUMMER GRILL by ASDA Flavoursome 8 Smash Beef Burgers 680g,£5.98,(£8.79/kg),fresh_food,meat_poultry,2025-05-29
ASDA Diane Sauce 180g,£1.34,(74.4p/100g),fresh_food,meat_poultry,2025-05-29
Exceptional by ASDA Creamy Wild Mushroom Sauce 150g,£1.58,(£1.05/100g),fresh_food,meat_poultry,2025-05-29
The Real Yorkshire Pudding Co. 6 Yorkshire Puddings 132g,£1.63,(£12.35/kg),fresh_food,meat_poultry,2025-05-29
Exceptional by ASDA 12 Italian Inspired Meatballs 340g,£3.98,(£11.71/kg),fresh_food,meat_poultry,2025-05-29
Exceptional by ASDA British Aberdeen Angus Diced Beef,£5.78,(£16.51/kg),fresh_food,meat_poultry,2025-05-29
ASDA Slow Cooked Bourbon BBQ Boneless Beef Ribs 500g,£6.02,(£12.04/kg),fresh_food,meat_poultry,2025-05-29
SUMMER GRILL by ASDA 8 Quarter Pounder Beef Burgers 908g,£6.98,(£7.69/kg),fresh_food,meat_poultry,2025-05-29
Exceptional by ASDA Aberdeen Angus 8oz Ribeye Steak,£8.28,(£36.48/kg),fresh_food,meat_poultry,2025-05-29
The Real Yorkshire Pudding Co. 4 Large Gluten Free Yorkshire Puddings 160g,£2.22,(£13.88/kg),fresh_food,meat_poultry,2025-05-29
Exceptional by ASDA Aberdeen Angus Thick Cut 11oz Sirloin Steak,£7.96,(£24.88/kg),fresh_food,meat_poultry,2025-05-29
Shazans Beef Steak 340g,£4.98,(£14.65/kg),fresh_food,meat_poultry,2025-05-29
Exceptional by ASDA British Fillet Steak,£12.98,(£59.00/kg),fresh_food,meat_poultry,2025-05-29
Exceptional by ASDA British 4 Smoky Beef Brisket Steak Burgers 454g,£4.98,(£10.97/kg),fresh_food,meat_poultry,2025-05-29
ASDA Rich Beef Gravy 450g,£1.98,(44.0p/100ml),fresh_food,meat_poultry,2025-05-29
ASDA Fillet Beef Steak,£9.32,(£43.98/kg),fresh_food,meat_poultry,2025-05-29
Exceptional by ASDA British 4 MONTEREY JACK & JALAPEÑO BEEF STEAK BURGERS 454g,£4.98,(£10.97/kg),fresh_food,meat_poultry,2025-05-29
The Real Yorkshire Pudding Co. 6 Proper Tasty Yorkshire Puddings 228g,£2.22,(£9.74/kg),fresh_food,meat_poultry,2025-05-29
Exceptional by ASDA Aberdeen Angus Grass & Forage Fed 10oz Sirloin Steak,£12.48,(£43.94/kg),fresh_food,meat_poultry,2025-05-29
Shazans 4 Quarter Pound Beef Burgers,£4.86,(£10.70/kg),fresh_food,meat_poultry,2025-05-29
Shazans Halal Beef Mince (Typically Less Than 20% Fat),£5.27,(£10.54/kg),fresh_food,meat_poultry,2025-05-29
Exceptional by ASDA Aberdeen Angus 8oz Sirloin Steak,£7.48,(£32.95/kg),fresh_food,meat_poultry,2025-05-29
Exceptional by ASDA Aberdeen Angus 8oz Sirloin Steak with Wild Garlic & Parsley Butter,£6.98,(£28.26/kg),fresh_food,meat_poultry,2025-05-29
Exceptional by ASDA British Aberdeen Angus Grass & Forage Fed Fillet Steak (Typically 220g),£13.20,(£59.98/kg),fresh_food,meat_poultry,2025-05-29
Exceptional by ASDA Red Wine & Shallot Sauce 200g,£1.88,(£9.40/kg),fresh_food,meat_poultry,2025-05-29
ASDA Slow Cooked Mexican Inspired Pulled Beef Barbacoa 370g,£3.98,(£10.76/kg),fresh_food,meat_poultry,2025-05-29
Exceptional by ASDA Aberdeen Angus 9oz Rump Steak,£6.48,(£25.41/kg),fresh_food,meat_poultry,2025-05-29
HECK 12 Steak & Butter Meatballs 300g,£3.75,(£12.50/kg),fresh_food,meat_poultry,2025-05-29
ASDA Rump Thick Cut Beef Steak 450g,£8.42,(£18.71/kg),fresh_food,meat_poultry,2025-05-29
Exceptional by ASDA Aberdeen Angus Grass & Forage Fed 10oz Rump Steak,£9.78,(£34.44/kg),fresh_food,meat_poultry,2025-05-29
Exceptional by ASDA Aberdeen Angus Grass & Forage Fed 10oz Ribeye Steak,£13.18,(£46.41/kg),fresh_food,meat_poultry,2025-05-29
ASDA Sirloin Thin Cut 2 Beef Steaks,£9.28,(£29.94/kg),fresh_food,meat_poultry,2025-05-29
Exceptional by ASDA 4 Vintage Cheddar Beef Steak Burgers 454g,£4.48,(£9.87/kg),fresh_food,meat_poultry,2025-05-29
Smorgasbord Swedish Meatballs,£2.98,(£7.45/kg),fresh_food,meat_poultry,2025-05-29
Exceptional by ASDA Rich Stilton & White Port Sauce 150g,£1.58,(£1.05/100g),fresh_food,meat_poultry,2025-05-29
Exceptional by ASDA British 4 Caramelised Red Onion Beef Steak Burgers 454g,£4.48,(£9.87/kg),fresh_food,meat_poultry,2025-05-29
Exceptional by ASDA British 2 BEEF STEAK BURGERS 400g,£4.98,(£12.45/kg),fresh_food,meat_poultry,2025-05-29
ASDA Tender Beef Joint with Salt & Pepper Butter 520g,£6.88,(£13.23/kg),fresh_food,meat_poultry,2025-05-29
ASDA Rump Beef Steak with a Peppercorn Butter 240g,£5.48,(£22.83/kg),fresh_food,meat_poultry,2025-05-29
SUMMER GRILL by ASDA 2 Quarter Pounder Beef Burgers 227g,£2.48,(£10.93/kg),fresh_food,meat_poultry,2025-05-29
ASDA Slow Cooked Korean Inspired Beef Brisket 405g,£3.98,(£9.83/kg),fresh_food,meat_poultry,2025-05-29
George Home Grey Ceramic Roaster 41cm,£8.00,(£8.00/each),fresh_food,meat_poultry,2025-05-29
George Home Ceramic Roasting Dish 20cm,£3.00,(£3.00/each),fresh_food,meat_poultry,2025-05-29
George Home Silver Stainless Steel 2-Piece Roaster Set,£12.00,(£12.00/each),fresh_food,meat_poultry,2025-05-29
George Home Glass Roaster,£6.00,(£6.00/each),fresh_food,meat_poultry,2025-05-29
George Home Teal Non-Stick Retro Roaster - 41cm,£8.00,(£8.00/each),fresh_food,meat_poultry,2025-05-29
George Home Roaster,£4.50,(£4.50/each),fresh_food,meat_poultry,2025-05-29
George Home Grey Ceramic 3-Piece Roaster Set,£12.00,(£12.00/each),fresh_food,meat_poultry,2025-05-29
George Home Excellence Non-Stick Black Roaster,£8.00,(£8.00/each),fresh_food,meat_poultry,2025-05-29
Scoville Neverstick 26cm Roasting Tray,£12.00,(£12.00/each),fresh_food,meat_poultry,2025-05-29
Scoville Glasslux 2.2L Rectangular Dish With Lid,£6.50,(£6.50/each),fresh_food,meat_poultry,2025-05-29
George Home Ceramic White Roaster,£5.00,(£5.00/each),fresh_food,meat_poultry,2025-05-29
George Home Glass Pie Dish,£3.50,(£3.50/each),fresh_food,meat_poultry,2025-05-29
George Home Ceramic Grey Roaster 20cm,£3.50,(£3.50/each),fresh_food,meat_poultry,2025-05-29
Pyrex Glass Roaster Set,£15.00,(£15.00/each),fresh_food,meat_poultry,2025-05-29
George Home White Enamel Roaster - Set of 2,£12.00,(£12.00/each),fresh_food,meat_poultry,2025-05-29
Scoville Expert 35cm Roaster,£10.97,(£10.97/each),fresh_food,meat_poultry,2025-05-29
George Home Ceramic Roasting Dish 26cm,£4.00,(£4.00/each),fresh_food,meat_poultry,2025-05-29
George Home Glass Roaster With Clip Lid 3 Pack,£9.50,(£9.50/each),fresh_food,meat_poultry,2025-05-29
Disney Stitch Roaster,£3.98,(£3.98/each),fresh_food,meat_poultry,2025-05-29
George Home Non-Stick Grey Roaster,£2.00,(£2.00/each),fresh_food,meat_poultry,2025-05-29
George Home Clear Clip Lid Glass Roaster 25.5cm,£6.00,(£6.00/each),fresh_food,meat_poultry,2025-05-29
Gino D'Acampo 33cm Roaster,£7.00,(£7.00/each),fresh_food,meat_poultry,2025-05-29
George Home Clear Glass 3-Piece Roaster Set,£10.00,(£3.33/each),fresh_food,meat_poultry,2025-05-29
George Home Black Barbican Roasters - Set of 2,£16.00,(£8.00/each),fresh_food,meat_poultry,2025-05-29
Gino D'Acampo 39cm Roaster,£4.97,(£4.97/each),fresh_food,meat_poultry,2025-05-29
George Home Glass Roaster with clip lid 1L,£2.73,(£2.73/each),fresh_food,meat_poultry,2025-05-29
George Home Blue & White Pure Roaster - Set of 3,£12.00,(£4.00/each),fresh_food,meat_poultry,2025-05-29
George Home Bakeware Set,£11.50,(£11.50/each),fresh_food,meat_poultry,2025-05-29
Scoville Roaster,£20.00,(£20.00/each),fresh_food,meat_poultry,2025-05-29
George Home Glass Roaster,£5.00,(£5.00/each),fresh_food,meat_poultry,2025-05-29
Scoville Expert Neverstick+ 30cm Deep Baking Tray,£9.92,(£9.92/each),fresh_food,meat_poultry,2025-05-29
George Home Glass Roasters,£7.00,(£7.00/each),fresh_food,meat_poultry,2025-05-29
Scoville Ceramics 3 Piece Roaster Set,£25.00,(£25.00/each),fresh_food,meat_poultry,2025-05-29
Scoville Neverstick Medium Roaster,£14.00,(£14.00/each),fresh_food,meat_poultry,2025-05-29
George Home Glass Roaster with clip lid 0.65L,£1.93,(£1.93/each),fresh_food,meat_poultry,2025-05-29
Tefal Non-Stick Roaster 33cm,£12.00,(£12.00/each),fresh_food,meat_poultry,2025-05-29
George Home Glass Roaster with clip lid 1.5L,£4.50,(£4.50/each),fresh_food,meat_poultry,2025-05-29
George Home Grey Non-Stick Roasters - Set of 2,£4.50,(£4.50/each),fresh_food,meat_poultry,2025-05-29
George Home Teal Non-Stick Retro Roaster - 20cm,£3.50,(£3.50/each),fresh_food,meat_poultry,2025-05-29
George Home Roaster,£5.50,(£5.50/each),fresh_food,meat_poultry,2025-05-29
George Home Pudding Moulds,£3.50,(87.5p/each),fresh_food,meat_poultry,2025-05-29
Scoville Glasslux 2.7L Rectangular Roaster,£6.00,(£6.00/each),fresh_food,meat_poultry,2025-05-29
Gino D'Acampo 33cm Roaster,£7.00,(£7.00/each),fresh_food,meat_poultry,2025-05-29
George Home Glass Roasters,£7.00,(£7.00/each),fresh_food,meat_poultry,2025-05-29
Scoville Expert Neverstick+ 30cm Deep Baking Tray,£9.92,(£9.92/each),fresh_food,meat_poultry,2025-05-29
George Home Bakeware Set,£11.50,(£11.50/each),fresh_food,meat_poultry,2025-05-29
Scoville Ceramics 3 Piece Roaster Set,£25.00,(£25.00/each),fresh_food,meat_poultry,2025-05-29
George Home Roaster and Rack with Handle,£10.00,(£10.00/each),fresh_food,meat_poultry,2025-05-29
George Home Non-Stick Loose Based Quiche Tin,£3.50,(£3.50/each),fresh_food,meat_poultry,2025-05-29
George Home Ceramic Roasting Dish 41cm,£7.00,(£7.00/each),fresh_food,meat_poultry,2025-05-29
George Home Roaster,£12.00,(£12.00/each),fresh_food,meat_poultry,2025-05-29
Scoville Glasslux 1.4L Rectangular Dish With Lid,£5.00,(£5.00/each),fresh_food,meat_poultry,2025-05-29
Scoville Ceramics 30cm Roaster,£10.00,(£10.00/each),fresh_food,meat_poultry,2025-05-29
George Home Enamel Roasting Tray,£6.00,(£6.00/each),fresh_food,meat_poultry,2025-05-29
Exceptional by ASDA 4 Cheese & Bacon Hot Dog Sausages 400g,£2.98,(£7.45/kg),fresh_food,meat_poultry,2025-05-29
ASDA Delicious 2 Unsmoked Gammon Steaks 450g,£3.98,(£8.84/kg),fresh_food,meat_poultry,2025-05-29
The Bury Black Pudding Company Black Pudding Slices,£0.98,(£4.26/kg),fresh_food,meat_poultry,2025-05-29
ASDA Delicious 2 Unsmoked Mini Gammon Steaks 250g,£1.98,(£7.92/kg),fresh_food,meat_poultry,2025-05-29
ASDA 2 Smoked Mini Gammon Steaks 250g,£1.98,(£7.92/kg),fresh_food,meat_poultry,2025-05-29
Richmond 8 Thick Pork Sausages,£1.42,(£3.46/kg),fresh_food,meat_poultry,2025-05-29
SUMMER GRILL by ASDA 14 Flavourful Jumbo Pork Sausages 1kg,£3.48,(£3.48/kg),fresh_food,meat_poultry,2025-05-29
ASDA Flavoursome 2 Smoked Gammon Steaks 450g,£3.98,(£8.84/kg),fresh_food,meat_poultry,2025-05-29
Better Naked 6 Pork Sausages 400g,£2.48,(£6.20/kg),fresh_food,meat_poultry,2025-05-29
HECK 6 97% Pork Sausages,£2.37,(£5.92/kg),fresh_food,meat_poultry,2025-05-29
HECK 10 Spring Chicken Sausages,£2.37,(£6.97/kg),fresh_food,meat_poultry,2025-05-29
The Jolly Hog Proper Porker Sausages,£2.68,(£6.70/kg),fresh_food,meat_poultry,2025-05-29
The Jolly Hog 6 Outdoor Bred Smoked Back Bacon British Rashers 200g,£2.33,(£11.65/kg),fresh_food,meat_poultry,2025-05-29
This Isn't Bacon Rashers 120g,£2.94,(£24.50/kg),fresh_food,meat_poultry,2025-05-29
Richmond Extra Tasty 6 Caramelised Red Onion Pork Sausages 400g,£2.88,(£7.20/kg),fresh_food,meat_poultry,2025-05-29
Tahira Hot Dog,£2.26,(45.2p/100g),fresh_food,meat_poultry,2025-05-29
The Bury Black Pudding Company Vegetarian and Vegan Black Pudding Roll,£1.28,(£5.82/kg),fresh_food,meat_poultry,2025-05-29
The Jolly Hog 6 Outdoor Bred Unsmoked Back Bacon British Rashers 200g,£2.33,(£11.65/kg),fresh_food,meat_poultry,2025-05-29
HECK 6 Smoky Chicken Sausage Rashers 300g,£2.37,(£7.90/kg),fresh_food,meat_poultry,2025-05-29
The Jolly Hog 6 British Pork Sausages with Caramelised Red Onions 400g,£2.68,(£6.70/kg),fresh_food,meat_poultry,2025-05-29
Scoville Expert 5 Piece Pan Set,£35.96,(£35.96/each),fresh_food,meat_poultry,2025-05-29
ASDA Peppery 8 Cumberland Pork Sausages,£1.79,(£3.94/kg),fresh_food,meat_poultry,2025-05-29
ASDA Delicious 10 Unsmoked Back Bacon Rashers 300g,£1.89,(£6.30/kg),fresh_food,meat_poultry,2025-05-29
ASDA Delicious Unsmoked Gammon Joint,£4.14,(£5.52/kg),fresh_food,meat_poultry,2025-05-29
ASDA Delicious 24 Unsmoked Back Bacon Rashers 2 x 350g (700g),£3.98,(£5.69/kg),fresh_food,meat_poultry,2025-05-29
ASDA Flavoursome 10 Smoked Back Bacon Rashers 300g,£1.89,(£6.30/kg),fresh_food,meat_poultry,2025-05-29
ASDA Flavoursome 24 Smoked Back Bacon Rashers 2 x 350g (700g),£3.98,(£5.69/kg),fresh_food,meat_poultry,2025-05-29
JUST ESSENTIALS by ASDA Cooking Bacon 500g,£1.00,(£2.00/kg),fresh_food,meat_poultry,2025-05-29
ASDA Just Essentials Unsmoked Gammon Joint 1.180kg,£4.29,(£4.29/kg),fresh_food,meat_poultry,2025-05-29
ASDA 8 Flavourful Pork Sausages 454g,£1.79,(£3.94/kg),fresh_food,meat_poultry,2025-05-29
ASDA Flavoursome Smoked Gammon Joint,£4.14,(£5.52/kg),fresh_food,meat_poultry,2025-05-29
Exceptional by ASDA 12 Classic Pork Chipolata Sausages 375g,£2.98,(£7.95/kg),fresh_food,meat_poultry,2025-05-29
Richmond 12 Thick Pork Sausages,£3.13,(£5.09/kg),fresh_food,meat_poultry,2025-05-29
ASDA Herby 8 Lincolnshire Pork Sausages,£1.79,(£3.94/kg),fresh_food,meat_poultry,2025-05-29
ASDA Delicious 16* Unsmoked Streaky Bacon Rashers,£2.47,(£8.23/kg),fresh_food,meat_poultry,2025-05-29
Exceptional by ASDA 6 Classic Pork Sausages 400g,£2.98,(£7.45/kg),fresh_food,meat_poultry,2025-05-29
ASDA Delicious 2 Unsmoked Gammon Steaks,£2.74,(£9.13/kg),fresh_food,meat_poultry,2025-05-29
JUST ESSENTIALS by ASDA Smoked Back Bacon 300g,£1.45,(£4.83/kg),fresh_food,meat_poultry,2025-05-29
ASDA Flavourful 8 Reduced Fat Pork Sausages,£1.79,(£4.47/kg),fresh_food,meat_poultry,2025-05-29
ASDA Flavoursome 16* Smoked Streaky Bacon Rashers,£2.47,(£8.23/kg),fresh_food,meat_poultry,2025-05-29
ASDA 12 Pork Chipolata Sausages 340g,£1.79,(£5.26/kg),fresh_food,meat_poultry,2025-05-29
ASDA 12 Thick Cut Smoked Back Bacon Rashers,£2.98,(£5.96/kg),fresh_food,meat_poultry,2025-05-29
ASDA Cocktail Pork Sausages,£1.34,(95.7p/100g),fresh_food,meat_poultry,2025-05-29
ASDA 12 Pigs in Blankets 222g,£2.68,(£12.07/kg),fresh_food,meat_poultry,2025-05-29
ASDA Seasoned Pork Sausage Meat 400g,£2.61,(£6.53/kg),fresh_food,meat_poultry,2025-05-29
Exceptional by ASDA 6 Caramelised Red Onion Pork Sausages 400g,£2.98,(£7.45/kg),fresh_food,meat_poultry,2025-05-29
JUST ESSENTIALS by ASDA Unsmoked Back Bacon 300g,£1.45,(£4.83/kg),fresh_food,meat_poultry,2025-05-29
ASDA Diced Smoked Pancetta,£2.38,(£1.49/100g),fresh_food,meat_poultry,2025-05-29
JUST ESSENTIALS by ASDA 8 Pork Sausages,£1.69,(£3.72/kg),fresh_food,meat_poultry,2025-05-29
Exceptional by ASDA 20 Classic Pork Chipolata Sausages 625g,£4.13,(£6.61/kg),fresh_food,meat_poultry,2025-05-29
Exceptional by ASDA 6 Cumberland Pork Sausages 400g,£2.98,(£7.45/kg),fresh_food,meat_poultry,2025-05-29
Exceptional by ASDA 10 Classic Pork Sausages 667g,£4.13,(£6.19/kg),fresh_food,meat_poultry,2025-05-29
ASDA 6 Thick Cut Unsmoked Back Bacon Rashers 300g,£1.89,(£6.30/kg),fresh_food,meat_poultry,2025-05-29
ASDA Diced Pancetta,£2.38,(£1.49/100g),fresh_food,meat_poultry,2025-05-29
Exceptional by ASDA 6 Triple Chilli Pork Sausages 400g,£2.98,(£7.45/kg),fresh_food,meat_poultry,2025-05-29
Exceptional by ASDA 12 Cumberland Pork Chipolata Sausages with Cracked Black Pepper 375g,£2.98,(£7.95/kg),fresh_food,meat_poultry,2025-05-29
,,,fresh_food,meat_poultry,2025-05-29
,,,fresh_food,meat_poultry,2025-05-29
,,,fresh_food,meat_poultry,2025-05-29
,,,fresh_food,meat_poultry,2025-05-29
,,,fresh_food,meat_poultry,2025-05-29
,,,fresh_food,meat_poultry,2025-05-29
Exceptional by ASDA 4 Cheese & Bacon Hot Dog Sausages 400g,£2.98,(£7.45/kg),fresh_food,meat_poultry,2025-05-29
Exceptional by ASDA 6 Triple Chilli Pork Sausages 400g,£2.98,(£7.45/kg),fresh_food,meat_poultry,2025-05-29
Exceptional by ASDA 8 Dry Cured Oak Smoked Back Bacon Rashers 240g,£3.24,(£13.50/kg),fresh_food,meat_poultry,2025-05-29
ASDA Diced Pancetta,£2.38,(£1.49/100g),fresh_food,meat_poultry,2025-05-29
Exceptional by ASDA 6 Lincolnshire Pork Sausages 400g,£2.98,(£7.45/kg),fresh_food,meat_poultry,2025-05-29
Richmond 12 Skinless Pork Sausages 319g,£2.28,(£7.15/kg),fresh_food,meat_poultry,2025-05-29
The Bury Black Pudding Company Traditional Bury Black Pudding,£1.28,(£5.82/kg),fresh_food,meat_poultry,2025-05-29
Richmond 20 Thick Pork Sausages,£3.98,(£3.88/kg),fresh_food,meat_poultry,2025-05-29
Exceptional by ASDA 20 Classic Pork Chipolata Sausages 625g,£4.13,(£6.61/kg),fresh_food,meat_poultry,2025-05-29
Exceptional by ASDA 6 Bacon & Maple Syrup Pork Sausages 400g,£2.98,(£7.45/kg),fresh_food,meat_poultry,2025-05-29
ASDA Flavoursome 6 Thick Cut Smoked Back Bacon Rashers 300g,£1.89,(£6.30/kg),fresh_food,meat_poultry,2025-05-29
Exceptional by ASDA 12 Cumberland Pork Chipolata Sausages with Cracked Black Pepper 375g,£2.98,(£7.95/kg),fresh_food,meat_poultry,2025-05-29
Exceptional by ASDA 10 Garlic & Herb Pork Chipolata Sausages 340g,£2.98,(£8.76/kg),fresh_food,meat_poultry,2025-05-29
ASDA Delicious 10 Unsmoked Reduced Fat Bacon Medallions,£3.56,(£11.87/kg),fresh_food,meat_poultry,2025-05-29
HECK Simply Chicken Chipolatas Sausages,£3.18,(£9.35/kg),fresh_food,meat_poultry,2025-05-29
Exceptional by ASDA 8 Unsmoked Back Bacon Rashers 240g,£3.24,(£13.50/kg),fresh_food,meat_poultry,2025-05-29
Exceptional by ASDA 6 Parmesan Roasted Tomato & Mozzarella Pork Sausages 340g,£2.98,(£8.76/kg),fresh_food,meat_poultry,2025-05-29
Exceptional by ASDA 2 Unsmoked Gammon Steaks 370g,£4.16,(£11.24/kg),fresh_food,meat_poultry,2025-05-29
Krakus Kie?basa Podsuszana 260g,£3.30,(£1.27/100g),fresh_food,meat_poultry,2025-05-29
ASDA Flavoursome 10 Reduced Fat Smoked Bacon Medallions,£3.56,(£11.87/kg),fresh_food,meat_poultry,2025-05-29
Exceptional by ASDA Dry Cured Oak Smoked Bacon Lardons 2 x 90g (180g),£3.24,(£18.00/kg),fresh_food,meat_poultry,2025-05-29
Clonakilty White Pudding,£2.50,(£8.93/kg),fresh_food,meat_poultry,2025-05-29
ASDA 10 Unsmoked Back Bacon Rashers Stock Up Bundle,£7.56,null,fresh_food,meat_poultry,2025-05-29
ASDA Delicious Unsmoked Gammon Joint 1.3kg,£8.08,(£6.22/kg),fresh_food,meat_poultry,2025-05-29
Exceptional by ASDA 8 Unsmoked Bacon Medallions 200g,£3.24,(£16.20/kg),fresh_food,meat_poultry,2025-05-29
Exceptional by ASDA 14 Dry Cured Oak Smoked Streaky Bacon Rashers 200g,£3.24,(£16.20/kg),fresh_food,meat_poultry,2025-05-29
Richmond 8 Vegan Meat Free Streaky Bacon Rashers,£2.28,(£19.00/kg),fresh_food,meat_poultry,2025-05-29
Richmond 8 Vegan Meat Free Sausages,£2.28,(£7.50/kg),fresh_food,meat_poultry,2025-05-29
Exceptional by ASDA 20 Dry Cured Oak Smoked Streaky Bacon 180g,£3.24,(£18.00/kg),fresh_food,meat_poultry,2025-05-29
ASDA 16 Unsmoked Back Bacon Rashers,£3.08,(£6.16/kg),fresh_food,meat_poultry,2025-05-29
Exceptional by ASDA 10 Caramelised Red Onion Pork Sausages 667g,£4.13,(£6.19/kg),fresh_food,meat_poultry,2025-05-29
Mattessons 6 Turkey Rashers Unsmoked 150g,£2.47,(£16.47/kg),fresh_food,meat_poultry,2025-05-29
Exceptional by ASDA 8 Oak Smoked Back Bacon Rashers 240g,£3.24,(£13.50/kg),fresh_food,meat_poultry,2025-05-29
ASDA 8 Succulent Turkey Sausages,£3.22,(£7.09/kg),fresh_food,meat_poultry,2025-05-29
Better Naked Bacon 6 Unsmoked Back Bacon Rashers,£1.98,(£9.90/kg),fresh_food,meat_poultry,2025-05-29
Richmond 12 Thin Pork Sausages,£2.28,(£6.71/kg),fresh_food,meat_poultry,2025-05-29
Clonakilty Black & White Pudding,£2.75,(£10.58/kg),fresh_food,meat_poultry,2025-05-29
OMV! Deliciously Vegan 10 No Bacon Rashers 180g,£2.20,(£12.22/kg),fresh_food,meat_poultry,2025-05-29
George Home Black Barbican Pans - Set of 5,£65.00,(£65.00/each),fresh_food,meat_poultry,2025-05-29
ASDA 12 Tasty Smoked Streaky Bacon Rashers Nitrate Free200g,£2.94,(£14.70/kg),fresh_food,meat_poultry,2025-05-29
Bisto & Heck Sausage with Extra Special Mash Bundle (Serves 2),£5.63,null,fresh_food,meat_poultry,2025-05-29
George Home Saute Pan,£18.00,(£18.00/each),fresh_food,meat_poultry,2025-05-29
Mattessons 6 Turkey Rashers Lightly Smoked 150g,£2.47,(£16.47/kg),fresh_food,meat_poultry,2025-05-29
JML Copper Stone Pan 28 cm,£29.97,(£29.97/each),fresh_food,meat_poultry,2025-05-29
SUMMER GRILL by ASDA Smoky 8 BBQ Pork Sausages 454g,£1.79,(£3.94/kg),fresh_food,meat_poultry,2025-05-29
Exceptional by ASDA 6 Unsmoked Back Bacon Rashers Thick Cut 240g,£3.24,(£13.50/kg),fresh_food,meat_poultry,2025-05-29
Exceptional by ASDA 14 Dry Cured Unsmoked Streaky Bacon Rashers 200g,£3.24,(£16.20/kg),fresh_food,meat_poultry,2025-05-29
George Home Marble Soft Grip Pan Set 5 Piece,£45.00,(£45.00/each),fresh_food,meat_poultry,2025-05-29
ASDA Delicious Lean Unsmoked Diced Bacon 2 x 155g (310g),£3.33,(£10.74/kg),fresh_food,meat_poultry,2025-05-29
Exceptional by ASDA 4 New York Style Hot Dog Sausages 400g,£2.98,(£7.45/kg),fresh_food,meat_poultry,2025-05-29
Exceptional by ASDA 8 Wiltshire Cured Unsmoked Bacon Rashers 240g,£3.24,(£13.50/kg),fresh_food,meat_poultry,2025-05-29
Exceptional by ASDA 14 Dry Cured Oak Smoked Streaky Bacon Rashers 200g,£3.24,(£16.20/kg),fresh_food,meat_poultry,2025-05-29
Better Naked 6 Pork Sausages 400g,£2.48,(£6.20/kg),fresh_food,meat_poultry,2025-05-29
Exceptional by ASDA Dry Cured Oak Smoked Bacon Lardons 2 x 90g (180g),£3.24,(£18.00/kg),fresh_food,meat_poultry,2025-05-29
HECK 6 97% Pork Sausages,£2.37,(£5.92/kg),fresh_food,meat_poultry,2025-05-29
Exceptional by ASDA 6 Parmesan Roasted Tomato & Mozzarella Pork Sausages 340g,£2.98,(£8.76/kg),fresh_food,meat_poultry,2025-05-29
Exceptional by ASDA 8 Unsmoked Bacon Medallions 200g,£3.24,(£16.20/kg),fresh_food,meat_poultry,2025-05-29
Exceptional by ASDA 4 Cheese & Bacon Hot Dog Sausages 400g,£2.98,(£7.45/kg),fresh_food,meat_poultry,2025-05-29
George Home Marble Soft Grip Pan Set 5 Piece,£45.00,(£45.00/each),fresh_food,meat_poultry,2025-05-29
Exceptional by ASDA 14 Dry Cured Unsmoked Streaky Bacon Rashers 200g,£3.24,(£16.20/kg),fresh_food,meat_poultry,2025-05-29
Exceptional by ASDA 8 Wiltshire Cured Unsmoked Bacon Rashers 240g,£3.24,(£13.50/kg),fresh_food,meat_poultry,2025-05-29
SUMMER GRILL by ASDA 8 Sweet Chilli Pork Sausages 454g,£1.98,(£4.36/kg),fresh_food,meat_poultry,2025-05-29
Exceptional by ASDA 10 Cumberland Pork Sausages with Cracked Black Pepper 667g,£4.13,(£6.19/kg),fresh_food,meat_poultry,2025-05-29
ASDA Delicious 6 Unsmoked Back Bacon Rashers Nitrate Free 240g,£2.94,(£12.25/kg),fresh_food,meat_poultry,2025-05-29
ASDA 8 Flavourful Caramelised Onion Turkey Sausages,£3.22,(£7.09/kg),fresh_food,meat_poultry,2025-05-29
ASDA Flavoursome 6 Smoked Back Bacon Rashers Nitrate Free 240g,£2.94,(£12.25/kg),fresh_food,meat_poultry,2025-05-29
Exceptional by ASDA 6 Oak Smoked Back Bacon Rashers Thick Cut 240g,£3.24,(£13.50/kg),fresh_food,meat_poultry,2025-05-29
Clonakilty 8 Traditional Irish Pork Sausages,£1.65,(£7.27/kg),fresh_food,meat_poultry,2025-05-29
Tarczynski Tarczy?ski Ham Frankfurters 2 x 110g,£1.50,(£6.82/kg),fresh_food,meat_poultry,2025-05-29
ASDA 8 Succulent Chicken Sausages 454g,£2.65,(£5.84/kg),fresh_food,meat_poultry,2025-05-29
Exceptional by ASDA Dry Cured 2 Oak Smoked Gammon Steaks 370g,£4.16,(£11.24/kg),fresh_food,meat_poultry,2025-05-29
Exceptional by ASDA 8 Smoked Bacon Medallions 200g,£3.24,(£16.20/kg),fresh_food,meat_poultry,2025-05-29
Richmond 8 Vegan Meat Free Sage & Onion Sausages,£2.28,(£7.50/kg),fresh_food,meat_poultry,2025-05-29
JML Copper Stone Pan 20 cm,£19.97,(£19.97/each),fresh_food,meat_poultry,2025-05-29
Richmond 8 Roast Chicken Sausages 410g,£2.48,(£6.05/kg),fresh_food,meat_poultry,2025-05-29
HECK 6 97% Smoky Pork Sausage Rashers 300g,£2.98,(£9.93/kg),fresh_food,meat_poultry,2025-05-29
Clonakilty Black Pudding,£2.50,(£8.93/kg),fresh_food,meat_poultry,2025-05-29
Richmond Ready Baked 6 Pork Sausages 264g,£2.38,(£9.02/kg),fresh_food,meat_poultry,2025-05-29
JML Copper Stone Pan 24 cm,£24.97,(£24.97/each),fresh_food,meat_poultry,2025-05-29
Richmond Extra Tasty 6 Cumberland Pork Sausages 400g,£2.88,(£7.20/kg),fresh_food,meat_poultry,2025-05-29
Exceptional by ASDA 14 Sweet Dry Cured Oak Smoked Streaky Bacon Rashers 200g,£3.24,(£16.20/kg),fresh_food,meat_poultry,2025-05-29
ASDA Flavoursome Lean Smoked Diced Bacon 2 x 155g (310g),£3.33,(£10.74/kg),fresh_food,meat_poultry,2025-05-29
Exceptional by ASDA 6 Honey & Mustard Pork Sausages 400g,£2.98,(£7.45/kg),fresh_food,meat_poultry,2025-05-29
Exceptional by ASDA 14 Dry Cured Oak Smoked Streaky Bacon Rashers 200g,£3.24,(£16.20/kg),fresh_food,meat_poultry,2025-05-29
Better Naked 6 Pork Sausages 400g,£2.48,(£6.20/kg),fresh_food,meat_poultry,2025-05-29
Exceptional by ASDA Dry Cured Oak Smoked Bacon Lardons 2 x 90g (180g),£3.24,(£18.00/kg),fresh_food,meat_poultry,2025-05-29
HECK 6 97% Pork Sausages,£2.37,(£5.92/kg),fresh_food,meat_poultry,2025-05-29
Exceptional by ASDA 6 Parmesan Roasted Tomato & Mozzarella Pork Sausages 340g,£2.98,(£8.76/kg),fresh_food,meat_poultry,2025-05-29
Exceptional by ASDA 8 Unsmoked Bacon Medallions 200g,£3.24,(£16.20/kg),fresh_food,meat_poultry,2025-05-29
ASDA Tender Boneless & Rindless Pork Loin Joint 1kg,£4.74,(£4.74/kg),fresh_food,meat_poultry,2025-05-29
JUST ESSENTIALS by ASDA Pork Mince,£2.50,(£5.00/kg),fresh_food,meat_poultry,2025-05-29
ASDA 8 Pork Loin Steaks,£4.98,(£6.22/kg),fresh_food,meat_poultry,2025-05-29
ASDA Tender 4 Pork Shoulder Steaks,£4.98,(£7.11/kg),fresh_food,meat_poultry,2025-05-29
ASDA Succulent Pork Belly Slices,£4.08,(£8.16/kg),fresh_food,meat_poultry,2025-05-29
ASDA Sticky 6 Chinese Style Pork Loin Sizzle Steaks 600g,£3.98,(£6.63/kg),fresh_food,meat_poultry,2025-05-29
JUST ESSENTIALS by ASDA Pork Chops (Typically 0.780kg),£3.58,(£4.59/kg),fresh_food,meat_poultry,2025-05-29
SUMMER GRILL by ASDA Hot Honey Pork Belly Slices 400g,£3.98,(£9.95/kg),fresh_food,meat_poultry,2025-05-29
ASDA Smoky 6 BBQ Pork Loin Sizzle Steaks 600g,£3.98,(£6.63/kg),fresh_food,meat_poultry,2025-05-29
ASDA Tender 6 Pork Loin Steaks,£3.98,(£6.63/kg),fresh_food,meat_poultry,2025-05-29
ASDA Boneless Pork Leg Joint,£5.88,(£6.19/kg),fresh_food,meat_poultry,2025-05-29
ASDA 4 Flavoursome Garlic & Herb Pork Steaks 440g,£3.56,(£8.09/kg),fresh_food,meat_poultry,2025-05-29
ASDA 4 Chinese Pork Loin Steaks,£3.56,(£8.09/kg),fresh_food,meat_poultry,2025-05-29
ASDA Warming 6 Mediterranean Style Pork Loin Sizzle Steaks 600g,£3.98,(£6.63/kg),fresh_food,meat_poultry,2025-05-29
ASDA Flavourful Pork Mince 750g,£3.98,(£5.31/kg),fresh_food,meat_poultry,2025-05-29
SUMMER GRILL by ASDA 10 Maple BBQ Pork Loin Sizzle Steaks 1kg,£4.64,(£4.64/kg),fresh_food,meat_poultry,2025-05-29
ASDA Lean Pork Mince,£2.59,(£5.18/kg),fresh_food,meat_poultry,2025-05-29
ASDA Tender British Pork Ribs,£5.88,(£7.35/kg),fresh_food,meat_poultry,2025-05-29
JUST ESSENTIALS by ASDA Pork Belly Slices (Typically 0.785kg),£5.32,(£6.78/kg),fresh_food,meat_poultry,2025-05-29
ASDA Flavourful 4 Pork Sausage Patties,£1.88,(£7.83/kg),fresh_food,meat_poultry,2025-05-29
ASDA Sticky Korean Inspired Pork Belly Slices 400g,£4.98,(£12.45/kg),fresh_food,meat_poultry,2025-05-29
JUST ESSENTIALS by ASDA Pork Shoulder Joint (typically 2.04kg),£8.12,(£3.98/kg),fresh_food,meat_poultry,2025-05-29
ASDA Tender Boneless & Rindless Pork Loin Joint (Typically 1.700kg),£10.47,(£6.98/kg),fresh_food,meat_poultry,2025-05-29
TGI Fridays BBQ Pork Ribs 450g,£4.48,(£9.96/kg),fresh_food,meat_poultry,2025-05-29
ASDA BBQ Pulled Pork Slow Cooked 500g,£4.94,(£9.88/kg),fresh_food,meat_poultry,2025-05-29
SUMMER GRILL by ASDA Spicy Salt & Chilli Pork Belly Slices 800g,£6.98,(£8.72/kg),fresh_food,meat_poultry,2025-05-29
Exceptional by ASDA Yorkshire Bred 2 Thick Cut Pork Loin Steaks 481g,£4.54,(£9.44/kg),fresh_food,meat_poultry,2025-05-29
ASDA Rich Beef & Pork Mince (Typically Less Than 23% Fat),£4.88,(£6.51/kg),fresh_food,meat_poultry,2025-05-29
ASDA Succulent Pork Belly Joint,£5.60,(£7.00/kg),fresh_food,meat_poultry,2025-05-29
ASDA Delicious Tandoori Pork Belly Slices 800g,£6.98,(£8.72/kg),fresh_food,meat_poultry,2025-05-29
ASDA Sticky Japanese Style Pork Stir-Fry Kit,£4.34,(£7.23/kg),fresh_food,meat_poultry,2025-05-29
Exceptional by ASDA Crackling Pork Loin Joint 1030g,£7.98,(£7.75/kg),fresh_food,meat_poultry,2025-05-29
ASDA Roasting Boneless Pork Leg Joint (Typically 1.900kg),£11.36,(£5.98/kg),fresh_food,meat_poultry,2025-05-29
ASDA Succulent Boneless Pork Shoulder Joint (Typically 2.2kg),£10.46,(£4.98/kg),fresh_food,meat_poultry,2025-05-29
Exceptional by ASDA Yorkshire Bred 2 French Trimmed Pork Cutlets 545g,£5.00,(£9.17/kg),fresh_food,meat_poultry,2025-05-29
ASDA 4 Lean Pork Loin Medallions 400g,£3.98,(£9.95/kg),fresh_food,meat_poultry,2025-05-29
ASDA Creamy 2 Welsh Rarebit Bacon Loin Steaks 300g,£2.76,(£9.20/kg),fresh_food,meat_poultry,2025-05-29
TGI Fridays BBQ Pulled Pork 400g,£5.48,(£13.70/kg),fresh_food,meat_poultry,2025-05-29
ASDA Simple to Cook Tomato & Mozzarella Pork Meatballs 399g,£4.74,(£11.88/kg),fresh_food,meat_poultry,2025-05-29
SUMMER GRILL by ASDA Slow Cooked BBQ Pork Mini Ribs 300g,£2.48,(£8.27/kg),fresh_food,meat_poultry,2025-05-29
,,,fresh_food,meat_poultry,2025-05-29
,,,fresh_food,meat_poultry,2025-05-29
,,,fresh_food,meat_poultry,2025-05-29
,,,fresh_food,meat_poultry,2025-05-29
,,,fresh_food,meat_poultry,2025-05-29
,,,fresh_food,meat_poultry,2025-05-29
SUMMER GRILL by ASDA Slow Cooked Pulled Pork 300g,£2.48,(£8.27/kg),fresh_food,meat_poultry,2025-05-29
SUMMER GRILL by ASDA 4 Mediterranean Inspired Pork Meatball Kebabs 380g,£3.78,(£9.95/kg),fresh_food,meat_poultry,2025-05-29
Exceptional by ASDA Thick Cut Pork Chops with a Bone Marrow & Sea Salt Basting Butter 570g,£5.00,(£8.77/kg),fresh_food,meat_poultry,2025-05-29
ASDA Lean Pork Mince Stock Up Bundle,£10.36,null,fresh_food,meat_poultry,2025-05-29
Bistro by ASDA Bistro Slow Cooked Crackling Pork Belly 540g,£5.98,(£11.07/kg),fresh_food,meat_poultry,2025-05-29
Exceptional by ASDA Yorkshire Bred 2 Pork Ribeye Steaks 480g,£4.54,(£9.46/kg),fresh_food,meat_poultry,2025-05-29
SUMMER GRILL by ASDA 4 Smoky BBQ Pork Kebabs 420g,£4.28,(£10.19/kg),fresh_food,meat_poultry,2025-05-29
ASDA Simple To Cook Asian Inspired Pork Belly Slices 380g,£4.48,(£11.79/kg),fresh_food,meat_poultry,2025-05-29
SUMMER GRILL by ASDA 10 Maple BBQ Pork Loin Sizzle Steaks 1kg,£4.64,(£4.64/kg),fresh_food,meat_poultry,2025-05-29
ASDA Sticky 6 Chinese Style Pork Loin Sizzle Steaks 600g,£3.98,(£6.63/kg),fresh_food,meat_poultry,2025-05-29
SUMMER GRILL by ASDA Slow Cooked BBQ Pork Mini Ribs 300g,£2.48,(£8.27/kg),fresh_food,meat_poultry,2025-05-29
ASDA Smoky 6 BBQ Pork Loin Sizzle Steaks 600g,£3.98,(£6.63/kg),fresh_food,meat_poultry,2025-05-29
Exceptional by ASDA Yorkshire Bred 2 Thick Cut Pork Loin Steaks 481g,£4.54,(£9.44/kg),fresh_food,meat_poultry,2025-05-29
ASDA Tender Boneless & Rindless Pork Loin Joint 1kg,£4.74,(£4.74/kg),fresh_food,meat_poultry,2025-05-29
ASDA Tender Lamb Leg (Typically 2.15kg),£30.06,(£13.98/kg),fresh_food,meat_poultry,2025-05-29
ASDA Tender 4 Lamb Chops,£4.58,(£15.27/kg),fresh_food,meat_poultry,2025-05-29
ASDA Tender Diced Lamb,£5.94,(£19.80/kg),fresh_food,meat_poultry,2025-05-29
ASDA Tasty Minted Lamb Leg Steaks 310g,£4.58,(£14.77/kg),fresh_food,meat_poultry,2025-05-29
ASDA Tasty Minted Lamb Kebabs 360g,£4.48,(£12.44/kg),fresh_food,meat_poultry,2025-05-29
ASDA Tender Half Lamb Leg (Typically 1.2kg),£15.93,(£14.48/kg),fresh_food,meat_poultry,2025-05-29
ASDA Tender Thin Cut Lamb Rump Steaks 200g,£3.48,(£17.40/kg),fresh_food,meat_poultry,2025-05-29
ASDA Juicy Lamb Rump Joint,£6.37,(£14.98/kg),fresh_food,meat_poultry,2025-05-29
ASDA 20 Delicious Garlic & Herb Lamb Mini Meatballs 340g,£3.32,(£9.76/kg),fresh_food,meat_poultry,2025-05-29
ASDA Flavourful Lamb Mince,£6.38,(£12.76/kg),fresh_food,meat_poultry,2025-05-29
ASDA Tasty 2 Lamb Burgers 300g,£3.32,(£11.07/kg),fresh_food,meat_poultry,2025-05-29
ASDA Classic Lamb Shank in a Mint Gravy 390g,£5.28,(£13.54/kg),fresh_food,meat_poultry,2025-05-29
"Exceptional by ASDA Welsh Lamb Rump Joint with Garlic, Sea Salt & Black Pepper (Typically 0.375kg)",£7.08,(£18.89/kg),fresh_food,meat_poultry,2025-05-29
George Home Non-Stick Grey Roaster,£2.00,(£2.00/each),fresh_food,meat_poultry,2025-05-29
ASDA Flavourful Seasoned Lamb Grillsteaks 300g,£3.74,(£12.47/kg),fresh_food,meat_poultry,2025-05-29
ASDA Tender Lamb Leg Steaks,£6.00,(£17.65/kg),fresh_food,meat_poultry,2025-05-29
ASDA Tender 2 Lamb Leg Chops,£5.03,(£15.72/kg),fresh_food,meat_poultry,2025-05-29
Shazans 4 Lamb Burgers,£5.22,(£11.50/kg),fresh_food,meat_poultry,2025-05-29
Scoville Glasslux 2.2L Rectangular Dish With Lid,£6.50,(£6.50/each),fresh_food,meat_poultry,2025-05-29
George Home Clear Clip Lid Glass Roaster 25.5cm,£6.00,(£6.00/each),fresh_food,meat_poultry,2025-05-29
George Home Grey Ceramic 3-Piece Roaster Set,£12.00,(£12.00/each),fresh_food,meat_poultry,2025-05-29
George Home Excellence Non-Stick Black Roaster,£8.00,(£8.00/each),fresh_food,meat_poultry,2025-05-29
George Home Teal Non-Stick Retro Roaster - 41cm,£8.00,(£8.00/each),fresh_food,meat_poultry,2025-05-29
George Home Glass Roaster,£6.00,(£6.00/each),fresh_food,meat_poultry,2025-05-29
George Home Grey Ceramic Roaster 41cm,£8.00,(£8.00/each),fresh_food,meat_poultry,2025-05-29
George Home Silver Stainless Steel 2-Piece Roaster Set,£12.00,(£12.00/each),fresh_food,meat_poultry,2025-05-29
ASDA Slow Cooked Garlic & Herb Lamb Shoulder 315g,£5.47,(£17.37/kg),fresh_food,meat_poultry,2025-05-29
George Home Ceramic Roasting Dish 20cm,£3.00,(£3.00/each),fresh_food,meat_poultry,2025-05-29
George Home Roaster,£4.50,(£4.50/each),fresh_food,meat_poultry,2025-05-29
George Home Clear Glass 3-Piece Roaster Set,£10.00,(£3.33/each),fresh_food,meat_poultry,2025-05-29
SUMMER GRILL by ASDA 12 Minted Lamb Kebabs 720g,£6.98,(£9.69/kg),fresh_food,meat_poultry,2025-05-29
George Home Glass Roaster with clip lid 1L,£2.73,(£2.73/each),fresh_food,meat_poultry,2025-05-29
Scoville Roaster,£20.00,(£20.00/each),fresh_food,meat_poultry,2025-05-29
George Home Glass Roaster,£5.00,(£5.00/each),fresh_food,meat_poultry,2025-05-29
Gino D'Acampo 39cm Roaster,£4.97,(£4.97/each),fresh_food,meat_poultry,2025-05-29
George Home Black Barbican Roasters - Set of 2,£16.00,(£8.00/each),fresh_food,meat_poultry,2025-05-29
George Home Blue & White Pure Roaster - Set of 3,£12.00,(£4.00/each),fresh_food,meat_poultry,2025-05-29
Gino D'Acampo 33cm Roaster,£7.00,(£7.00/each),fresh_food,meat_poultry,2025-05-29
Shazans Select 12 Lamb Koftas,£5.02,(£12.55/kg),fresh_food,meat_poultry,2025-05-29
George Home Ceramic White Roaster,£5.00,(£5.00/each),fresh_food,meat_poultry,2025-05-29
ASDA Tender Lamb Shoulder Joint Bone In (Typically 1.1kg),£16.67,(£12.82/kg),fresh_food,meat_poultry,2025-05-29
George Home Glass Pie Dish,£3.50,(£3.50/each),fresh_food,meat_poultry,2025-05-29
George Home Ceramic Roasting Dish 26cm,£4.00,(£4.00/each),fresh_food,meat_poultry,2025-05-29
Scoville Neverstick 26cm Roasting Tray,£12.00,(£12.00/each),fresh_food,meat_poultry,2025-05-29
George Home Ceramic Grey Roaster 20cm,£3.50,(£3.50/each),fresh_food,meat_poultry,2025-05-29
Scoville Expert 35cm Roaster,£10.97,(£10.97/each),fresh_food,meat_poultry,2025-05-29
George Home White Enamel Roaster - Set of 2,£12.00,(£12.00/each),fresh_food,meat_poultry,2025-05-29
George Home Glass Roaster With Clip Lid 3 Pack,£9.50,(£9.50/each),fresh_food,meat_poultry,2025-05-29
Disney Stitch Roaster,£3.98,(£3.98/each),fresh_food,meat_poultry,2025-05-29
Pyrex Glass Roaster Set,£15.00,(£15.00/each),fresh_food,meat_poultry,2025-05-29
Scoville Neverstick Medium Roaster,£14.00,(£14.00/each),fresh_food,meat_poultry,2025-05-29
George Home Glass Roaster with clip lid 0.65L,£1.93,(£1.93/each),fresh_food,meat_poultry,2025-05-29
George Home White Ceramic Roasters,£11.00,(£11.00/each),fresh_food,meat_poultry,2025-05-29
George Home Grey Non-Stick Roasters - Set of 2,£4.50,(£4.50/each),fresh_food,meat_poultry,2025-05-29
George Home Teal Non-Stick Retro Roaster - 20cm,£3.50,(£3.50/each),fresh_food,meat_poultry,2025-05-29
George Home Roaster,£5.50,(£5.50/each),fresh_food,meat_poultry,2025-05-29
Shazans Mutton Boneless Diced Shoulder 500g,£7.25,(£14.50/kg),fresh_food,meat_poultry,2025-05-29
George Home Roaster and Rack with Handle,£10.00,(£10.00/each),fresh_food,meat_poultry,2025-05-29
ASDA Flavourful Lamb Mince 500g,£7.48,(£14.96/kg),fresh_food,meat_poultry,2025-05-29
George Home Glass Roaster with clip lid 1.5L,£4.50,(£4.50/each),fresh_food,meat_poultry,2025-05-29
,,,fresh_food,meat_poultry,2025-05-29
,,,fresh_food,meat_poultry,2025-05-29
,,,fresh_food,meat_poultry,2025-05-29
,,,fresh_food,meat_poultry,2025-05-29
,,,fresh_food,meat_poultry,2025-05-29
,,,fresh_food,meat_poultry,2025-05-29
George Home Glass Roaster with clip lid 1.5L,£4.50,(£4.50/each),fresh_food,meat_poultry,2025-05-29
Scoville Neverstick Medium Roaster,£14.00,(£14.00/each),fresh_food,meat_poultry,2025-05-29
George Home Glass Roaster with clip lid 0.65L,£1.93,(£1.93/each),fresh_food,meat_poultry,2025-05-29
Scoville Scoville Expert Neverstick+ 26cm Casserole Dish,£13.93,(£13.93/each),fresh_food,meat_poultry,2025-05-29
Tefal Non-Stick Roaster 33cm,£12.00,(£12.00/each),fresh_food,meat_poultry,2025-05-29
George Home Ceramic Roasting Dish 41cm,£7.00,(£7.00/each),fresh_food,meat_poultry,2025-05-29
George Home Pudding Moulds,£3.50,(87.5p/each),fresh_food,meat_poultry,2025-05-29
George Home White Ceramic Roasters,£11.00,(£11.00/each),fresh_food,meat_poultry,2025-05-29
George Home Glass Roaster,£4.00,(£4.00/each),fresh_food,meat_poultry,2025-05-29
George Home Enamel Roaster 29cm,£6.00,(£6.00/each),fresh_food,meat_poultry,2025-05-29
George Home Non-Stick Roaster Grey,£2.50,(£2.50/each),fresh_food,meat_poultry,2025-05-29
George Home Roaster,£12.00,(£12.00/each),fresh_food,meat_poultry,2025-05-29
Scoville Glasslux 1.4L Rectangular Dish With Lid,£5.00,(£5.00/each),fresh_food,meat_poultry,2025-05-29
George Home Teal Non-Stick Retro Roaster - 20cm,£3.50,(£3.50/each),fresh_food,meat_poultry,2025-05-29
George Home Roaster,£5.50,(£5.50/each),fresh_food,meat_poultry,2025-05-29
George Home Grey Non-Stick Roasters - Set of 2,£4.50,(£4.50/each),fresh_food,meat_poultry,2025-05-29
Shazans Mutton Boneless Diced Shoulder 500g,£7.25,(£14.50/kg),fresh_food,meat_poultry,2025-05-29
ASDA Smoky Spiced Harissa Lamb Meatballs 340g,£3.48,(£10.24/kg),fresh_food,meat_poultry,2025-05-29
Scoville Ceramics 30cm Roaster,£10.00,(£10.00/each),fresh_food,meat_poultry,2025-05-29
Exceptional by ASDA 4 Middle Eastern Inspired Lamb Kebabs with a Spiced Mango Dressing 460g,£5.88,(£12.78/kg),fresh_food,meat_poultry,2025-05-29
George Home Enamel Roasting Tray,£6.00,(£6.00/each),fresh_food,meat_poultry,2025-05-29
,,,fresh_food,meat_poultry,2025-05-29
,,,fresh_food,meat_poultry,2025-05-29
,,,fresh_food,meat_poultry,2025-05-29
,,,fresh_food,meat_poultry,2025-05-29
,,,fresh_food,meat_poultry,2025-05-29
,,,fresh_food,meat_poultry,2025-05-29
MOWI Superior Scottish Salmon Fillets 230g,£4.58,(£19.91/kg),fresh_food,seafood,2025-05-29
MOWI Bistro Scottish Salmon with Lemon & Herb Butter 240g,£6.18,(£25.75/kg),fresh_food,seafood,2025-05-29
ASDA Flaky 2 Cod Fillets 260g,£5.47,(£21.04/kg),fresh_food,seafood,2025-05-29
ASDA 2 Smoked Haddock Fillets,£3.36,(£15.27/kg),fresh_food,seafood,2025-05-29
MOWI 2 Piri Piri Superior Scottish Slow Roast Salmon Fillets 180g,£6.28,(£34.89/kg),fresh_food,seafood,2025-05-29
ASDA Flavoursome 2 Salmon Fillets,£3.88,(£16.17/kg),fresh_food,seafood,2025-05-29
ASDA Tasty 16 Seafood Sticks,£0.99,(£3.96/kg),fresh_food,seafood,2025-05-29
ASDA Tender 2 Sea Bream Fillets 180g,£3.28,(£18.22/kg),fresh_food,seafood,2025-05-29
ASDA Golden Battered Cod Bites 250g,£2.84,(£11.36/kg),fresh_food,seafood,2025-05-29
ASDA Delicate 2 Basa Fillets,£2.18,(£9.08/kg),fresh_food,seafood,2025-05-29
ASDA Creamy 2 Cod Fishcakes 270g,£1.68,(£6.22/kg),fresh_food,seafood,2025-05-29
Leap Wild Yellowfin Tuna 2 Steaks 240g,£4.48,(£18.67/kg),fresh_food,seafood,2025-05-29
ASDA Succulent Raw & Peeled King Prawns 160g,£3.18,(£19.88/kg),fresh_food,seafood,2025-05-29
ASDA Sweet Honey Roasted Mackerel Fillets,£2.72,(£12.09/kg),fresh_food,seafood,2025-05-29
ASDA Flavoursome Oak Smoked Salmon,£2.08,(£34.67/kg),fresh_food,seafood,2025-05-29
ASDA Tasty 2 Smoked Haddock Fishcakes,£1.68,(£6.22/kg),fresh_food,seafood,2025-05-29
ASDA Tender 2 Whole Sea Bass,£4.73,(£11.26/kg),fresh_food,seafood,2025-05-29
ASDA Peppery Kiln Roasted Mackerel Fillets 215g,£2.68,(£12.47/kg),fresh_food,seafood,2025-05-29
ASDA Delicate 2 Sea Bass Fillets,£4.48,(£24.89/kg),fresh_food,seafood,2025-05-29
JUST ESSENTIALS by ASDA Salmon Portions,£4.56,(£11.40/kg),fresh_food,seafood,2025-05-29
ASDA Delicious Seafood Selection,£2.64,(£11.00/kg),fresh_food,seafood,2025-05-29
ASDA Tasty 2 Salmon Fishcakes 270g,£1.68,(£6.22/kg),fresh_food,seafood,2025-05-29
ASDA Hearty Fish Pie Mix 340g,£4.23,(£12.44/kg),fresh_food,seafood,2025-05-29
ASDA Delicate 2 Smoked Basa Fillets,£2.28,(£9.91/kg),fresh_food,seafood,2025-05-29
ASDA Rich Roasted Garlic Butter Mussels,£2.98,(£5.96/kg),fresh_food,seafood,2025-05-29
ASDA Delicious Prawn Cocktail,£2.74,(£16.12/kg),fresh_food,seafood,2025-05-29
Exceptional by ASDA Cod Fishcakes with a Creamy Parsley Sauce 290g,£2.83,(£9.76/kg),fresh_food,seafood,2025-05-29
ASDA Tasty Cooked Mussels,£1.84,(£12.27/kg),fresh_food,seafood,2025-05-29
"Exceptional by ASDA Smoked Haddock, Cheddar & Leek Fishcakes 290g",£2.83,(£9.76/kg),fresh_food,seafood,2025-05-29
ASDA Flavoursome Half Salmon Side,£8.76,(£17.52/kg),fresh_food,seafood,2025-05-29
Exceptional by ASDA Mild & Delicate Scottish Smoked Salmon 100g,£4.74,(£47.40/kg),fresh_food,seafood,2025-05-29
ASDA Golden 2 Breaded Cod Fillets,£3.07,(£10.23/kg),fresh_food,seafood,2025-05-29
ASDA Tender 2 Sweet Chilli Salmon Fillets,£5.30,(£20.78/kg),fresh_food,seafood,2025-05-29
ASDA Crisp 2 Lightly Dusted Basa Fillets,£3.02,(£10.07/kg),fresh_food,seafood,2025-05-29
Exceptional by ASDA 2 Beer Battered Cod Fillets 350g,£4.67,(£13.34/kg),fresh_food,seafood,2025-05-29
ASDA Tasty Garlic & Parsley Marinated Prawns 150g,£3.54,(£23.60/kg),fresh_food,seafood,2025-05-29
Exceptional by ASDA Raw & Peeled Jumbo King Prawns 160g,£3.73,(£23.31/kg),fresh_food,seafood,2025-05-29
ASDA Flavoursome Smoked Salmon Trimmings,£2.07,(£17.25/kg),fresh_food,seafood,2025-05-29
ASDA Flaky Smoked Kipper Fillets & Butter,£1.38,(£6.90/kg),fresh_food,seafood,2025-05-29
Exceptional by ASDA Sweet Cured Kiln Roasted Mackerel Strips 170g,£4.48,(£26.35/kg),fresh_food,seafood,2025-05-29
Exceptional by ASDA Cooked & Peeled Jumbo King Prawns 150g,£3.96,(£26.40/kg),fresh_food,seafood,2025-05-29
Exceptional by ASDA Cod Loin 260g,£5.76,(£22.15/kg),fresh_food,seafood,2025-05-29
ASDA Golden 2 Breaded Haddock Fillets 300g,£3.48,(£11.60/kg),fresh_food,seafood,2025-05-29
"Exceptional by ASDA cod, Roasted Tomato & Mozzarella Fishcakes 290g",£2.83,(£9.76/kg),fresh_food,seafood,2025-05-29
Young's 4 Fish Fillets in Golden Breadcrumb 600g,£4.43,(£7.38/kg),fresh_food,seafood,2025-05-29
Exceptional by ASDA Cold Water Prawns 150g,£3.94,(£26.27/kg),fresh_food,seafood,2025-05-29
Exceptional by ASDA Madagascan Tiger Prawns 150g,£4.98,(£33.20/kg),fresh_food,seafood,2025-05-29
ASDA Flavoursome 2 Tandoori Hot Smoked Salmon Fillets 180g,£5.18,(£28.78/kg),fresh_food,seafood,2025-05-29
SUMMER GRILL by ASDA 2 Prawn & Cod Burgers 228g,£2.98,(£13.07/kg),fresh_food,seafood,2025-05-29
Fish Said Fred 2 Big Cod Fillets 300g,£7.48,(£24.93/kg),fresh_food,seafood,2025-05-29
ASDA 2 Hake Fillets 240g,£3.93,(£16.38/kg),fresh_food,seafood,2025-05-29
ASDA 4 Flavoursome Boneless Salmon Fillets 480g,£7.34,(£15.29/kg),fresh_food,seafood,2025-05-29
ASDA Rich Kiln Roasted Mackerel Fillets 215g,£2.68,(£12.47/kg),fresh_food,seafood,2025-05-29
ASDA Boneless Salmon Side 800g,£18.28,(£22.85/kg),fresh_food,seafood,2025-05-29
ASDA Warming Chilli & Lime Marinated Prawns 150g,£3.54,(£23.60/kg),fresh_food,seafood,2025-05-29
Exceptional by ASDA King Prawn & Cod Fishcakes 290g,£2.83,(£9.76/kg),fresh_food,seafood,2025-05-29
MOWI Ready to Eat Garlic & Rosemary Scottish Salmon Fillets 180g,£4.86,(£27.00/kg),fresh_food,seafood,2025-05-29
Cawoods Dry Salted Skinless & Boneless Saltfish,£3.25,(£1.62/100g),fresh_food,seafood,2025-05-29
Lisner Herrings Onions,£3.42,(76.0p/100g),fresh_food,seafood,2025-05-29
ASDA Zesty 2 Lemon & Parsley Kiln Roasted Salmon Fillets,£5.18,(£28.78/kg),fresh_food,seafood,2025-05-29
,,,fresh_food,seafood,2025-05-29
,,,fresh_food,seafood,2025-05-29
,,,fresh_food,seafood,2025-05-29
,,,fresh_food,seafood,2025-05-29
,,,fresh_food,seafood,2025-05-29
,,,fresh_food,seafood,2025-05-29
,,,fresh_food,seafood,2025-05-29
,,,fresh_food,seafood,2025-05-29
,,,fresh_food,seafood,2025-05-29
,,,fresh_food,seafood,2025-05-29
,,,fresh_food,seafood,2025-05-29
,,,fresh_food,seafood,2025-05-29
,,,fresh_food,seafood,2025-05-29
,,,fresh_food,seafood,2025-05-29
,,,fresh_food,seafood,2025-05-29
ASDA Flaky 2 Cod Fillets 260g,£5.47,(£21.04/kg),fresh_food,seafood,2025-05-29
ASDA 2 Smoked Haddock Fillets,£3.36,(£15.27/kg),fresh_food,seafood,2025-05-29
ASDA Delicate 2 Sea Bass Fillets,£4.48,(£24.89/kg),fresh_food,seafood,2025-05-29
Exceptional by ASDA Fish Pie Fishcakes 290g,£2.83,(£9.76/kg),fresh_food,seafood,2025-05-29
Exceptional by ASDA Smoked Haddock Fishcakes 290g,£2.83,(£9.76/kg),fresh_food,seafood,2025-05-29
Exceptional by ASDA Salmon Fishcake 290g,£2.83,(£9.76/kg),fresh_food,seafood,2025-05-29
MOWI Superior Scottish Salmon Fillets 230g,£4.58,(£19.91/kg),fresh_food,seafood,2025-05-29
MOWI Bistro Scottish Salmon with Lemon & Herb Butter 240g,£6.18,(£25.75/kg),fresh_food,seafood,2025-05-29
ASDA Tender Beef Stir-Fry Strips,£4.70,(£15.67/kg),fresh_food,seafood,2025-05-29
ASDA Warming 2 Sweet Chilli Kiln Roasted Salmon Fillets 180g,£5.18,(£28.78/kg),fresh_food,seafood,2025-05-29
Exceptional by ASDA Rich & Intense Scottish Smoked Salmon 100g,£4.17,(£41.70/kg),fresh_food,seafood,2025-05-29
ASDA Flavoursome Oak Smoked Salmon,£5.98,(£29.90/kg),fresh_food,seafood,2025-05-29
MOWI Superior Scottish Smoked Salmon 100g,£5.64,(£56.40/kg),fresh_food,seafood,2025-05-29
ASDA 2 Hake Fillets 240g,£3.93,(£16.38/kg),fresh_food,seafood,2025-05-29
ASDA Rich Kiln Roasted Mackerel Fillets 215g,£2.68,(£12.47/kg),fresh_food,seafood,2025-05-29
ASDA 4 Flavoursome Boneless Salmon Fillets 480g,£7.34,(£15.29/kg),fresh_food,seafood,2025-05-29
Fish Said Fred 2 Big Cod Fillets 300g,£7.48,(£24.93/kg),fresh_food,seafood,2025-05-29
ASDA Mild 2 Whole Sea Bream,£4.73,(£11.26/kg),fresh_food,seafood,2025-05-29
Cawoods Dry Salted Skinless & Boneless Cod Fillets,£5.75,(£2.88/100g),fresh_food,seafood,2025-05-29
,,,fresh_food,seafood,2025-05-29
,,,fresh_food,seafood,2025-05-29
,,,fresh_food,seafood,2025-05-29
,,,fresh_food,seafood,2025-05-29
,,,fresh_food,seafood,2025-05-29
,,,fresh_food,seafood,2025-05-29
,,,fresh_food,seafood,2025-05-29
,,,fresh_food,seafood,2025-05-29
,,,fresh_food,seafood,2025-05-29
,,,fresh_food,seafood,2025-05-29
,,,fresh_food,seafood,2025-05-29
,,,fresh_food,seafood,2025-05-29
,,,fresh_food,seafood,2025-05-29
,,,fresh_food,seafood,2025-05-29
,,,fresh_food,seafood,2025-05-29
ASDA Sweet Chilli Chicken Breast Chunks,£2.94,(£1.84/100g),fresh_food,cooked_meat_antipasti_dips,2025-05-29
ASDA Sliced Cured Ham On The Bone,£2.14,(£1.78/100g),fresh_food,cooked_meat_antipasti_dips,2025-05-29
ASDA 5 Slices Cured Pork Lunch Tongue,£2.14,(£1.78/100g),fresh_food,cooked_meat_antipasti_dips,2025-05-29
ASDA 10 Slices Honey Roast Dry Cured Ham,£2.68,(£1.07/100g),fresh_food,cooked_meat_antipasti_dips,2025-05-29
ASDA Chinese Style Chicken Breast Slices,£2.94,(£1.84/100g),fresh_food,cooked_meat_antipasti_dips,2025-05-29
ASDA Extra Special Finely Sliced Hickory Smoked Ham,£3.08,(£2.57/100g),fresh_food,cooked_meat_antipasti_dips,2025-05-29
ASDA Mango & Coconut Chicken Breast Mini Fillets 160g,£2.94,(£1.84/100g),fresh_food,cooked_meat_antipasti_dips,2025-05-29
ASDA Hot & Spicy Chicken Breast Slices,£2.94,(£1.84/100g),fresh_food,cooked_meat_antipasti_dips,2025-05-29
ASDA Tikka Chicken Breast Thins,£2.94,(£1.84/100g),fresh_food,cooked_meat_antipasti_dips,2025-05-29
Fridge Raiders Slow Roasted Chicken Bites 165g,£1.98,(£1.20/100g),fresh_food,cooked_meat_antipasti_dips,2025-05-29
ASDA Tasty Chicken Breast Thins,£2.94,(£1.84/100g),fresh_food,cooked_meat_antipasti_dips,2025-05-29
ASDA Tikka Chicken Breast Slices,£2.94,(£1.84/100g),fresh_food,cooked_meat_antipasti_dips,2025-05-29
Muller x Myprotein Chocolate Flavor Mousse 200g,£1.78,(89.0p/100g),fresh_food,chilled_desserts,2025-05-29
Muller x Myprotein Salted Caramel Flavor Mousse 200g,£1.78,(89.0p/100g),fresh_food,chilled_desserts,2025-05-29
Muller Light Citrus Fat Free Yogurts,£2.88,(34.3p/100g),fresh_food,chilled_desserts,2025-05-29
Cadbury Caramilk Mousse 4 x 45g (180g),£1.48,(82.2p/100g),fresh_food,chilled_desserts,2025-05-29
Exceptional by ASDA Belgian Chocolate Mousse 100g,£1.07,(£1.07/100g),fresh_food,chilled_desserts,2025-05-29
Exceptional by ASDA Salted Caramel Mousse 100g,£1.06,(£1.06/100g),fresh_food,chilled_desserts,2025-05-29
Yorkie Milk Chocolate Dessert 4 x 65g (260g),£2.70,(£1.04/100g),fresh_food,chilled_desserts,2025-05-29
ASDA Raspberry Trifles 2 x 145g (290g),£1.70,(58.6p/100g),fresh_food,chilled_desserts,2025-05-29
ASDA Blackcurrant Cheesecakes 2 x 100g (200g),£1.50,(75.0p/100g),fresh_food,chilled_desserts,2025-05-29
GU Banoffee Cheesecake 2 x 86g (172g),£3.75,(£2.18/100g),fresh_food,chilled_desserts,2025-05-29
GU New York Cheesecakes 2 x 80g (160g),£2.50,(£1.56/100g),fresh_food,chilled_desserts,2025-05-29
GU Zillionaire Limited Edition Hazelnut Praline Cheesecakes 2 x 86.5g (173g),£3.75,(£2.17/100g),fresh_food,chilled_desserts,2025-05-29
GU Ultimate Chocolate Cheesecake 2 x 85g (170g),£3.58,(£2.11/100g),fresh_food,chilled_desserts,2025-05-29
Muller Rice Strawberry & Original Low Fat Pudding,£2.88,(28.2p/100g),fresh_food,chilled_desserts,2025-05-29
Muller Rice Apple & Raspberry Low Fat Pudding,£2.88,(28.2p/100g),fresh_food,chilled_desserts,2025-05-29
"Muller Rice Chocolate, Hazelnut and Caramel Low Fat Pudding",£2.88,(28.2p/100g),fresh_food,chilled_desserts,2025-05-29
ASDA 2 Strawberry Trifles,£1.70,(58.6p/100g),fresh_food,chilled_desserts,2025-05-29
ASDA Creme Caramel Dessert,£1.30,(21.7p/100g),fresh_food,chilled_desserts,2025-05-29
Rolo Milk Chocolate & Toffee Dessert,£1.98,(76.1p/100g),fresh_food,chilled_desserts,2025-05-29
ASDA 6 Chocolate Supremes 6 x 85g (510g),£1.47,(28.8p/100g),fresh_food,chilled_desserts,2025-05-29
Milkybar White Chocolate Dessert,£1.98,(76.1p/100g),fresh_food,chilled_desserts,2025-05-29
Cadbury Flake with a Cadbury Milk Chocolate Dessert 75g,£0.86,(£1.15/100g),fresh_food,chilled_desserts,2025-05-29
Aero Milk Chocolate Bubbly Mousse 4 x 59g (236g),£1.72,(72.9p/100g),fresh_food,chilled_desserts,2025-05-29
Cadbury Layers of Joy Chocolate Trifles,£1.48,(82.2p/100g),fresh_food,chilled_desserts,2025-05-29
ASDA 2 Lemon Cheesecakes,£1.50,(75.0p/100g),fresh_food,chilled_desserts,2025-05-29
ASDA 2 Toffee Cheesecakes,£1.50,(75.0p/100g),fresh_food,chilled_desserts,2025-05-29
Milkybar White Chocolate Mousse,£1.72,(78.2p/100g),fresh_food,chilled_desserts,2025-05-29
ASDA Chocolate Mousses,£1.12,(31.1p/100g),fresh_food,chilled_desserts,2025-05-29
ASDA 2 Strawberry Cheesecakes,£1.50,(75.0p/100g),fresh_food,chilled_desserts,2025-05-29
ASDA Strawberry Supremes,£1.47,(28.8p/100g),fresh_food,chilled_desserts,2025-05-29
Kinder Pingui Milk and Chocolate Chilled Snack Cake Bar Multipack 4x,£2.05,(£1.71/100g),fresh_food,chilled_desserts,2025-05-29
ASDA Toffee Sundae 125g,£1.18,(94.4p/100g),fresh_food,chilled_desserts,2025-05-29
Cadbury Crunchie Dessert 75g,£0.86,(£1.15/100g),fresh_food,chilled_desserts,2025-05-29
Cadbury Dairy Milk Pots of Joy Chocolate Dessert 4 x 60g (240g),£1.77,(73.8p/100g),fresh_food,chilled_desserts,2025-05-29
Cadbury Dairy Milk Pots of Joy Caramel Chocolate Dessert,£1.77,(73.8p/100g),fresh_food,chilled_desserts,2025-05-29
ASDA 3 Strawberry Jelly & Custard Pots,£1.72,(45.9p/100g),fresh_food,chilled_desserts,2025-05-29
GU Salted Caramel Cheesecake Desserts,£3.58,(£1.95/100g),fresh_food,chilled_desserts,2025-05-29
ASDA Chocolate Sundae 125g,£1.18,(94.4p/100g),fresh_food,chilled_desserts,2025-05-29
Ski Strawberry Mousses,£1.33,(55.4p/100g),fresh_food,chilled_desserts,2025-05-29
JUST ESSENTIALS by ASDA 3 Strawberry Trifles,£1.28,(37.8p/100g),fresh_food,chilled_desserts,2025-05-29
Nesquik Chocolate Milk Slices,£1.33,(£1.28/100g),fresh_food,chilled_desserts,2025-05-29
The BAKERY at ASDA 4 Custard Slices,£2.34,(58.5p/each),fresh_food,chilled_desserts,2025-05-29
ASDA Chocolate Layered Mousse 100g,£0.98,(98.0p/100g),fresh_food,chilled_desserts,2025-05-29
The BAKERY at ASDA 4 Chocolate Éclairs,£1.84,(46.0p/each),fresh_food,chilled_desserts,2025-05-29
ASDA Millionaire's Sundae,£1.18,(94.4p/100g),fresh_food,chilled_desserts,2025-05-29
Milkybar Milk Slice,£1.33,(£1.28/100g),fresh_food,chilled_desserts,2025-05-29
Cadbury Dairy Milk Buttons 75g,£0.86,(£1.15/100g),fresh_food,chilled_desserts,2025-05-29
Milkybar Desserts,£1.33,(40.3p/100g),fresh_food,chilled_desserts,2025-05-29
Cadbury Dairy Milk Mousse 4 x 45g (180g),£1.48,(82.2p/100g),fresh_food,chilled_desserts,2025-05-29
The BAKERY at ASDA Tiramisu Dessert 500g,£2.98,(59.6p/100g),fresh_food,chilled_desserts,2025-05-29
Cadbury Limited Edition Crunchie 4 x 75g (300g),£2.68,(89.3p/100g),fresh_food,chilled_desserts,2025-05-29
,,,fresh_food,chilled_desserts,2025-05-29
,,,fresh_food,chilled_desserts,2025-05-29
,,,fresh_food,chilled_desserts,2025-05-29
,,,fresh_food,chilled_desserts,2025-05-29
,,,fresh_food,chilled_desserts,2025-05-29
,,,fresh_food,chilled_desserts,2025-05-29
,,,fresh_food,chilled_desserts,2025-05-29
,,,fresh_food,chilled_desserts,2025-05-29
,,,fresh_food,chilled_desserts,2025-05-29
,,,fresh_food,chilled_desserts,2025-05-29
Muller x Myprotein Chocolate Flavor Mousse 200g,£1.78,(89.0p/100g),fresh_food,chilled_desserts,2025-05-29
Muller x Myprotein Salted Caramel Flavor Mousse 200g,£1.78,(89.0p/100g),fresh_food,chilled_desserts,2025-05-29
Muller Light Citrus Fat Free Yogurts,£2.88,(34.3p/100g),fresh_food,chilled_desserts,2025-05-29
JUST ESSENTIALS by ASDA 6 Chocolate Mousses,£0.86,(23.9p/100g),fresh_food,chilled_desserts,2025-05-29
Milkybar Milk Slice,£1.33,(£1.28/100g),fresh_food,chilled_desserts,2025-05-29
Cadbury Limited Edition Crunchie 4 x 75g (300g),£2.68,(89.3p/100g),fresh_food,chilled_desserts,2025-05-29
The BAKERY at ASDA 4 Custard Slices,£2.34,(58.5p/each),fresh_food,chilled_desserts,2025-05-29
Kinder Milk Slice Chilled Treat Multipack,£1.18,(£1.40/100g),fresh_food,chilled_desserts,2025-05-29
Cadbury Dairy Milk Caramel Triffle 550g,£3.48,(63.3p/100g),fresh_food,chilled_desserts,2025-05-29
The BAKERY at ASDA Raspberry Trifle,£2.94,(49.0p/100g),fresh_food,chilled_desserts,2025-05-29
The BAKERY at ASDA Cherry Pie,£3.98,(72.4p/100g),fresh_food,chilled_desserts,2025-05-29
The BAKERY at ASDA Strawberry Trifle,£2.94,(49.0p/100g),fresh_food,chilled_desserts,2025-05-29
Nesquik Chocolate Milk Slices,£1.33,(£1.28/100g),fresh_food,chilled_desserts,2025-05-29
ASDA Loaded Double Chocolate Sundae 200g,£1.78,(89.0p/100g),fresh_food,chilled_desserts,2025-05-29
ASDA Strawberry Mousses,£1.12,(31.1p/100g),fresh_food,chilled_desserts,2025-05-29
ASDA Toffee Layered Mousse 100g,£0.98,(98.0p/100g),fresh_food,chilled_desserts,2025-05-29
Milkybar Mixups White & Milk Chocolate Dessert,£1.98,(76.1p/100g),fresh_food,chilled_desserts,2025-05-29
Cadbury Dairy Milk Buttons 75g,£0.86,(£1.15/100g),fresh_food,chilled_desserts,2025-05-29
The BAKERY at ASDA 2 Caramel Choux Buns,£2.27,(£1.14/each),fresh_food,chilled_desserts,2025-05-29
The BAKERY at ASDA 2 Jam & Cream Donuts,£1.78,(89.0p/each),fresh_food,chilled_desserts,2025-05-29
The BAKERY at ASDA 2 Strawberry Tarts,£2.52,(£1.26/each),fresh_food,chilled_desserts,2025-05-29
Nesquik Chocolate Desserts,£1.33,(40.3p/100g),fresh_food,chilled_desserts,2025-05-29
The BAKERY at ASDA 2 Cream Slices,£1.78,(89.0p/each),fresh_food,chilled_desserts,2025-05-29
Cadbury Dairy Milk Orange Creamy Milk Chocolate Dessert Pot 350g,£2.84,(81.1p/100g),fresh_food,chilled_desserts,2025-05-29
Nestle Smarties Vanilla Flavour Yogurt 6x107g,£2.98,(46.4p/100g),fresh_food,chilled_desserts,2025-05-29
Muller Light Milk Chocolate & Caramel Flavour Layers Choc Pot 4 x 80g (320g),£1.43,(59.6p/100g),fresh_food,chilled_desserts,2025-05-29
Milkybar Desserts,£1.33,(40.3p/100g),fresh_food,chilled_desserts,2025-05-29
The BAKERY at ASDA 2 Caramel Éclairs,£1.94,(97.0p/each),fresh_food,chilled_desserts,2025-05-29
The BAKERY at ASDA The Bakery Super Chocolatey Chocolate Trifle 500g,£2.94,(58.8p/100g),fresh_food,chilled_desserts,2025-05-29
ASDA Loaded Rocky Road Sundae 200g,£1.78,(89.0p/100g),fresh_food,chilled_desserts,2025-05-29
The BAKERY at ASDA Apple Pie,£3.98,(72.4p/100g),fresh_food,chilled_desserts,2025-05-29
Cadbury Creme Egg Creamy Milk Chocolate Dessert Pots 4 x 60g (240g),£1.77,(73.8p/100g),fresh_food,chilled_desserts,2025-05-29
After Eight Chocolate Peppermint Flavoured Mousse 4X57g,£2.46,(£1.08/100g),fresh_food,chilled_desserts,2025-05-29
English Cheesecake Company Luxury Vanilla Cheesecake with Lotus Biscoff 214g,£3.75,(£1.75/100g),fresh_food,chilled_desserts,2025-05-29
GU Inspirations Brookie Dessert,£2.98,(£1.86/100g),fresh_food,chilled_desserts,2025-05-29
GU Brownies Salted Caramel 2 x 80g (160g),£3.76,(£2.35/100g),fresh_food,chilled_desserts,2025-05-29
Muller Light Banana & Custard Flavour Yogurt 160g,£0.62,(38.8p/100g),fresh_food,chilled_desserts,2025-05-29
Royal Dessert Gulabjam,£3.48,(69.6p/100g),fresh_food,chilled_desserts,2025-05-29
The BAKERY at ASDA Delicious Apple Crumble 500g,£3.98,(79.6p/100g),fresh_food,chilled_desserts,2025-05-29
The BAKERY at ASDA Rice Puddings 2 x 173g (346g),£2.64,(£1.32/each),fresh_food,chilled_desserts,2025-05-29
The BAKERY at ASDA Delicious Apple Crumbles 2 x 135g (270g),£2.58,(£1.29/each),fresh_food,chilled_desserts,2025-05-29
Lindahls Kvarg White Chocolate,£1.07,(71.3p/100g),fresh_food,chilled_desserts,2025-05-29
The Delicious Dessert Company Sticky Toffee Eclairs,£2.24,(£1.12/each),fresh_food,chilled_desserts,2025-05-29
English Cheesecake Company Creamy White Chocolate & Honeycomb Cheesecake 214g,£3.75,(£1.75/100g),fresh_food,chilled_desserts,2025-05-29
GU Inspirations Red Velvet Desserts,£2.50,(£1.47/100g),fresh_food,chilled_desserts,2025-05-29
Muller Light Choc Pot Milk Chocolate 4 x 80g (320g),£1.43,(51.1p/100g),fresh_food,chilled_desserts,2025-05-29
The BAKERY at ASDA Creamy Rice Pudding 400g,£3.18,(79.5p/100g),fresh_food,chilled_desserts,2025-05-29
The BAKERY at ASDA Bakewell Tart 350g,£3.98,(£1.14/100g),fresh_food,chilled_desserts,2025-05-29
GU Chocolate Melting Middle 2 x 90g (180g),£3.97,(2.2p/g),fresh_food,chilled_desserts,2025-05-29
Muller Light Rhubarb,£0.62,(38.8p/100g),fresh_food,chilled_desserts,2025-05-29
GU Inspirations Cookies & Cream Desserts,£2.50,(£1.47/100g),fresh_food,chilled_desserts,2025-05-29
The BAKERY at ASDA So Fruity Raspberry Sponge Pudding 110g,£1.18,(£1.07/100g),fresh_food,chilled_desserts,2025-05-29
Cadbury Caramilk Golden Caramel Chocolate Dessert Pot 350g,£1.66,(47.4p/100g),fresh_food,chilled_desserts,2025-05-29
Arla Protein Pudding a Day Bundle,£8.75,null,fresh_food,chilled_desserts,2025-05-29
Muller Light Greek Style Lemon Yogurt,£1.57,(34.1p/100g),fresh_food,chilled_desserts,2025-05-29
GU Plant Spanish Lemon Cheesecakes 2 x 92g (184g),£3.95,(£2.15/100g),fresh_food,chilled_desserts,2025-05-29
The BAKERY at ASDA Oh So Sweet Syrup Sponge Pudding 300g,£2.33,(77.7p/100g),fresh_food,chilled_desserts,2025-05-29
GU Brownies Double Chocolate 2 x 79g (158g),£3.97,(£2.51/100g),fresh_food,chilled_desserts,2025-05-29
Muller x Myprotein Chocolate Flavor Mousse 200g,£1.78,(89.0p/100g),fresh_food,chilled_desserts,2025-05-29
Muller x Myprotein Salted Caramel Flavor Mousse 200g,£1.78,(89.0p/100g),fresh_food,chilled_desserts,2025-05-29
Muller x Myprotein Chocolate Flavour Pudding 200g,£1.38,(69.0p/100g),fresh_food,chilled_desserts,2025-05-29
Muller Light Citrus Fat Free Yogurts,£2.88,(34.3p/100g),fresh_food,chilled_desserts,2025-05-29
GetPro 18g Protein Pudding Chocolate Hazelnut Flavour 180g,£1.72,(95.6p/100g),fresh_food,chilled_desserts,2025-05-29
GetPro 20g Protein Mousse Chocolate Flavour 200g,£2.28,(£1.14/100g),fresh_food,chilled_desserts,2025-05-29
Muller Light Banana & Custard Flavour Yogurt 160g,£0.62,(38.8p/100g),fresh_food,chilled_desserts,2025-05-29
Royal Dessert Gulabjam,£3.48,(69.6p/100g),fresh_food,chilled_desserts,2025-05-29
Cadbury Dairy Milk Mousse 4 x 45g (180g),£1.48,(82.2p/100g),fresh_food,chilled_desserts,2025-05-29
Lindahls Kvarg White Chocolate,£1.07,(71.3p/100g),fresh_food,chilled_desserts,2025-05-29
Muller x Myprotein Chocolate Flavor Mousse 200g,£1.78,(89.0p/100g),fresh_food,chilled_desserts,2025-05-29
Muller x Myprotein Salted Caramel Flavor Mousse 200g,£1.78,(89.0p/100g),fresh_food,chilled_desserts,2025-05-29
Muller Light Citrus Fat Free Yogurts,£2.88,(34.3p/100g),fresh_food,chilled_desserts,2025-05-29
Abra-Ca-Debora 6 Buttermilk Pancakes 240g,£2.28,(95.0p/100g),fresh_food,chilled_desserts,2025-05-29
GU Zillionaires Chocolate & Salted Caramel Cheesecake Desserts,£3.75,(£2.05/100g),fresh_food,chilled_desserts,2025-05-29
GU Plant Spanish Lemon Cheesecakes 2 x 92g (184g),£3.95,(£2.15/100g),fresh_food,chilled_desserts,2025-05-29
The BAKERY at ASDA Apple & Blackberry Pie 550g,£3.98,(72.4p/100g),fresh_food,chilled_desserts,2025-05-29
Muller Light Greek Style Lemon Yogurt,£1.57,(34.1p/100g),fresh_food,chilled_desserts,2025-05-29
Arla Protein Pudding a Day Bundle,£8.75,null,fresh_food,chilled_desserts,2025-05-29
The BAKERY at ASDA 2 Jam & Cream Palmiers,£2.28,(£1.14/each),fresh_food,chilled_desserts,2025-05-29
ASDA Free From Sticky Toffee Sponge Pudding,£1.20,(£10.91/kg),fresh_food,chilled_desserts,2025-05-29
GU Spanish Lemon Cheesecake Desserts,£3.58,(£1.99/100g),fresh_food,chilled_desserts,2025-05-29
Light & Free Rasberry Greek Style 0% Added Sugar Fat Free Yoghurt,£2.38,(51.7p/100g),fresh_food,chilled_desserts,2025-05-29
Big Night In Hearty Dinner for Two Bundle,£6.32,null,fresh_food,chilled_desserts,2025-05-29
Arla Protein Salted Caramel Flavour Pudding 200g,£1.75,(87.5p/100g),fresh_food,chilled_desserts,2025-05-29
The BAKERY at ASDA So Chocolatey Chocolate Sponge Pudding 300g,£2.33,(77.7p/100g),fresh_food,chilled_desserts,2025-05-29
The BAKERY at ASDA 2 Chocolate Choux Buns,£1.78,(89.0p/each),fresh_food,chilled_desserts,2025-05-29
The BAKERY at ASDA 2 Caramel Tarts,£2.52,(£1.26/each),fresh_food,chilled_desserts,2025-05-29
Muller Fat Free Light Red Fruits Yogurts,£2.88,(34.3p/100g),fresh_food,chilled_desserts,2025-05-29
Pots & Co Little Pots of 70% Chocolate Ganache,£3.50,(£1.75/100g),fresh_food,chilled_desserts,2025-05-29
Muller Light Smooth Toffee Yogurt 160g,£0.62,(38.8p/100g),fresh_food,chilled_desserts,2025-05-29
Arla Protein Hazelnut Latte Pudding 200g,£1.75,(87.5p/100g),fresh_food,chilled_desserts,2025-05-29
GetPro 18g Protein Pudding Caramel Flavour 180g,£1.72,(95.6p/100g),fresh_food,chilled_desserts,2025-05-29
The BAKERY at ASDA So Fruity Raspberry Sponge Pudding 110g,£1.18,(£1.07/100g),fresh_food,chilled_desserts,2025-05-29
Milkybar Gold White Chocolate Caramel Dairy Dessert 4 x 65g (260g),£2.70,(£1.04/100g),fresh_food,chilled_desserts,2025-05-29
Pots & Co Lemon & Lime Posset 91g,£1.99,(£2.19/100g),fresh_food,chilled_desserts,2025-05-29
Lindahls Pro+ Kvarg Lemon Cheesecake,£1.07,(71.3p/100g),fresh_food,chilled_desserts,2025-05-29
Lindahls Pro + Kvarg Banoffee Pie,£1.07,(71.3p/100g),fresh_food,chilled_desserts,2025-05-29
The BAKERY at ASDA 2 Custard Donuts,£1.94,(97.0p/each),fresh_food,chilled_desserts,2025-05-29
Muller Rice Protein Vanilla Flavour 180g,£0.81,(45.0p/100g),fresh_food,chilled_desserts,2025-05-29
Light & Free Cherry Greek Style 0% Added Sugar Fat Free Yoghurt,£2.38,(51.7p/100g),fresh_food,chilled_desserts,2025-05-29
UFIT Pudding Double Chocolate,£1.88,(75.2p/100ml),fresh_food,chilled_desserts,2025-05-29
The BAKERY at ASDA Oh So Sweet Syrup Sponge Pudding 110g,£1.18,(£1.07/100g),fresh_food,chilled_desserts,2025-05-29
Light & Free Peach Passion Fruit 0% Added Sugar Fat Free Yoghurt,£2.38,(51.7p/100g),fresh_food,chilled_desserts,2025-05-29
Muller Rice Protein Chocolate Flavour 180g,£0.81,(45.0p/100g),fresh_food,chilled_desserts,2025-05-29
GetPro 18g Protein Pudding Chocolate Hazelnut Flavour 180g,£1.72,(95.6p/100g),fresh_food,chilled_desserts,2025-05-29
The BAKERY at ASDA Oh So Sweet Syrup Sponge Pudding 300g,£2.33,(77.7p/100g),fresh_food,chilled_desserts,2025-05-29
GU Brownies Double Chocolate 2 x 79g (158g),£3.97,(£2.51/100g),fresh_food,chilled_desserts,2025-05-29
Muller Light Rhubarb,£0.62,(38.8p/100g),fresh_food,chilled_desserts,2025-05-29
ASDA 2 Classic Crème Brûlée 180g,£2.15,(£1.19/100g),fresh_food,chilled_desserts,2025-05-29
The BAKERY at ASDA Cookie Dough Dessert 300g,£3.50,(£3.50/each),fresh_food,chilled_desserts,2025-05-29
Lindahls Kvarg Vanilla,£1.07,(71.3p/100g),fresh_food,chilled_desserts,2025-05-29
Muller Light Strawberry Yogurt 160g,£0.62,(38.8p/100g),fresh_food,chilled_desserts,2025-05-29
The BAKERY at ASDA Millionaire's Trifle,£3.50,(70.0p/100g),fresh_food,chilled_desserts,2025-05-29
The Delicious Dessert Company Millionaire's Cheesecakes 2 x 95g (190g),£3.76,(£1.88/each),fresh_food,chilled_desserts,2025-05-29
The BAKERY at ASDA Brioche Bread & Butter Pudding 350g,£3.98,(£1.14/100g),fresh_food,chilled_desserts,2025-05-29
Riya's 2 Desserts Mango Cheesecake,£3.00,(£3.00/100g),fresh_food,chilled_desserts,2025-05-29
Bonne Maman Crème Brûlée Dessert 2 x 100g,£3.20,(£1.60/each),fresh_food,chilled_desserts,2025-05-29
Muller Light Choc Pot Milk Chocolate & Orange Flavour 4 x 80g (320g),£1.43,(59.6p/100g),fresh_food,chilled_desserts,2025-05-29
GU Limited Edition Gold Golden Blonde Chocolate,£3.58,(£2.18/100g),fresh_food,chilled_desserts,2025-05-29
GetPro 20g Protein Mousse Chocolate Flavour 200g,£2.28,(£1.14/100g),fresh_food,chilled_desserts,2025-05-29
GU Hot Puds Chocolate Melting Middle Dessert,£3.97,(£1.99/100g),fresh_food,chilled_desserts,2025-05-29
The BAKERY at ASDA Chocolate Sponge Pudding,£3.98,(£3.98/each),fresh_food,chilled_desserts,2025-05-29
Toblerone Cheesecakes 2 x 85g (170g),£3.40,(£2.00/100g),fresh_food,chilled_desserts,2025-05-29
Muller x Myprotein Chocolate Flavour Pudding 200g,£1.38,(69.0p/100g),fresh_food,chilled_desserts,2025-05-29
GU Plant Zillionaire Chocolate & Salted Caramel Cheesecake Dessert,£3.95,(£2.15/100g),fresh_food,chilled_desserts,2025-05-29
6 Assorted Cream Cake Selection,£5.04,(84.0p/each),fresh_food,chilled_desserts,2025-05-29
Abra-Ca-Debora Diddy Sweet Dutch Style Pancakes 250g,£2.28,(91.2p/100g),fresh_food,chilled_desserts,2025-05-29
The BAKERY at ASDA Syrup Sponge Puddings 2 x 105g (210g),£2.58,(£1.29/each),fresh_food,chilled_desserts,2025-05-29
Muller x Myprotein Chocolate Flavor Mousse 200g,£1.78,(89.0p/100g),fresh_food,chilled_desserts,2025-05-29
Muller x Myprotein Salted Caramel Flavor Mousse 200g,£1.78,(89.0p/100g),fresh_food,chilled_desserts,2025-05-29
Muller x Myprotein Chocolate Flavour Pudding 200g,£1.38,(69.0p/100g),fresh_food,chilled_desserts,2025-05-29
GetPro 18g Protein Pudding Chocolate Hazelnut Flavour 180g,£1.72,(95.6p/100g),fresh_food,chilled_desserts,2025-05-29
Muller Light Citrus Fat Free Yogurts,£2.88,(34.3p/100g),fresh_food,chilled_desserts,2025-05-29
GetPro 20g Protein Mousse Chocolate Flavour 200g,£2.28,(£1.14/100g),fresh_food,chilled_desserts,2025-05-29
Muller Light Banana & Custard Flavour Yogurt 160g,£0.62,(38.8p/100g),fresh_food,chilled_desserts,2025-05-29
Royal Dessert Gulabjam,£3.48,(69.6p/100g),fresh_food,chilled_desserts,2025-05-29
Cadbury Dairy Milk Mousse 4 x 45g (180g),£1.48,(82.2p/100g),fresh_food,chilled_desserts,2025-05-29
Lindahls Kvarg White Chocolate,£1.07,(71.3p/100g),fresh_food,chilled_desserts,2025-05-29
Muller x Myprotein Chocolate Flavor Mousse 200g,£1.78,(89.0p/100g),fresh_food,chilled_desserts,2025-05-29
Muller x Myprotein Salted Caramel Flavor Mousse 200g,£1.78,(89.0p/100g),fresh_food,chilled_desserts,2025-05-29
Muller Light Citrus Fat Free Yogurts,£2.88,(34.3p/100g),fresh_food,chilled_desserts,2025-05-29
Exceptional by ASDA 2 Black Forest Éclairs,£3.98,(£1.99/each),fresh_food,chilled_desserts,2025-05-29
Muller Light Greek Style Strawberry Yogurt,£1.57,(34.1p/100g),fresh_food,chilled_desserts,2025-05-29
Aero Chocolate Caramel Bubbly Mousse 4 x 58g (232g),£1.72,(74.1p/100g),fresh_food,chilled_desserts,2025-05-29
GU Inspirations Cookies & Cream Desserts,£2.50,(£1.47/100g),fresh_food,chilled_desserts,2025-05-29
Muller Light Vanilla with Dark Chocolate Sprinkles Yogurt 160g,£0.62,(38.8p/100g),fresh_food,chilled_desserts,2025-05-29
Bonne Maman Crème Caramel Dessert 4 x 100g (400g),£3.20,(80.0p/each),fresh_food,chilled_desserts,2025-05-29
The BAKERY at ASDA Sticky Toffee Puddings 2 x 105g (210g),£2.58,(£1.29/each),fresh_food,chilled_desserts,2025-05-29
GU Hot Chocolate Soufflé Desserts 2 x 60g,£3.50,(£2.92/100g),fresh_food,chilled_desserts,2025-05-29
Light & Free White Chocolate Flavour Greek Style 0% Added Sugar Fat Free Yoghurt,£2.50,(54.4p/100g),fresh_food,chilled_desserts,2025-05-29
Exceptional by ASDA Double Chocolate Pudding 400g,£3.98,(99.5p/100g),fresh_food,chilled_desserts,2025-05-29
Lindahls Kvarg Raspberry,£1.07,(71.3p/100g),fresh_food,chilled_desserts,2025-05-29
The BAKERY at ASDA 8 Sweet Pancakes,£2.98,(37.2p/each),fresh_food,chilled_desserts,2025-05-29
The BAKERY at ASDA Black Forest Trifle,£3.50,(70.0p/100g),fresh_food,chilled_desserts,2025-05-29
The BAKERY at ASDA Jam Roly Poly,£4.18,(89.9p/100g),fresh_food,chilled_desserts,2025-05-29
Exceptional by ASDA Oven Baked 2 Vanilla & Raspberry Flavour Cheesecakes 190g,£3.42,(£1.80/100g),fresh_food,chilled_desserts,2025-05-29
GU Wild Strawberry & Clotted Cream Cheesecake Dessert,£3.58,(£4.11/100g),fresh_food,chilled_desserts,2025-05-29
Riya's Original Recipe Desserts 2 Tiramisu,£3.00,(£3.00/100g),fresh_food,chilled_desserts,2025-05-29
Light & Free Strawberry Greek Style 0% Added Sugar Fat Free Yoghurt,£2.38,(51.7p/100g),fresh_food,chilled_desserts,2025-05-29
Fage Total 0% Fat Greek Recipe Strained Yogurt,£1.10,(73.3p/100g),fresh_food,chilled_desserts,2025-05-29
UFIT Pudding Creamy Caramel,£1.88,(75.2p/100ml),fresh_food,chilled_desserts,2025-05-29
The BAKERY at ASDA Chocolate Cream Sponge,£3.24,(£3.24/each),fresh_food,chilled_desserts,2025-05-29
The BAKERY at ASDA So Chocolatey Chocolate Sponge Pudding 110g,£1.18,(£1.07/100g),fresh_food,chilled_desserts,2025-05-29
The BAKERY at ASDA Chocolate Brownie Dessert 300g,£3.50,(£1.17/100g),fresh_food,chilled_desserts,2025-05-29
The Coconut Collaborative Little Choc Pots,£2.63,(£1.46/100g),fresh_food,chilled_desserts,2025-05-29
Light & Free Sticky Toffee Flavour Greek Style 0% Added Sugar Fat Free Yoghurt,£2.38,(51.7p/100g),fresh_food,chilled_desserts,2025-05-29
Muller Light Limited Edition Light Cookie Dough Flavour Yogurt 160g,£0.62,(38.8p/100g),fresh_food,chilled_desserts,2025-05-29
Muller Light Fat Free Yogurts with Chocolate Sprinkles,£2.88,(34.3p/100g),fresh_food,chilled_desserts,2025-05-29
Muller Rice Apple,£0.62,(36.5p/100g),fresh_food,chilled_desserts,2025-05-29
Muller Rice Vanilla Custard Low Fat Pudding,£0.62,(36.5p/100g),fresh_food,chilled_desserts,2025-05-29
Muller Rice Original Low Fat Pudding,£0.62,(36.5p/100g),fresh_food,chilled_desserts,2025-05-29
Muller Rice Strawberry Low Fat Pudding,£0.62,(36.5p/100g),fresh_food,chilled_desserts,2025-05-29
JUST ESSENTIALS by ASDA 3 Strawberry Cheesecakes,£1.10,(40.7p/100g),fresh_food,chilled_desserts,2025-05-29
Muller x Myprotein Chocolate Flavor Mousse 200g,£1.78,(89.0p/100g),fresh_food,chilled_desserts,2025-05-29
Muller x Myprotein Salted Caramel Flavor Mousse 200g,£1.78,(89.0p/100g),fresh_food,chilled_desserts,2025-05-29
Muller x Myprotein Chocolate Flavour Pudding 200g,£1.38,(69.0p/100g),fresh_food,chilled_desserts,2025-05-29
GetPro 18g Protein Pudding Chocolate Hazelnut Flavour 180g,£1.72,(95.6p/100g),fresh_food,chilled_desserts,2025-05-29
Muller Light Citrus Fat Free Yogurts,£2.88,(34.3p/100g),fresh_food,chilled_desserts,2025-05-29
GetPro 20g Protein Mousse Chocolate Flavour 200g,£2.28,(£1.14/100g),fresh_food,chilled_desserts,2025-05-29
Muller Light Banana & Custard Flavour Yogurt 160g,£0.62,(38.8p/100g),fresh_food,chilled_desserts,2025-05-29
Royal Dessert Gulabjam,£3.48,(69.6p/100g),fresh_food,chilled_desserts,2025-05-29
Cadbury Dairy Milk Mousse 4 x 45g (180g),£1.48,(82.2p/100g),fresh_food,chilled_desserts,2025-05-29
Lindahls Kvarg White Chocolate,£1.07,(71.3p/100g),fresh_food,chilled_desserts,2025-05-29
ASDA Limited Edition Chip Shop Chicken Curry & Chips Pizza,£4.22,(0.9p/g),fresh_food,pizza_pasta_gbread,2025-05-29
ASDA Woodfired Italian Style Margherita Pizza with Sourdough 423g,£4.22,(99.8p/100g),fresh_food,pizza_pasta_gbread,2025-05-29
ASDA Woodfired Italian Style Prosciutto Funghi Pizza with Sourdough 445g,£4.22,(94.8p/100g),fresh_food,pizza_pasta_gbread,2025-05-29
ASDA Woodfired Italian Style Salsiccia Piccante & 'Nduja Pizza with Sourdough 437g,£4.22,(96.6p/100g),fresh_food,pizza_pasta_gbread,2025-05-29
ASDA Woodfired Italian Style Chicken Arrabbiata Pizza with Sourdough 480g,£4.22,(87.9p/100g),fresh_food,pizza_pasta_gbread,2025-05-29
Takeout Club by ASDA Classic Crust BBQ Meatballer 480g,£5.04,(£10.50/kg),fresh_food,pizza_pasta_gbread,2025-05-29
Takeout Club by ASDA Classic Crust Kickin' Chicken Shawarma 495g,£5.04,(£10.18/kg),fresh_food,pizza_pasta_gbread,2025-05-29
ASDA The Cheesy One Medium Thin Stonebaked Pizza 331g,£3.98,(£10.82/kg),fresh_food,pizza_pasta_gbread,2025-05-29
ASDA Simply Pepperoni Medium Thin Stonebaked Pizza 317g,£3.98,(£11.27/kg),fresh_food,pizza_pasta_gbread,2025-05-29
ASDA The Meaty One Medium Thin Stonebaked Pizza 358g,£3.98,(£10.00/kg),fresh_food,pizza_pasta_gbread,2025-05-29
ASDA The Veggie One Medium Thin Stonebaked Pizza 420g,£3.98,(£8.52/kg),fresh_food,pizza_pasta_gbread,2025-05-29
ASDA The Cheesy One Medium Deep Pan Pizza 380g,£3.98,(£9.41/kg),fresh_food,pizza_pasta_gbread,2025-05-29
ASDA Simply Pepperoni Medium Deep Pan Pizza 367g,£3.98,(£9.75/kg),fresh_food,pizza_pasta_gbread,2025-05-29
ASDA The Meaty One Medium Deep Pan Pizza 407g,£3.98,(£8.79/kg),fresh_food,pizza_pasta_gbread,2025-05-29
ASDA The Veggie One Medium Deep Pan Pizza 469g,£3.98,(£7.62/kg),fresh_food,pizza_pasta_gbread,2025-05-29
ASDA The American Style Sizzler Medium Deep Pan Pizza 433g,£3.98,(£7.73/kg),fresh_food,pizza_pasta_gbread,2025-05-29
ASDA The American Style Sizzler Medium Thin Stonebaked Pizza 384g,£3.98,(£8.65/kg),fresh_food,pizza_pasta_gbread,2025-05-29
ASDA The Cheesy One Large Thin Stonebaked Pizza 606g,£4.98,(£7.39/kg),fresh_food,pizza_pasta_gbread,2025-05-29
ASDA Simply Pepperoni Large Thin Stonebaked Pizza 592g,£4.98,(£7.57/kg),fresh_food,pizza_pasta_gbread,2025-05-29
ASDA The Meaty One Large Thin Stonebaked Pizza 678g,£4.98,(£6.60/kg),fresh_food,pizza_pasta_gbread,2025-05-29
ASDA The Veggie One Large Thin Stonebaked Pizza 802g,£4.98,(£5.58/kg),fresh_food,pizza_pasta_gbread,2025-05-29
ASDA The American Style Sizzler Large Thin Stonebaked Pizza 730g,£4.98,(£5.67/kg),fresh_food,pizza_pasta_gbread,2025-05-29
ASDA The Cheesy One Large Deep Pan Pizza 831g,£4.98,(£5.39/kg),fresh_food,pizza_pasta_gbread,2025-05-29
ASDA Simply Pepperoni Large Deep Pan Pizza 817g,£4.98,(£5.48/kg),fresh_food,pizza_pasta_gbread,2025-05-29
ASDA The Meaty One Large Deep Pan Pizza 903g,£4.98,(£4.96/kg),fresh_food,pizza_pasta_gbread,2025-05-29
ASDA The Veggie One Large Deep Pan Pizza 1027g,£4.98,(£4.36/kg),fresh_food,pizza_pasta_gbread,2025-05-29
ASDA The American Style Sizzler Large Deep Pan Pizza 955g,£4.98,(£4.62/kg),fresh_food,pizza_pasta_gbread,2025-05-29
ASDA Cheesy Garlic Bread Medium Thin Stonebaked Pizza 259g,£1.44,(£5.00/kg),fresh_food,pizza_pasta_gbread,2025-05-29
JUST ESSENTIALS by ASDA Cheese & Tomato Pizza 300g,£1.09,(£3.63/kg),fresh_food,pizza_pasta_gbread,2025-05-29
JUST ESSENTIALS by ASDA Pepperoni Pizza,£1.25,(£4.28/kg),fresh_food,pizza_pasta_gbread,2025-05-29
JUST ESSENTIALS by ASDA Cheese & Ham Snack Pizza,£0.60,(£5.26/kg),fresh_food,pizza_pasta_gbread,2025-05-29
JUST ESSENTIALS by ASDA Cheese & Tomato Snack Pizza,£0.58,(£5.09/kg),fresh_food,pizza_pasta_gbread,2025-05-29
ASDA Stonebaked Pepperoni Pizza 317g,£2.58,(£8.06/kg),fresh_food,pizza_pasta_gbread,2025-05-29
ASDA Stonebaked Margherita Pizza 305g,£2.58,(£8.60/kg),fresh_food,pizza_pasta_gbread,2025-05-29
ASDA Stonebaked BBQ Chicken Pizza 355g,£2.58,(£7.37/kg),fresh_food,pizza_pasta_gbread,2025-05-29
ASDA Large Stonebaked Pepperoni Pizza 505g,£3.84,(£7.60/kg),fresh_food,pizza_pasta_gbread,2025-05-29
ASDA Stonebaked Spicy Fajita Chicken Pizza 365g,£2.58,(£7.17/kg),fresh_food,pizza_pasta_gbread,2025-05-29
ASDA Deep Pan Meat Feast Pizza 443g,£2.58,(£5.86/kg),fresh_food,pizza_pasta_gbread,2025-05-29
ASDA Stonebaked Ham & Pineapple Pizza 366g,£2.58,(£6.97/kg),fresh_food,pizza_pasta_gbread,2025-05-29
"ASDA Extra Special Prosciutto Cotto, Garlic Mushroom & Mascarpone Sourdough Pizza 218g",£3.28,(£15.05/kg),fresh_food,pizza_pasta_gbread,2025-05-29
ASDA Stonebaked Vegetable Supreme Pizza 350g,£2.58,(£7.37/kg),fresh_food,pizza_pasta_gbread,2025-05-29
ASDA Stonebaked Meat Feast Pizza 348g,£2.58,(£7.37/kg),fresh_food,pizza_pasta_gbread,2025-05-29
ASDA Take-Out Club Garlic & Herb Dip 90g,£1.03,(£1.14/100g),fresh_food,pizza_pasta_gbread,2025-05-29
ASDA Large Stonebaked Margherita Pizza 503g,£3.84,(£7.63/kg),fresh_food,pizza_pasta_gbread,2025-05-29
ASDA Deep Pan Four Cheese Pizza 425g,£2.58,(£6.14/kg),fresh_food,pizza_pasta_gbread,2025-05-29
ASDA Extra Special Garlic Mushroom Truffle & Mascarpone Sourdough Pizza 471g,£4.74,(£10.06/kg),fresh_food,pizza_pasta_gbread,2025-05-29
ASDA Garlic & Herb Flatbread,£1.74,(71.0p/100g),fresh_food,pizza_pasta_gbread,2025-05-29
"ASDA Extra Special Buffalo Mozzarella, Sunblush Tomato & Pesto Sourdough Pizza 458g",£4.74,(£10.35/kg),fresh_food,pizza_pasta_gbread,2025-05-29
"ASDA Extra Special Prosciutto Cotto, Garlic Mushroom & Mascarpone Sourdough Pizza 476g",£4.74,(£9.96/kg),fresh_food,pizza_pasta_gbread,2025-05-29
ASDA Cheese & Garlic Flatbread 250g,£1.74,(69.6p/100g),fresh_food,pizza_pasta_gbread,2025-05-29
ASDA Crispy Halloumi Fries 170g,£2.48,(£1.46/100g),fresh_food,pizza_pasta_gbread,2025-05-29
Pizza Express American Hot 385g,£5.98,(£15.53/kg),fresh_food,pizza_pasta_gbread,2025-05-29
Pizza Express Sloppy Giuseppe Spicy Beef 292g,£5.48,(£18.77/kg),fresh_food,pizza_pasta_gbread,2025-05-29
ASDA Extra Special Hand-Stretched Mozzarella & Basil Flatbread,£2.13,(£1.06/100g),fresh_food,pizza_pasta_gbread,2025-05-29
ASDA Extra Special Hand-Stretched Mozzarella & Basil Flatbread,£2.13,(£1.06/100g),fresh_food,pizza_pasta_gbread,2025-05-29
McCain Shake Shake Smoky Barbecue Wedges,£2.50,(£8.20/kg),fresh_food,pizza_pasta_gbread,2025-05-29
ASDA Nacho Cheese Dip 55g,£0.72,(£13.09/kg),fresh_food,pizza_pasta_gbread,2025-05-29
Takeout Club by ASDA Jalapeño Penalty Poppers 200g,£3.02,(£1.51/100g),fresh_food,pizza_pasta_gbread,2025-05-29
Pizza Express Sloppy Giuseppe Spicy Beef 292g,£5.48,(£18.77/kg),fresh_food,pizza_pasta_gbread,2025-05-29
Takeout Club by ASDA Classic Crust Kickin' Meat Feast 492g,£5.04,(£10.24/kg),fresh_food,pizza_pasta_gbread,2025-05-29
Pizza Express Pizza Express Hawaiian 393g,£5.98,(£15.22/kg),fresh_food,pizza_pasta_gbread,2025-05-29
Pizza Express Pizza Express Pollo American 417g,£5.98,(£14.34/kg),fresh_food,pizza_pasta_gbread,2025-05-29
Pizza Express Pizza Express Pollo ad Astra Chicken & Peppadew Pepper 409g,£5.98,(£14.62/kg),fresh_food,pizza_pasta_gbread,2025-05-29
ASDA Extra Special Caramelised Red Onion & Mozzarella Flatbreads,£2.13,(96.8p/100g),fresh_food,pizza_pasta_gbread,2025-05-29
ASDA Garlic & Herb Dip 55g,£0.72,(£13.09/kg),fresh_food,pizza_pasta_gbread,2025-05-29
Pizza Express BBQ Chicken 272g,£5.48,(£20.15/kg),fresh_food,pizza_pasta_gbread,2025-05-29
ASDA Take-Out Club Spicy Mayo Dip 90g,£1.03,(£1.14/100g),fresh_food,pizza_pasta_gbread,2025-05-29
Tango Orange Original Bottle 1.5L,£1.98,(13.2p/100ml),fresh_food,pizza_pasta_gbread,2025-05-29
Pizza Express Spinach & Ricotta 287g,£5.48,(£1.91/100g),fresh_food,pizza_pasta_gbread,2025-05-29
OMV! Deliciously Vegan by Asda Thin Stonebaked Vegetable Feast Vegan Pizza,£2.98,(£10.57/kg),fresh_food,pizza_pasta_gbread,2025-05-29
ASDA Extra Special 2 Caramelised Red Onion & Mozzarella Flatbreads 220g,£2.13,(96.8p/100g),fresh_food,pizza_pasta_gbread,2025-05-29
Takeout Club by ASDA Kickin' Chicken Chunks 200g,£3.02,(£15.10/kg),fresh_food,pizza_pasta_gbread,2025-05-29
Pizza Express La Reine Ham & Mushroom 386g,£5.98,(£15.49/kg),fresh_food,pizza_pasta_gbread,2025-05-29
Pizza Express Classic American,£5.48,(£21.92/kg),fresh_food,pizza_pasta_gbread,2025-05-29
Takeout Club by ASDA Stuffed Crust Cheese Meltdown 598g,£5.04,(£8.43/kg),fresh_food,pizza_pasta_gbread,2025-05-29
ASDA Stonebaked Spicy Beef Pizza 354g,£2.58,(£7.37/kg),fresh_food,pizza_pasta_gbread,2025-05-29
Takeout Club by ASDA Ballin' BBQ Dip 90g,£1.03,(£1.14/100g),fresh_food,pizza_pasta_gbread,2025-05-29
ASDA Tomato & Garlic Flatbread 250g,£1.74,(69.6p/100g),fresh_food,pizza_pasta_gbread,2025-05-29
"ASDA Extra Special Fennel Sausage, N'duja & Red Pepper Sourdough Pizza 477g",£4.74,(£9.94/kg),fresh_food,pizza_pasta_gbread,2025-05-29
ASDA Italian Style Arrabbiata Arancini 200g,£3.00,(£15.00/kg),fresh_food,pizza_pasta_gbread,2025-05-29
ASDA Thin Stonebaked Cheesy Garlic Pizza Bread,£2.20,(£7.72/kg),fresh_food,pizza_pasta_gbread,2025-05-29
ASDA Fiery Chilli Jam 55g,£0.72,(£13.09/kg),fresh_food,pizza_pasta_gbread,2025-05-29
ASDA Chicken Popcorn Bites 200g,£2.48,(£1.24/100g),fresh_food,pizza_pasta_gbread,2025-05-29
ASDA BBQ Dip 55g,£0.72,(£13.09/kg),fresh_food,pizza_pasta_gbread,2025-05-29
Takeout Club by ASDA Crispy Chicken Strips 200g,£3.02,(£15.10/kg),fresh_food,pizza_pasta_gbread,2025-05-29
Pepsi 1.5 Litres,£1.98,(13.2p/100ml),fresh_food,pizza_pasta_gbread,2025-05-29
7UP Zero Sugar 1.5 Litres,£1.98,(13.2p/100ml),fresh_food,pizza_pasta_gbread,2025-05-29
ASDA Spicy Potato Wedges 400g,£2.48,(£6.20/kg),fresh_food,pizza_pasta_gbread,2025-05-29
McCain Shake Shake Spanish Smoked Paprika Fries,£2.50,(£8.25/kg),fresh_food,pizza_pasta_gbread,2025-05-29
Pizza Express Pizza Express Margherita Formaggi 393g,£5.98,(£15.22/kg),fresh_food,pizza_pasta_gbread,2025-05-29
ASDA Deep Pan Pepperoni & Red Pepper Pizza 436g,£2.58,(£5.86/kg),fresh_food,pizza_pasta_gbread,2025-05-29
ASDA Extra Special Spicy Salami Spianata & Hot Honey Sourdough Pizza 465g,£4.74,(£10.19/kg),fresh_food,pizza_pasta_gbread,2025-05-29
Takeout Club by ASDA Mac & Cheese Bites 200g,£3.02,(£15.10/kg),fresh_food,pizza_pasta_gbread,2025-05-29
ASDA Extra Special Mozzarella & Basil Flatbread 200g,£2.13,(£1.06/100g),fresh_food,pizza_pasta_gbread,2025-05-29
ASDA Limited Edition Chip Shop Chicken Curry Spring Rolls 216g,£2.48,(£11.48/kg),fresh_food,pizza_pasta_gbread,2025-05-29
Takeout Club by ASDA Garlic & Herb Potato Dippers 307g,£3.02,(£9.84/kg),fresh_food,pizza_pasta_gbread,2025-05-29
Pepsi Max 1.5 Litres,£1.98,(13.2p/100ml),fresh_food,pizza_pasta_gbread,2025-05-29
ASDA 12 Garlic Dough Balls 165g,£2.48,(£2.48/each),fresh_food,pizza_pasta_gbread,2025-05-29
Pizza Express Classic Margherita,£5.48,(£22.37/kg),fresh_food,pizza_pasta_gbread,2025-05-29
Takeout Club by ASDA Waffle Fries 250g,£3.02,(£12.08/kg),fresh_food,pizza_pasta_gbread,2025-05-29
Takeout Club by ASDA Mozzarella Sticks 240g,£3.02,(£12.58/kg),fresh_food,pizza_pasta_gbread,2025-05-29
ASDA Deep Pan BBQ Chicken Pizza 450g,£2.58,(£5.73/kg),fresh_food,pizza_pasta_gbread,2025-05-29
ASDA Cheesy Loaded Nachos 208g,£2.48,(£10.69/kg),fresh_food,pizza_pasta_gbread,2025-05-29
ASDA Cheesy Jalapeño Poppers 200g,£2.48,(£1.24/100g),fresh_food,pizza_pasta_gbread,2025-05-29
7UP Zero Sugar 1.5 Litres,£1.98,(13.2p/100ml),fresh_food,pizza_pasta_gbread,2025-05-29
Pizza Express Pizza Express Margherita Formaggi 393g,£5.98,(£15.22/kg),fresh_food,pizza_pasta_gbread,2025-05-29
ASDA BBQ Dip 55g,£0.72,(£13.09/kg),fresh_food,pizza_pasta_gbread,2025-05-29
ASDA Garlic & Herb Doughballs 165g,£1.94,(£1.18/100g),fresh_food,pizza_pasta_gbread,2025-05-29
"ASDA Extra Special Pesto Chicken, Mozzarella & Sunblush Tomato Sourdough Pizza 487g",£4.74,(£9.73/kg),fresh_food,pizza_pasta_gbread,2025-05-29
"ASDA Extra Special Buffalo Mozzarella, Sunblush Tomato & Pesto Sourdough Pizza 206g",£3.28,(£15.92/kg),fresh_food,pizza_pasta_gbread,2025-05-29
Scoville Neverstick 38cm Baking Tray,£15.00,(£15.00/each),fresh_food,pizza_pasta_gbread,2025-05-29
George Home Oven Tray,£4.50,(£4.50/each),fresh_food,pizza_pasta_gbread,2025-05-29
George Home Non-Stick Grey Oven Tray,£2.00,(£2.00/each),fresh_food,pizza_pasta_gbread,2025-05-29
Scoville Neverstick 30cm Pizza Tray,£12.00,(£12.00/each),fresh_food,pizza_pasta_gbread,2025-05-29
Scoville Expert 35cm Oven Tray,£9.53,(£9.53/each),fresh_food,pizza_pasta_gbread,2025-05-29
Scoville Neverstick Large Oven Tray,£12.00,(£12.00/each),fresh_food,pizza_pasta_gbread,2025-05-29
George Home Non-stick Roaster,£1.50,(£1.50/each),fresh_food,pizza_pasta_gbread,2025-05-29
George Home Enamel Oven Tray,£4.00,(£4.00/each),fresh_food,pizza_pasta_gbread,2025-05-29
George Home Non-stick Oven Tray 32cm,£1.25,(£1.25/each),fresh_food,pizza_pasta_gbread,2025-05-29
George Home Non-Stick Pizza & Chip Tray,£3.00,(£3.00/each),fresh_food,pizza_pasta_gbread,2025-05-29
George Home Roaster,£5.50,(£5.50/each),fresh_food,pizza_pasta_gbread,2025-05-29
Scoville Pro Neverstick+ 36cm Baking Tray,£16.00,(£16.00/each),fresh_food,pizza_pasta_gbread,2025-05-29
Scoville Expert Neverstick+ 31cm Baking Tray,£7.48,(£7.48/each),fresh_food,pizza_pasta_gbread,2025-05-29
George Home Grey Non-Stick Oven Tray - Set of 3,£4.50,(£4.50/each),fresh_food,pizza_pasta_gbread,2025-05-29
George Home Non-Stick Oven Tray,£3.00,(£3.00/each),fresh_food,pizza_pasta_gbread,2025-05-29
Gino D'Acampo Black Pizza Tray 12 Inch,£4.50,(£4.50/each),fresh_food,pizza_pasta_gbread,2025-05-29
Tefal Non-Stick Oven Tray 40cm,£10.00,(£10.00/each),fresh_food,pizza_pasta_gbread,2025-05-29
George Home Non-Stick Pizza Tray,£2.50,(£2.50/each),fresh_food,pizza_pasta_gbread,2025-05-29
ASDA Potato Salad,£0.98,(32.7p/100g),fresh_food,pizza_pasta_gbread,2025-05-29
Scoville Neverstick Medium Oven Tray,£10.00,(£10.00/each),fresh_food,pizza_pasta_gbread,2025-05-29
ASDA Coleslaw,£0.98,(32.7p/100g),fresh_food,pizza_pasta_gbread,2025-05-29
George Home Excellence Oven Tray,£6.00,(£6.00/each),fresh_food,pizza_pasta_gbread,2025-05-29
Gino D'Acampo 33cm Oven Tray,£6.00,(£6.00/each),fresh_food,pizza_pasta_gbread,2025-05-29
Tefal Non-Stick Oven Tray Small,£8.00,(£8.00/each),fresh_food,pizza_pasta_gbread,2025-05-29
La Famiglia Rana Garlic & Mozzarella Filled Pan-Fry Gnocchi 280g,£2.98,(£10.64/kg),fresh_food,pizza_pasta_gbread,2025-05-29
La Famiglia Rana Tomato & Mozzarella Filled Pan-Fry GnocchI,£2.98,(£10.64/kg),fresh_food,pizza_pasta_gbread,2025-05-29
La Famiglia Rana Filled Pan-Fry Gnocchi Spinach & Mozzarella,£2.98,(£10.64/kg),fresh_food,pizza_pasta_gbread,2025-05-29
ASDA Garlic & Herb Flatbread,£1.74,(71.0p/100g),fresh_food,pizza_pasta_gbread,2025-05-29
ASDA Garlic & Herb Doughballs 165g,£1.94,(£1.18/100g),fresh_food,pizza_pasta_gbread,2025-05-29
ASDA 4 Garlic & Herb Ciabatta Breadsticks 130g,£1.94,(£1.49/100g),fresh_food,pizza_pasta_gbread,2025-05-29
ASDA 8 Garlic & Herb Baguette Slices 220g,£1.94,(88.2p/100g),fresh_food,pizza_pasta_gbread,2025-05-29
ASDA Tomato & Garlic Flatbread 250g,£1.74,(69.6p/100g),fresh_food,pizza_pasta_gbread,2025-05-29
ASDA Garlic & Herb Baguette,£0.98,(46.7p/100g),fresh_food,pizza_pasta_gbread,2025-05-29
ASDA Extra Special Roast Garlic Ciabatta 250g,£2.73,(£1.09/100g),fresh_food,pizza_pasta_gbread,2025-05-29
ASDA Cheese & Garlic Flatbread 250g,£1.74,(69.6p/100g),fresh_food,pizza_pasta_gbread,2025-05-29
La Famiglia Rana Chicken & Smoked Pancetta Fresh Tortelloni,£2.98,(£11.92/kg),fresh_food,pizza_pasta_gbread,2025-05-29
La Famiglia Rana Prosciutto Cotto & Mozzarella Fresh Tortelloni,£2.98,(£11.92/kg),fresh_food,pizza_pasta_gbread,2025-05-29
ASDA Sweet Tomato & Basil Pasta Sauce,£1.84,(52.6p/100g),fresh_food,pizza_pasta_gbread,2025-05-29
ASDA Spicy Arrabiatta Sauce,£1.84,(52.6p/100g),fresh_food,pizza_pasta_gbread,2025-05-29
ASDA Creamy Tomato & Mascarpone Pasta Sauce 350g,£1.84,(52.6p/100g),fresh_food,pizza_pasta_gbread,2025-05-29
ASDA Extra Special Puttanesca Sauce 180g,£2.75,(£1.53/100g),fresh_food,pizza_pasta_gbread,2025-05-29
ASDA Extra Special Butternut Squash & Pine Nut Girasole,£3.48,(£13.92/kg),fresh_food,pizza_pasta_gbread,2025-05-29
ASDA Extra Special Nduja & Red Pepper Ravioli,£3.48,(£13.92/kg),fresh_food,pizza_pasta_gbread,2025-05-29
ASDA Extra Special Porcini Mushroom & Truffle Mezzelune,£3.48,(£13.92/kg),fresh_food,pizza_pasta_gbread,2025-05-29
ASDA Bronze Die Pappardelle 350g,£3.25,(£9.29/kg),fresh_food,pizza_pasta_gbread,2025-05-29
ASDA Extra Special Bronze Die Fusilli Gigante 350g,£3.25,(£9.29/kg),fresh_food,pizza_pasta_gbread,2025-05-29
ASDA Spinach & Ricotta Tortelloni Serves 2 300g,£1.97,(£6.57/kg),fresh_food,pizza_pasta_gbread,2025-05-29
ASDA Fresh Egg Tagliatelle Pasta Serves 4,£1.97,(£3.94/kg),fresh_food,pizza_pasta_gbread,2025-05-29
ASDA Four Cheese Tortelloni Serves 2 300g,£1.97,(£6.57/kg),fresh_food,pizza_pasta_gbread,2025-05-29
ASDA Spicy Sausage Tortelloni Serves 2 300g,£1.97,(£6.57/kg),fresh_food,pizza_pasta_gbread,2025-05-29
ASDA Rich Cheese Sauce 350g,£1.84,(52.6p/100g),fresh_food,pizza_pasta_gbread,2025-05-29
ASDA Bolognese Tortelloni Serves 2 300g,£1.97,(£6.57/kg),fresh_food,pizza_pasta_gbread,2025-05-29
ASDA Smoky Carbonara Pasta Sauce,£1.84,(52.6p/100g),fresh_food,pizza_pasta_gbread,2025-05-29
ASDA Chicken & Bacon Tortelloni Serves 2 300g,£1.97,(£6.57/kg),fresh_food,pizza_pasta_gbread,2025-05-29
ASDA Fresh Gnocchi 500g,£1.97,(£3.94/kg),fresh_food,pizza_pasta_gbread,2025-05-29
ASDA 8 Cheese & Garlic Baguette Slices,£1.94,(£7.46/kg),fresh_food,pizza_pasta_gbread,2025-05-29
ASDA Ham & Cheese Tortelloni Serves 2 300g,£1.97,(£6.57/kg),fresh_food,pizza_pasta_gbread,2025-05-29
La Famiglia Rana Sicilian Style Vegetables Chopped & Chunky Fresh Sauce 200g,£2.75,(£1.38/100g),fresh_food,pizza_pasta_gbread,2025-05-29
ASDA Extra Special Hand-Stretched Mozzarella & Basil Flatbread,£2.13,(£1.06/100g),fresh_food,pizza_pasta_gbread,2025-05-29
ASDA Fresh Egg Fusilli Pasta Serves 4,£1.97,(£3.94/kg),fresh_food,pizza_pasta_gbread,2025-05-29
ASDA Fresh Egg Lasagne Sheets Serves 6,£1.97,(£6.57/kg),fresh_food,pizza_pasta_gbread,2025-05-29
"ASDA Extra Special Pomodorini Tomato, Mozzarella & Garlic Flatbread 215g",£2.13,(99.1p/100g),fresh_food,pizza_pasta_gbread,2025-05-29
ASDA Extra Special Basil Pesto 130g,£2.75,(£2.12/100g),fresh_food,pizza_pasta_gbread,2025-05-29
Pizza Express Original Dough Balls with Garlic Butter Dip,£2.13,(£2.24/100g),fresh_food,pizza_pasta_gbread,2025-05-29
Pizza Express Garlic & Mozzarella Flatbread,£3.48,(£12.00/kg),fresh_food,pizza_pasta_gbread,2025-05-29
George Home Roaster,£5.50,(£5.50/each),fresh_food,pizza_pasta_gbread,2025-05-29
ASDA Fresh Egg Penne Pasta Serves 4,£1.97,(£3.94/kg),fresh_food,pizza_pasta_gbread,2025-05-29
ASDA Extra Special 2 Caramelised Red Onion & Mozzarella Flatbreads 220g,£2.13,(96.8p/100g),fresh_food,pizza_pasta_gbread,2025-05-29
ASDA Thin Stonebaked Cheesy Garlic Pizza Bread,£2.20,(£7.72/kg),fresh_food,pizza_pasta_gbread,2025-05-29
ASDA Extra Special Caramelised Red Onion & Mozzarella Flatbreads,£2.13,(96.8p/100g),fresh_food,pizza_pasta_gbread,2025-05-29
ASDA Extra Special Chargrilled Mediterranean Vegetable Sauce 350g,£2.75,(78.6p/100g),fresh_food,pizza_pasta_gbread,2025-05-29
ASDA Extra Special Nduja & Mascarpone Sauce Pasta Sauce,£2.75,(78.6p/100g),fresh_food,pizza_pasta_gbread,2025-05-29
La Famiglia Rana Sundried Tomato & Pecorino Cheese Chopped & Chunky Fresh Sauce 200g,£2.75,(£1.38/100g),fresh_food,pizza_pasta_gbread,2025-05-29
"ASDA Extra Special Burrata, Roasted Cherry Tomato & Basil Ravioli",£3.48,(£13.92/kg),fresh_food,pizza_pasta_gbread,2025-05-29
La Famiglia Rana Mushroom & Ricotta Fresh Tortelloni,£2.98,(£11.92/kg),fresh_food,pizza_pasta_gbread,2025-05-29
ASDA Extra Special Mozzarella & Basil Flatbread 200g,£2.13,(£1.06/100g),fresh_food,pizza_pasta_gbread,2025-05-29
La Famiglia Rana Aubergine Parmigiana Fresh Tortelloni 2,£2.98,(£11.92/kg),fresh_food,pizza_pasta_gbread,2025-05-29
ASDA Extra Special Creamy Chestnut Mushroom & Truffle Sauce 350g,£2.75,(78.6p/100g),fresh_food,pizza_pasta_gbread,2025-05-29
La Famiglia Rana Spinach & Ricotta Fresh Tortelloni,£2.98,(£11.92/kg),fresh_food,pizza_pasta_gbread,2025-05-29
La Famiglia Rana Mushroom & Roasted Garlic Chopped & Chunky Fresh Sauce 200g,£2.75,(£1.38/100g),fresh_food,pizza_pasta_gbread,2025-05-29
ASDA Extra Special Roast Garlic Ciabatta,£2.73,(£1.09/100g),fresh_food,pizza_pasta_gbread,2025-05-29
ASDA 2 Garlic & Herb Baguettes,£1.74,(41.4p/100g),fresh_food,pizza_pasta_gbread,2025-05-29
Pizza Express Original Dough Balls with Garlic Butter Dip,£3.78,(£1.89/100g),fresh_food,pizza_pasta_gbread,2025-05-29
JUST ESSENTIALS by ASDA Garlic Bread Baguette,£0.35,(20.6p/100g),fresh_food,pizza_pasta_gbread,2025-05-29
,,,fresh_food,pizza_pasta_gbread,2025-05-29
,,,fresh_food,pizza_pasta_gbread,2025-05-29
,,,fresh_food,pizza_pasta_gbread,2025-05-29
,,,fresh_food,pizza_pasta_gbread,2025-05-29
,,,fresh_food,pizza_pasta_gbread,2025-05-29
,,,fresh_food,pizza_pasta_gbread,2025-05-29
Exceptional by ASDA Lemon Drizzle Cake,£4.98,(£4.98/each),bakery,bakery,2025-05-29
Exceptional by ASDA Chocolate & Caramel Cake,£4.98,(£4.98/each),bakery,bakery,2025-05-29
Exceptional by ASDA Belgian Chocolate & Salted Caramel Cheesecake 550g,£4.98,(90.5p/100g),bakery,bakery,2025-05-29
Exceptional by ASDA Blood Orange Cheesecake 550g,£4.98,(0.9p/g),bakery,bakery,2025-05-29
Exceptional by ASDA Classic New York Cheesecake 500g,£4.98,(90.5p/100g),bakery,bakery,2025-05-29
Exceptional by ASDA Stonebaked Pave Rolls 4 x 75g (300g),£1.78,(44.5p/each),bakery,bakery,2025-05-29
Exceptional by ASDA White Farmhouse Loaf 800g,£1.45,(18.1p/100g),bakery,bakery,2025-05-29
Exceptional by ASDA Asda Exceptional 6 Crumpets with Sourdough,£1.24,(20.7p/each),bakery,bakery,2025-05-29
Exceptional by ASDA 4 Sliced Brioche Burger Buns,£1.42,(35.5p/each),bakery,bakery,2025-05-29
Exceptional by ASDA 4 Buttermilk Pancakes,£1.65,(41.2p/each),bakery,bakery,2025-05-29
Exceptional by ASDA 6 Sliced Brioche Hot Dog Rolls,£2.16,(36.0p/each),bakery,bakery,2025-05-29
Exceptional by ASDA Bake at Home Stonebaked Baguettes 2 x 125g (250g),£1.76,(88.0p/each),bakery,bakery,2025-05-29
Exceptional by ASDA Wholemeal & Rye Sourdough Sliced Loaf 500g,£2.44,(48.8p/100g),bakery,bakery,2025-05-29
Exceptional by ASDA White Sourdough Loaf 500g,£2.44,(48.8p/100g),bakery,bakery,2025-05-29
Exceptional by ASDA 4 All-Butter Croissants,£2.38,(59.5p/each),bakery,bakery,2025-05-29
Exceptional by ASDA 4 Blueberry Pancakes,£1.65,(41.2p/each),bakery,bakery,2025-05-29
Exceptional by ASDA Superseeded Sliced Loaf 800g,£1.45,(18.1p/100g),bakery,bakery,2025-05-29
Exceptional by ASDA Oven Baked 2 Vanilla & Raspberry Flavour Cheesecakes 190g,£3.42,(£1.80/100g),bakery,bakery,2025-05-29
The BAKERY at ASDA 20 Flapjack Mini Bites,£2.58,(12.9p/each),bakery,bakery,2025-05-29
The BAKERY at ASDA 20 Brownie Mini Bites,£2.58,(12.9p/each),bakery,bakery,2025-05-29
The BAKERY at ASDA 22 Caramel Shortcake Mini Bites,£2.58,(11.7p/each),bakery,bakery,2025-05-29
The BAKERY at ASDA 15 Chocolate Cluster Mini Bites,£2.58,(17.2p/each),bakery,bakery,2025-05-29
The BAKERY at ASDA 20 Mini Shortbread Bites,£2.58,(12.9p/each),bakery,bakery,2025-05-29
The BAKERY at ASDA 18 Milk Choc Chip Mini Cookies,£2.58,(14.3p/each),bakery,bakery,2025-05-29
The BAKERY at ASDA 4 Blueberry Muffins,£1.64,(41.0p/each),bakery,bakery,2025-05-29
The BAKERY at ASDA 4 Triple Chocolate Muffins,£1.64,(41.0p/each),bakery,bakery,2025-05-29
The BAKERY at ASDA 5 Milk Chocolate Chip Cookies,£1.38,(27.6p/each),bakery,bakery,2025-05-29
The BAKERY at ASDA 5 White Chocolate Chip Cookies,£1.38,(27.6p/each),bakery,bakery,2025-05-29
The BAKERY at ASDA 5 Double Chocolate Chip Cookies,£1.38,(27.6p/each),bakery,bakery,2025-05-29
The BAKERY at ASDA 5 Oat and Raisin Cookies,£1.38,(27.6p/each),bakery,bakery,2025-05-29
Allinson's Batch Baked Scandalous Seeds Wholemeal,£1.85,(28.5p/100g),bakery,bakery,2025-05-29
St Pierre 4 Brioche Burger Buns,£2.44,(61.0p/each),bakery,bakery,2025-05-29
Allinson's The Champion Wholemeal Bread,£1.80,(27.7p/100g),bakery,bakery,2025-05-29
St Pierre 4 Burger Buns,£2.08,(52.0p/each),bakery,bakery,2025-05-29
Baker Street 6 Burger Buns Pre-Sliced,£1.18,(19.7p/each),bakery,bakery,2025-05-29
Baker Street 4 Hot Dog Rolls Pre-Cut,£1.18,(29.5p/each),bakery,bakery,2025-05-29
Warburtons Large Barm Cakes,£1.67,(41.8p/each),bakery,bakery,2025-05-29
Kingsmill 6 Soft White Large Rolls,£1.24,(20.7p/each),bakery,bakery,2025-05-29
The BAKERY at ASDA 6 White Finger Rolls,£0.88,(14.7p/each),bakery,bakery,2025-05-29
The BAKERY at ASDA 6 White Sliced Rolls,£1.12,(18.7p/each),bakery,bakery,2025-05-29
Exceptional by ASDA 2 Multiseed Stonebaked Baguettes 2 x 125g (250g),£1.76,(70.4p/100g),bakery,bakery,2025-05-29
Exceptional by ASDA Stonebaked Baguette 250g,£1.78,(71.2p/100g),bakery,bakery,2025-05-29
Exceptional by ASDA Stonebaked Pave Rolls 4 x 75g (300g),£1.78,(44.5p/each),bakery,bakery,2025-05-29
Exceptional by ASDA Bake at Home Stonebaked Baguettes 2 x 125g (250g),£1.76,(88.0p/each),bakery,bakery,2025-05-29
Bake at Home 2 Baguettes,£1.04,(52.0p/each),bakery,bakery,2025-05-29
Bake at Home 6 Petits Pains,£1.04,(17.3p/each),bakery,bakery,2025-05-29
Bake at Home Brown Baguette,£1.04,(34.7p/100g),bakery,bakery,2025-05-29
Bake at Home Ciabatta Rolls,£1.48,(59.2p/100g),bakery,bakery,2025-05-29
ASDA 4 Bake at Home Panini,£1.26,(42.0p/100g),bakery,bakery,2025-05-29
Genius Gluten Free 2 Brioche Burger Buns,£2.00,(£1.00/each),bakery,bakery,2025-05-29
Schar Gluten-Free Brioche Burger Buns,£1.75,(£1.09/100g),bakery,bakery,2025-05-29
Genius 4 Soft White Rolls,£2.20,(55.0p/each),bakery,bakery,2025-05-29
Genius Gluten Free Triple Seeded Soft Rolls,£2.30,(57.5p/each),bakery,bakery,2025-05-29
Genius Bloomin-Great Tiger Bloomer,£3.00,(75.0p/100g),bakery,bakery,2025-05-29
Genius Soft White Toastie Bread,£2.75,(63.9p/100g),bakery,bakery,2025-05-29
Genius Soft White Farmhouse Bread,£2.75,(63.9p/100g),bakery,bakery,2025-05-29
Genius Gluten Free Sliced Fruit Loaf,£2.80,(70.0p/100g),bakery,bakery,2025-05-29
Warburtons Gluten Free 4 Crumpets,£2.34,(80.1p/100g),bakery,bakery,2025-05-29
Warburtons Gluten Free 4 White Sandwich Thins,£2.56,(£1.28/100g),bakery,bakery,2025-05-29
Riya's Original Recipe 2 Garlic & Coriander Naan Bread,£1.38,(34.5p/100g),bakery,bakery,2025-05-29
Riya's Original Recipe 2 Plain Naan Bread,£1.38,(34.5p/100g),bakery,bakery,2025-05-29
Dina Wholemeal Pitta,£0.58,(9.7p/each),bakery,bakery,2025-05-29
Dina Large White Bread Wraps,£0.92,(16.7p/100g),bakery,bakery,2025-05-29
Dina Paninette Wholemeal Bread Wraps,£0.82,(29.8p/100g),bakery,bakery,2025-05-29
New York Bakery Co The Original Plain Bagels,£1.47,(29.4p/each),bakery,bakery,2025-05-29
New York Bakery Co 5 Sesame Bagels,£1.47,(29.4p/each),bakery,bakery,2025-05-29
New York Bakery Co Wholemeal Bagels,£1.47,(29.4p/each),bakery,bakery,2025-05-29
Warburtons Thin Bagels Plain,£1.53,(25.5p/each),bakery,bakery,2025-05-29
Mission Deli Original Tortilla Wraps 367g,£1.32,(22.0p/each),bakery,bakery,2025-05-29
Mission Deli Wheat & White Tortilla Wraps 376g,£1.32,(22.0p/each),bakery,bakery,2025-05-29
Mission Chargrilled 6 Tortilla Wraps 367g,£1.32,(22.0p/each),bakery,bakery,2025-05-29
Soreen The Original Malt Loaf 260g,£1.24,(47.7p/100g),bakery,bakery,2025-05-29
Soreen Sliced Malt Loaf 290g,£1.42,(49.0p/100g),bakery,bakery,2025-05-29
Soreen Banana Loaf 260g,£1.24,(47.7p/100g),bakery,bakery,2025-05-29
Soreen Lift Bars Blueberry,£1.54,(38.5p/each),bakery,bakery,2025-05-29
Soreen Lift Bars Raspberry & Vanilla,£1.54,(38.5p/each),bakery,bakery,2025-05-29
Soreen Sticky Toffee Loaf 260g,£1.24,(47.7p/100g),bakery,bakery,2025-05-29
Warburtons Fruity Teacakes,£1.38,(34.5p/each),bakery,bakery,2025-05-29
The BAKERY at ASDA Fruit Loaf,£1.78,(44.5p/100g),bakery,bakery,2025-05-29
Exceptional by ASDA 4 Extra Fruity Hot Cross Buns,£1.68,(42.0p/each),bakery,bakery,2025-05-29
The BAKERY at ASDA 6 Hot Cross Buns,£1.28,(21.3p/each),bakery,bakery,2025-05-29
The BAKERY at ASDA 6 Teacakes,£1.72,(28.7p/each),bakery,bakery,2025-05-29
Warburtons Fruit Loaf with Cinnamon & Raisin,£1.93,(48.2p/100g),bakery,bakery,2025-05-29
The BAKERY at ASDA 6 Rich & Fruity Sultana Scones,£1.64,(27.3p/each),bakery,bakery,2025-05-29
Whaoo! 6 Chocolate Filled Crêpes 192g,£1.58,(26.3p/each),bakery,bakery,2025-05-29
The Waffle Patisserie 5 Chocolate Waffles,£1.48,(29.6p/each),bakery,bakery,2025-05-29
Genius Gluten Free Pancakes,£1.72,(28.7p/each),bakery,bakery,2025-05-29
St Pierre 6 Chocolate Filled Crêpes,£1.98,(33.0p/each),bakery,bakery,2025-05-29
The BAKERY at ASDA 8 Sweet Pancakes,£2.98,(37.2p/each),bakery,bakery,2025-05-29
The BAKERY at ASDA Roarsome! 4 Dinosaur Crumpets,£1.25,(31.2p/each),bakery,bakery,2025-05-29
Warburtons 9 Crumpets,£1.15,(12.8p/each),bakery,bakery,2025-05-29
Warburtons English Breakfast Muffins,£1.14,(28.5p/each),bakery,bakery,2025-05-29
Exceptional by ASDA 4 Buttermilk Pancakes,£1.65,(41.2p/each),bakery,bakery,2025-05-29
Exceptional by ASDA 4 Blueberry Pancakes,£1.65,(41.2p/each),bakery,bakery,2025-05-29
Schär Marble Cake 250g,£3.10,(£12.40/kg),bakery,bakery,2025-05-29
Exceptional by ASDA Lemon Drizzle Cake,£4.98,(£4.98/each),bakery,bakery,2025-05-29
Exceptional by ASDA Chocolate & Caramel Cake,£4.98,(£4.98/each),bakery,bakery,2025-05-29
Galaxy Chocolate Caramel Cake,£3.06,(£3.06/each),bakery,bakery,2025-05-29
The Gruffalo Celebration Cake,£11.98,(£11.98/each),bakery,bakery,2025-05-29
Galaxy Tray Bake,£7.98,(£7.98/each),bakery,bakery,2025-05-29
Oggs Mini Vanilla Cupcakes,£2.48,(£2.64/100g),bakery,bakery,2025-05-29
Victoria Sponge Cake,£3.24,(£3.24/each),bakery,bakery,2025-05-29
The BAKERY at ASDA Chocolate Cream Sponge,£3.24,(£3.24/each),bakery,bakery,2025-05-29
Peppa Pig Celebration Cake,£13.98,(£13.98/each),bakery,bakery,2025-05-29
The BAKERY at ASDA 4 Strawberry & Cream Cupcakes,£2.17,(54.2p/each),bakery,bakery,2025-05-29
The BAKERY at ASDA 4 Chocolate & Caramel Cupcakes,£2.17,(54.2p/each),bakery,bakery,2025-05-29
Exceptional by ASDA Victoria Sponge Cake,£3.78,(£3.78/each),bakery,bakery,2025-05-29
Exceptional by ASDA Lemon Drizzle Cake,£3.78,(£3.78/each),bakery,bakery,2025-05-29
Exceptional by ASDA Coffee & Walnut Cake,£3.78,(£3.78/each),bakery,bakery,2025-05-29
St Pierre 4 Brioche Burger Buns,£2.44,(61.0p/each),bakery,bakery,2025-05-29
St Pierre 4 Seeded Brioche Burger Buns,£2.84,(71.0p/each),bakery,bakery,2025-05-29
Milky Way Croissants 4 x 48g (192g),£1.98,(49.5p/each),bakery,bakery,2025-05-29
Mars Croissants 4 x 48g (192g),£1.98,(49.5p/each),bakery,bakery,2025-05-29
St Pierre 6 Croissants,£1.88,(31.3p/each),bakery,bakery,2025-05-29
St Pierre 6 Pains Au Chocolat,£1.88,(31.3p/each),bakery,bakery,2025-05-29
The BAKERY at ASDA 6 Croissants,£1.78,(29.7p/each),bakery,bakery,2025-05-29
The BAKERY at ASDA 8 Pains Au Chocolat,£2.12,(26.5p/each),bakery,bakery,2025-05-29
The BAKERY at ASDA 4 All-Butter Croissants,£1.44,(36.0p/each),bakery,bakery,2025-05-29
The BAKERY at ASDA 4 All-Butter Pains Au Chocolat,£1.98,(49.5p/each),bakery,bakery,2025-05-29
Cadbury Dairy Milk Caramel 14 Flapjack Bites,£2.58,(18.4p/each),bakery,bakery,2025-05-29
Mr Kipling Angel Slices,£3.48,(43.5p/each),bakery,bakery,2025-05-29
Cadbury 5 Chocolate Orange Mini Rolls,£2.48,(49.6p/each),bakery,bakery,2025-05-29
Cadbury Milk Chocolate Mini Rolls Cakes,£2.48,(49.6p/each),bakery,bakery,2025-05-29
Mr Kipling Chocolate Cake Slices,£3.48,(43.5p/each),bakery,bakery,2025-05-29
Mr Kipling Lemon Layered Slices,£3.48,(43.5p/each),bakery,bakery,2025-05-29
Cadbury Raspberry Mini Rolls Cakes,£2.48,(49.6p/each),bakery,bakery,2025-05-29
Cadbury Chocolate Mini Rolls Cakes,£2.98,(29.8p/each),bakery,bakery,2025-05-29
Mr Kipling Angel Slices Cakes,£1.38,(23.0p/each),bakery,bakery,2025-05-29
Cadbury 10 Raspberry Mini Rolls,£2.98,(29.8p/each),bakery,bakery,2025-05-29
Cadbury Caramel Chocolate Cake Bars,£1.48,(29.6p/each),bakery,bakery,2025-05-29
Mr Kipling Lemon Layered Cake Slices,£1.38,(23.0p/each),bakery,bakery,2025-05-29
Galaxy Chocolate Cake Bars 10 Pack,£2.98,(£2.98/each),bakery,bakery,2025-05-29
Cadbury 5 Milk Chocolate Cake Bars,£1.48,(29.6p/each),bakery,bakery,2025-05-29
Mr Kipling Chocolate Slices,£1.38,(23.0p/each),bakery,bakery,2025-05-29
McVitie's Jaffa Cakes Zesty Orangey Mini Rolls,£1.24,(24.8p/each),bakery,bakery,2025-05-29
Cadbury Fudge Chocolate Cake Bars,£1.48,(29.6p/each),bakery,bakery,2025-05-29
Milky Way Cake Bars,£2.98,(29.8p/each),bakery,bakery,2025-05-29
Cadbury Crunchie Chocolate Cake Bars,£1.48,(29.6p/each),bakery,bakery,2025-05-29
Cadbury Dairy Milk Caramel 14 Flapjack Bites,£2.58,(18.4p/each),bakery,bakery,2025-05-29
Mr Kipling Angel Slices,£3.48,(43.5p/each),bakery,bakery,2025-05-29
Cadbury Raspberry Mini Rolls Cakes,£2.48,(49.6p/each),bakery,bakery,2025-05-29
Brompton House Fantasy Brownies,£1.23,(20.5p/each),bakery,bakery,2025-05-29
Brompton House Chocolate Brownies,£1.23,(20.5p/each),bakery,bakery,2025-05-29
Mr Kipling 6 Viennese Whirls,£1.97,(32.8p/each),bakery,bakery,2025-05-29
Mr Kipling French Fancies Cakes,£2.38,(29.8p/each),bakery,bakery,2025-05-29
The BAKERY at ASDA 5 Brownie Slices,£1.48,(29.6p/each),bakery,bakery,2025-05-29
The BAKERY at ASDA 5 Oaty Flapjacks,£1.48,(29.6p/each),bakery,bakery,2025-05-29
Mr Kipling 6 Bramley Apple Pies,£1.97,(32.8p/each),bakery,bakery,2025-05-29
Mr Kipling 6 Bramley Apple & Blackcurrant Pies,£1.97,(32.8p/each),bakery,bakery,2025-05-29
Mr Kipling Lemon Fancies Cakes,£2.38,(29.8p/each),bakery,bakery,2025-05-29
The BAKERY at ASDA Vanilla Flavour Cheesecake,£3.52,(70.4p/100g),bakery,bakery,2025-05-29
The BAKERY at ASDA Raspberry Cheesecake,£3.52,(70.4p/100g),bakery,bakery,2025-05-29
The BAKERY at ASDA Lemon Cheesecake,£3.52,(70.4p/100g),bakery,bakery,2025-05-29
The BAKERY at ASDA Chocolate Cheesecake 500g,£3.52,(£3.52/each),bakery,bakery,2025-05-29
The BAKERY at ASDA Tropical Mango & Pineapple Cheesecake 500g,£3.52,(70.4p/100g),bakery,bakery,2025-05-29
The BAKERY at ASDA Strawberry Trifle,£2.94,(49.0p/100g),bakery,bakery,2025-05-29
The BAKERY at ASDA Raspberry Trifle,£2.94,(49.0p/100g),bakery,bakery,2025-05-29
The BAKERY at ASDA The Bakery Super Chocolatey Chocolate Trifle 500g,£2.94,(58.8p/100g),bakery,bakery,2025-05-29
The BAKERY at ASDA Cookies & Cream Cheesecake,£3.52,(70.4p/100g),bakery,bakery,2025-05-29
The BAKERY at ASDA 4 Egg Custard Tarts,£1.23,(30.8p/each),bakery,bakery,2025-05-29
Quorn Vegetarian Chicken Pieces,£1.98,(£6.60/kg),frozen,frozen_vegetarian,2025-05-29
Quorn Vegetarian Southern Fried Bites,£1.98,(£6.60/kg),frozen,frozen_vegetarian,2025-05-29
Birds Eye 10 Green Cuisine Vegan Veggie Fingers,£1.78,(£6.27/kg),frozen,frozen_vegetarian,2025-05-29
Quorn Meat Free Swedish Style Balls,£1.98,(£6.60/kg),frozen,frozen_vegetarian,2025-05-29
Quorn Vegetarian 2 Garlic & Mushroom Escalopes,£1.98,(£8.25/kg),frozen,frozen_vegetarian,2025-05-29
Chicago Town Fully Loaded Deep Dish 2 Four Cheese Pizzas 2 x 148g (296g),£1.24,(£4.19/kg),frozen,frozen_vegetarian,2025-05-29
Chicago Town Cheese & Tomato Pizza Subs,£1.24,(£4.96/kg),frozen,frozen_vegetarian,2025-05-29
Dr Oetker Ristorante Grande Margherita Formaggi 585g,£3.48,(£5.95/kg),frozen,frozen_vegetarian,2025-05-29
Goodfella's Margherita Stonebaked Thin Pizza 334g,£1.74,(£5.04/kg),frozen,frozen_vegetarian,2025-05-29
Holland's 4 Cheese & Onion Pies,£3.76,(94.0p/each),frozen,frozen_vegetarian,2025-05-29
The Happy Egg Co Free Range 2 Original Omelettes 200g,£1.67,(83.5p/each),frozen,frozen_vegetarian,2025-05-29
Itsu Vegetable Steamed Dumplings 168g,£2.24,(£1.33/100g),frozen,frozen_vegetarian,2025-05-29
Bom Bahia by ASDA Paneer Butter Masala with Peshwari Inspired Rice 400g,£3.00,(£7.50/kg),frozen,frozen_vegetarian,2025-05-29
Goodfella's Deep Pan Baked Deliciously Cheesy 421g,£1.68,(£3.99/kg),frozen,frozen_vegetarian,2025-05-29
Bistro by ASDA Four Cheese Macaroni Cheese 400g,£3.00,(£7.50/kg),frozen,frozen_vegetarian,2025-05-29
Chicago Town Takeaway Large Stuffed Cheese Pizza,£2.98,(£4.73/kg),frozen,frozen_vegetarian,2025-05-29
The Happy Egg Co Free Range 2 Cheese Omelettes 200g,£1.67,(83.5p/each),frozen,frozen_vegetarian,2025-05-29
ASDA Vegetarian 4 Cauliflower Cheese Crispy Grills,£1.98,(£4.99/kg),frozen,frozen_vegetarian,2025-05-29
Plant Based by ASDA 16 Veggie Fingers,£1.98,(£4.38/kg),frozen,frozen_vegetarian,2025-05-29
Asda Vegetarian 2 Pesto & Mozzarella Melts,£1.98,(£7.07/kg),frozen,frozen_vegetarian,2025-05-29
ASDA 4 Creamy Cheese & Veg Pies,£2.25,(37.5p/100g),frozen,frozen_vegetarian,2025-05-29
ASDA 2 Vegetarian Pesto Mozzarella & Sundried Tomato Bakes 220g,£2.98,(£1.35/100g),frozen,frozen_vegetarian,2025-05-29
Quorn 2 Vegetarian Steak & Gravy Pies,£2.64,(66.0p/100g),frozen,frozen_vegetarian,2025-05-29
Plant Based by ASDA 4 Veggie Burgers,£1.98,(£4.36/kg),frozen,frozen_vegetarian,2025-05-29
Quorn 2 Cheese & Broccoli Escalopes,£1.74,(£7.25/kg),frozen,frozen_vegetarian,2025-05-29
Quorn Vegetarian Chicken Pieces,£2.95,(£5.90/kg),frozen,frozen_vegetarian,2025-05-29
Quorn Takeaway Salt and Pepper Tenders 240g,£2.74,(£11.42/kg),frozen,frozen_vegetarian,2025-05-29
Plant Based by ASDA 4 Spicy Bean Burgers,£1.98,(£4.36/kg),frozen,frozen_vegetarian,2025-05-29
Plant Based by ASDA Meat-Free Meatballs,£2.00,(£5.00/kg),frozen,frozen_vegetarian,2025-05-29
Quorn Vegetarian Mince,£2.48,(£8.27/kg),frozen,frozen_vegetarian,2025-05-29
Plant Based by ASDA 8 Meat-Free Burgers 454g,£2.25,(£4.96/kg),frozen,frozen_vegetarian,2025-05-29
Quorn Vegetarian Crispy Nuggets,£2.48,(£8.27/kg),frozen,frozen_vegetarian,2025-05-29
Linda McCartney's 6 Vegetarian Sausage Rolls 342g,£2.48,(72.5p/100g),frozen,frozen_vegetarian,2025-05-29
Quorn Cumberland Sausages 336g,£2.48,(£7.38/kg),frozen,frozen_vegetarian,2025-05-29
Quorn Vegetarian Steak Strips,£1.74,(£5.80/kg),frozen,frozen_vegetarian,2025-05-29
Richmond 8 Vegan Meat-Free Tasty Sausages,£2.14,(£7.04/kg),frozen,frozen_vegetarian,2025-05-29
Quorn 2 Garlic & Herb Fillets,£1.74,(£8.70/kg),frozen,frozen_vegetarian,2025-05-29
Quorn Vegetarian 4 Southern Fried Burgers,£2.14,(£8.49/kg),frozen,frozen_vegetarian,2025-05-29
Linda McCartney's 2 Vegetarian Mozzarella 1/4 lb Burgers 227g,£2.48,(£10.93/kg),frozen,frozen_vegetarian,2025-05-29
Quorn Vegetarian 2 Chicken & Bacon Lattice,£2.64,(£8.80/kg),frozen,frozen_vegetarian,2025-05-29
Plant Based by ASDA Meat-Free Mince,£2.00,(£4.41/kg),frozen,frozen_vegetarian,2025-05-29
Quorn Cheesy Nacho Nuggs 240g,£1.74,(£6.96/kg),frozen,frozen_vegetarian,2025-05-29
Linda McCartney's 2 Vegetarian Quick Cook Lamb Steaks 220g,£2.48,(£11.27/kg),frozen,frozen_vegetarian,2025-05-29
ASDA Free From Cheese & Spring Onion Bakes,£2.05,(89.1p/100g),frozen,frozen_vegetarian,2025-05-29
Quorn Vegetarian 8 Sausages,£2.48,(£7.38/kg),frozen,frozen_vegetarian,2025-05-29
Dr Oetker Ristorante Mozzarella Cheese Pizza,£3.08,(£9.19/kg),frozen,frozen_vegetarian,2025-05-29
OMV! Deliciously Vegan by Asda No Pork Ribs with BBQ Sauce 240g,£2.00,(£8.33/kg),frozen,frozen_vegetarian,2025-05-29
Linda McCartney's 6 Vegan & Vegetarian Red Onion & Rosemary Sausages,£2.48,(£9.19/kg),frozen,frozen_vegetarian,2025-05-29
Fry's 8 Plant-Based Original Hot Dogs 360g,£3.00,(£8.33/kg),frozen,frozen_vegetarian,2025-05-29
Quorn Vegetarian Crispy Nuggets,£2.95,(£6.20/kg),frozen,frozen_vegetarian,2025-05-29
Quorn Vegetarian Chicken Fillets,£2.14,(£6.86/kg),frozen,frozen_vegetarian,2025-05-29
ASDA 4 Cheese & Tomato Mini Pizzas,£2.54,(£7.13/kg),frozen,frozen_vegetarian,2025-05-29
Dr Oetker Ristorante Mozzarella Cheese Pizza,£3.08,(£9.19/kg),frozen,frozen_vegetarian,2025-05-29
ASDA 4 Cheese & Tomato Mini Pizzas,£2.54,(£7.13/kg),frozen,frozen_vegetarian,2025-05-29
Plant Based by ASDA Meat-Free Mince,£2.00,(£4.41/kg),frozen,frozen_vegetarian,2025-05-29
Linda McCartney's 2 Vegetarian 1/4 lb Burgers 227g,£2.48,(£10.93/kg),frozen,frozen_vegetarian,2025-05-29
Linda McCartney's 6 Vegetarian Sausages,£2.48,(£9.19/kg),frozen,frozen_vegetarian,2025-05-29
Saporito by Asda Stonebaked Margherita Pizza 380g,£3.48,(£9.16/kg),frozen,frozen_vegetarian,2025-05-29
ASDA Free From Margherita Pizza,£2.77,(£7.29/kg),frozen,frozen_vegetarian,2025-05-29
Quorn Vegetarian 2 Quarter Pounder,£2.62,(£11.54/kg),frozen,frozen_vegetarian,2025-05-29
ASDA Stonebaked Cheesy Garlic Bread,£1.64,(£5.56/kg),frozen,frozen_vegetarian,2025-05-29
Goodfella's Supreme Mac & Cheese,£2.98,(£8.51/kg),frozen,frozen_vegetarian,2025-05-29
Chicago Town Tiger Crust Cheese Medley 305g,£3.96,(£12.98/kg),frozen,frozen_vegetarian,2025-05-29
Dr. Oetker Ristorante Gluten Free Mozzarella Cheese Pizza 370g,£3.50,(£9.46/kg),frozen,frozen_vegetarian,2025-05-29
Linda McCartney's Vegemince 500g,£3.28,(£6.56/kg),frozen,frozen_vegetarian,2025-05-29
Goodfella's Takeaway The Big Cheese Pizza,£4.48,(£8.07/kg),frozen,frozen_vegetarian,2025-05-29
Kirsty's Mac & Cheeze with a Gluten-Free Crumb,£3.30,(£12.00/kg),frozen,frozen_vegetarian,2025-05-29
JUST ESSENTIALS by ASDA Cheese & Tomato Pasta 400g,£1.00,(£2.50/kg),frozen,frozen_vegetarian,2025-05-29
The Vegetarian Butcher Vegan Chicken* Chunks What The Cluck 300 g,£3.48,(£11.60/kg),frozen,frozen_vegetarian,2025-05-29
Quorn 2 Crispy Fillets,£2.64,(£13.20/kg),frozen,frozen_vegetarian,2025-05-29
Linda McCartney's 2 Linda's Best Burgers 227g,£2.97,(£13.08/kg),frozen,frozen_vegetarian,2025-05-29
Strong Roots AirBites Crispy Spinach & Carrot 300g,£2.75,(£9.17/kg),frozen,frozen_vegetarian,2025-05-29
Dr. Oetker Ristorante Margherita Pomodori Vegan Pizza,£3.33,(£9.79/kg),frozen,frozen_vegetarian,2025-05-29
Itsu Vegetable Fusion Gyoza 20 Dinner Dumplings,£4.24,(£15.70/kg),frozen,frozen_vegetarian,2025-05-29
Linda McCartney's 6 Vegetarian Lincolnshire Sausages 270g,£2.48,(£9.19/kg),frozen,frozen_vegetarian,2025-05-29
Linda McCartney's Vegetarian Chicken Pieces 300g,£2.48,(£8.27/kg),frozen,frozen_vegetarian,2025-05-29
ASDA 2 Vegan Mexican Inspired Tofu Bakes 280g,£2.98,(£1.06/100g),frozen,frozen_vegetarian,2025-05-29
The Vegetarian Butcher Vegan Chicken Burger Happy Go Clucky 180 g,£2.74,(£15.22/kg),frozen,frozen_vegetarian,2025-05-29
Goodfella's Gluten Free Margherita Pizza,£4.00,(£12.20/kg),frozen,frozen_vegetarian,2025-05-29
ASDA Takeway Stuffed Crust Cheese Feast Pizza 445g,£2.74,(£6.16/kg),frozen,frozen_vegetarian,2025-05-29
Quorn Vegan Chicken Pieces,£2.48,(£8.86/kg),frozen,frozen_vegetarian,2025-05-29
Chicago Town Takeaway Cheesy Stuffed Crust Cheese Pizza,£4.48,(£7.11/kg),frozen,frozen_vegetarian,2025-05-29
Quorn Vegetarian 12 Sausages,£2.95,(£5.85/kg),frozen,frozen_vegetarian,2025-05-29
Chicago Town Tiger Crust Garlic Bread Cheesy,£2.00,(£7.75/kg),frozen,frozen_vegetarian,2025-05-29
Beyond Meat Original Plant-Based Patties 2 x 113g (226g),£2.98,(£13.19/kg),frozen,frozen_vegetarian,2025-05-29
Richmond Meat Free No-Chicken Chargrilled Pieces 220g,£2.98,(£13.55/kg),frozen,frozen_vegetarian,2025-05-29
Kirsty's Vegetable Lasagne 300g,£3.30,(£11.00/kg),frozen,frozen_vegetarian,2025-05-29
One Planet Pizza Sourdough Peppernomi Plant-Based Pizza,£4.02,(£12.93/kg),frozen,frozen_vegetarian,2025-05-29
Chicago Town Crispy Chicago Thin Loaded Cheese,£4.50,(£10.25/kg),frozen,frozen_vegetarian,2025-05-29
Quorn Vegetarian Mince,£2.95,(£5.90/kg),frozen,frozen_vegetarian,2025-05-29
OMV! Deliciously Vegan by Asda Roasted Veg & Houmous Pizza,£2.08,(£5.55/kg),frozen,frozen_vegetarian,2025-05-29
Beyond Meat Jalapeño Flavour Plant-Based Patties 2 x 100g (200g),£3.98,(£19.90/kg),frozen,frozen_vegetarian,2025-05-29
Dr. Oetker Ristorante Mushroom Pizza,£3.08,(£8.44/kg),frozen,frozen_vegetarian,2025-05-29
Schar Gluten-Free Pizza Margherita with Sourdough 300g,£3.25,(£10.83/kg),frozen,frozen_vegetarian,2025-05-29
Chicago Town Takeaway Medium Stuffed Crust Cheese Pizza,£3.14,(£6.54/kg),frozen,frozen_vegetarian,2025-05-29
Goodfella's 2 Triple Cheese Pizza Pockets,£1.98,(£7.92/kg),frozen,frozen_vegetarian,2025-05-29
Birds Eye Green Cuisine Vegan Chicken Free Dippers,£1.98,(£9.00/kg),frozen,frozen_vegan,2025-05-29
Quorn Roarsomes Vegan Dinosaurs,£2.64,(£11.00/kg),frozen,frozen_vegan,2025-05-29
Quorn Vegan Takeaway 2 Crunchy Fillet Burgers,£1.98,(£10.42/kg),frozen,frozen_vegan,2025-05-29
Birds Eye Green Cuisine Vegan Chicken Free Southern Fried Strips,£2.48,(£11.81/kg),frozen,frozen_vegan,2025-05-29
This Isn't Chicken Wings 210g,£2.23,(£10.62/kg),frozen,frozen_vegan,2025-05-29
Little Moons Vegan Passionfruit & Mango Mochi Ice Cream,£3.48,(£1.81/100g),frozen,frozen_vegan,2025-05-29
One Planet Pizza Sourdough Tex Mex Plant-Based Pizza 360g,£2.98,(£8.28/kg),frozen,frozen_vegan,2025-05-29
Richmond 8 Vegan Meat-Free Tasty Sausages,£2.14,(£7.04/kg),frozen,frozen_vegan,2025-05-29
OMV! Deliciously Vegan by Asda 4 Meat-Free Sausage Rolls,£1.34,(30.4p/100g),frozen,frozen_vegan,2025-05-29
Birds Eye 12 Green Cuisine Vegan Fishless Fingers,£1.98,(£5.89/kg),frozen,frozen_vegan,2025-05-29
OMV! Deliciously Vegan by Asda No Pork Ribs with BBQ Sauce 240g,£2.00,(£8.33/kg),frozen,frozen_vegan,2025-05-29
OMV! Deliciously Vegan by Asda 2 Salt & Vinegar Battered No Pork Sausages 170g,£1.82,(£10.71/kg),frozen,frozen_vegan,2025-05-29
Birds Eye Green Cuisine 2 Fish-Less Battered Fillets 240g,£1.98,(£8.25/kg),frozen,frozen_vegan,2025-05-29
Plant Based by ASDA 16 Veggie Fingers,£1.98,(£4.38/kg),frozen,frozen_vegan,2025-05-29
OMV! Deliciously Vegan by Asda Roasted Veg & Houmous Pizza,£2.08,(£5.55/kg),frozen,frozen_vegan,2025-05-29
Plant Based by ASDA 4 Spicy Bean Burgers,£1.98,(£4.36/kg),frozen,frozen_vegan,2025-05-29
Dr. Oetker Ristorante Margherita Pomodori Vegan Pizza,£3.33,(£9.79/kg),frozen,frozen_vegan,2025-05-29
Quorn Vegan Chicken Pieces,£2.48,(£8.86/kg),frozen,frozen_vegan,2025-05-29
Plant Based by ASDA Meat-Free Meatballs,£2.00,(£5.00/kg),frozen,frozen_vegan,2025-05-29
Swedish Glace Vanilla Soy Ice Cream Alternative,£3.25,(43.3p/100ml),frozen,frozen_vegan,2025-05-29
Linda McCartney's Vegemince 500g,£3.28,(£6.56/kg),frozen,frozen_vegan,2025-05-29
Beyond Meat Original Plant-Based Patties 2 x 113g (226g),£2.98,(£13.19/kg),frozen,frozen_vegan,2025-05-29
Ben & Jerry's Ice Cream Tub Non Dairy Cookies on Cookie Dough 465ml,£4.94,(£1.06/100ml),frozen,frozen_vegan,2025-05-29
Beyond Meat Jalapeño Flavour Plant-Based Patties 2 x 100g (200g),£3.98,(£19.90/kg),frozen,frozen_vegan,2025-05-29
Aunt Bessie's Bramley Apple Pie,£2.48,(45.1p/100g),frozen,frozen_vegan,2025-05-29
Linda McCartney's 6 Vegan & Vegetarian Red Onion & Rosemary Sausages,£2.48,(£9.19/kg),frozen,frozen_vegan,2025-05-29
Kirsty's Luxury Apple Pie,£3.30,(£1.02/100g),frozen,frozen_vegan,2025-05-29
The Vegetarian Butcher Vegan Chicken* Chunks What The Cluck 300 g,£3.48,(£11.60/kg),frozen,frozen_vegan,2025-05-29
Linda McCartney's 2 Vegetarian 1/4 lb Burgers 227g,£2.48,(£10.93/kg),frozen,frozen_vegan,2025-05-29
Little Moons Mochi Sorbet Refreshos Pineapple & Mandarin 6 x 32g (192g),£4.98,(£2.59/100g),frozen,frozen_vegan,2025-05-29
Kirsty's Mac & Cheeze with a Gluten-Free Crumb,£3.30,(£12.00/kg),frozen,frozen_vegan,2025-05-29
Fry's 8 Plant-Based Original Hot Dogs 360g,£3.00,(£8.33/kg),frozen,frozen_vegan,2025-05-29
ASDA 2 Vegan Mexican Inspired Tofu Bakes 280g,£2.98,(£1.06/100g),frozen,frozen_vegan,2025-05-29
Del Monte 3 100% Juice Orange Lollies,£2.18,(96.9p/100ml),frozen,frozen_vegan,2025-05-29
Plant Based by ASDA 8 Meat-Free Burgers 454g,£2.25,(£4.96/kg),frozen,frozen_vegan,2025-05-29
Kirsty's Luxury Vegan Carrot Cake,£3.30,(£1.83/100g),frozen,frozen_vegan,2025-05-29
Strong Roots AirBites Crispy Spinach & Carrot 300g,£2.75,(£9.17/kg),frozen,frozen_vegan,2025-05-29
Linda McCartney's Vegetarian Chicken Pieces 300g,£2.48,(£8.27/kg),frozen,frozen_vegan,2025-05-29
Linda McCartney's 6 Vegetarian Lincolnshire Sausages 270g,£2.48,(£9.19/kg),frozen,frozen_vegan,2025-05-29
Birds Eye 4 Green Cuisine Veggie Quarter Pounders 454g,£1.98,(£4.36/kg),frozen,frozen_vegan,2025-05-29
Kirsty's Vegetable Lasagne 300g,£3.30,(£11.00/kg),frozen,frozen_vegan,2025-05-29
Little Moons Mochi Sorbet Refreshos Very Berry 6 x 32g (192g),£4.98,(£2.59/100g),frozen,frozen_vegan,2025-05-29
The Vegetarian Butcher Vegan Chicken Burger Happy Go Clucky 180 g,£2.74,(£15.22/kg),frozen,frozen_vegan,2025-05-29
One Planet Pizza Sourdough Peppernomi Plant-Based Pizza,£4.02,(£12.93/kg),frozen,frozen_vegan,2025-05-29
Linda McCartney's 10 Vegetarian Sausages,£2.90,(£6.44/kg),frozen,frozen_vegan,2025-05-29
Richmond Meat Free No-Chicken Chargrilled Pieces 220g,£2.98,(£13.55/kg),frozen,frozen_vegan,2025-05-29
Plant Based by ASDA 4 Tikka Burgers 454g,£2.98,(65.6p/100g),frozen,frozen_vegan,2025-05-29
Birds Eye 4 Garden Mix Steamfresh,£1.98,(£3.67/kg),frozen,frozen_vegtables,2025-05-29
Birds Eye 4 Super Sunshine Steamfresh,£1.98,(£3.67/kg),frozen,frozen_vegtables,2025-05-29
Birds Eye Select Mixed Vegetables,£1.98,(£3.09/kg),frozen,frozen_vegtables,2025-05-29
Birds Eye 4 Hearty Farmhouse Mix Steamfresh,£1.98,(£3.67/kg),frozen,frozen_vegtables,2025-05-29
Birds Eye Garden Peas,£2.74,(£3.42/kg),frozen,frozen_vegtables,2025-05-29
ASDA Frozen for Freshness Sliced Carrots,£0.88,(88.0p/kg),frozen,frozen_vegtables,2025-05-29
Birds Eye Garden Peas 1.2kg,£3.58,(£2.98/kg),frozen,frozen_vegtables,2025-05-29
ASDA Frozen for Freshness Broccoli Florets,£1.44,(£1.44/kg),frozen,frozen_vegtables,2025-05-29
ASDA Frozen for Freshness Whole Green Beans 750g,£1.08,(£1.44/kg),frozen,frozen_vegtables,2025-05-29
COOK by ASDA Sliced Mixed Peppers 600g,£1.60,(£2.67/kg),frozen,frozen_vegtables,2025-05-29
COOK by ASDA Mediterranean Veg Mix 500g,£1.98,(£3.96/kg),frozen,frozen_vegtables,2025-05-29
COOK by ASDA Butternut Squash Chunks,£2.10,(£3.00/kg),frozen,frozen_vegtables,2025-05-29
ASDA Frozen for Freshness Blueberries,£2.12,(60.6p/100g),frozen,frozen_vegtables,2025-05-29
ASDA Frozen for Freshness Strawberries,£2.12,(60.6p/100g),frozen,frozen_vegtables,2025-05-29
ASDA Frozen for Freshness Morello Cherries 350g,£1.98,(56.6p/100g),frozen,frozen_vegtables,2025-05-29
"The Health Menu by ASDA Refreshing Pineapple, Passion Fruit & Spirulina Smoothie Mix 4 x 120g (480g)",£2.95,(61.5p/100g),frozen,frozen_vegtables,2025-05-29
"The Health Menu by ASDA Fruity Strawberry, Raspberry & Protein Smoothie Mix 4 x 120g (480g)",£2.95,(61.5p/100g),frozen,frozen_vegtables,2025-05-29
"The Health Menu by ASDA Zesty Mango, Pineapple & Ginger Smoothie Mix 4 x 120g (480g)",£2.95,(61.5p/100g),frozen,frozen_vegtables,2025-05-29
ASDA Tropical Smoothie Mix 500g,£1.98,(39.6p/100g),frozen,frozen_vegtables,2025-05-29
ASDA Frozen for Freshness Black Forest Fruits,£2.12,(42.4p/100g),frozen,frozen_vegtables,2025-05-29
ASDA Frozen for Freshness Pineapple Chunks,£2.12,(47.1p/100g),frozen,frozen_vegtables,2025-05-29
ASDA Frozen for Freshness Blackberries,£2.12,(60.6p/100g),frozen,frozen_vegtables,2025-05-29
Birds Eye Crispy Chips 900g,£2.48,(£2.76/kg),frozen,chips_related,2025-05-29
Aunt Bessie's Crispy & Fluffy Roasties 1.1kg,£3.78,(£3.44/kg),frozen,chips_related,2025-05-29
Birds Eye The Dipper 500g,£2.78,(£5.56/kg),frozen,chips_related,2025-05-29
Aunt Bessie's 18 Glorious Golden Yorkshire Puddings,£3.38,(£9.88/kg),frozen,chips_related,2025-05-29
Aunt Bessie's 10 Glorious Golden Yorkshire Puddings,£2.34,(£12.32/kg),frozen,chips_related,2025-05-29
McCain Crispy French Fries,£3.48,(£2.49/kg),frozen,chips_related,2025-05-29
McCain Home Chips Crinkle,£3.48,(£2.17/kg),frozen,chips_related,2025-05-29
McCain Home Chips Straight 2.1kg,£3.98,(£1.90/kg),frozen,chips_related,2025-05-29
Albert Bartlett Homestyle Chips 1.2kg,£2.98,(£2.48/kg),frozen,chips_related,2025-05-29
McCain Straight Cut Quick Chips,£2.48,(£6.20/kg),frozen,chips_related,2025-05-29
McCain Crinkle Cut Quick Chips,£2.48,(£6.20/kg),frozen,chips_related,2025-05-29
Lamb Weston Potato Dippers 650g,£1.98,(£3.05/kg),frozen,chips_related,2025-05-29
Lamb Weston Salt & Pepper Grill Fries 750g,£2.82,(£3.76/kg),frozen,chips_related,2025-05-29
Birds Eye Crispy Chips 900g,£2.48,(£2.76/kg),frozen,chips_related,2025-05-29
Aunt Bessie's Crispy & Fluffy Roasties 1.1kg,£3.78,(£3.44/kg),frozen,chips_related,2025-05-29
Aunt Bessie's 18 Glorious Golden Yorkshire Puddings,£3.38,(£9.88/kg),frozen,chips_related,2025-05-29
Leon Waffle Fries with Garlic & Herb 550g,£2.84,(£5.16/kg),frozen,chips_related,2025-05-29
McCain Home Chips Straight 2.1kg,£3.98,(£1.90/kg),frozen,chips_related,2025-05-29
McCain Naked Oven Chips Straight,£1.00,(£1.11/kg),frozen,chips_related,2025-05-29
Aunt Bessie's Rustically Made Roast Potato Chips 750g,£3.48,(46.4p/100g),frozen,chips_related,2025-05-29
McCain Gastro Triple Cooked Chips 600g,£2.98,(£4.97/kg),frozen,chips_related,2025-05-29
Birds Eye 18 The Original Potato Waffles 1.02kg,£3.48,(£2.90/kg),frozen,chips_related,2025-05-29
ASDA Crispy Hash Browns 800g,£2.02,(£2.52/kg),frozen,chips_related,2025-05-29
McCain Home Chips Crinkle,£3.18,(£3.18/kg),frozen,chips_related,2025-05-29
ASDA Chinese Style Salt & Pepper Skin-On Fries 750g,£2.48,(£3.31/kg),frozen,chips_related,2025-05-29
ASDA Flaky 2 Cod Fillets 260g,£5.47,(£21.04/kg),frozen,chips_related,2025-05-29
Young's Chip Shop 4 Large Haddock Fillets 440g,£6.98,(£15.86/kg),frozen,chips_related,2025-05-29
Aunt Bessie's Rustically Made Roast Potato Chips 750g,£3.48,(46.4p/100g),frozen,chips_related,2025-05-29
McCain Gastro Triple Cooked Chips 600g,£2.98,(£4.97/kg),frozen,chips_related,2025-05-29
Batchelors Chip Shop Style Mushy Peas,£0.62,(£2.07/kg),frozen,chips_related,2025-05-29
Bisto Parsley Sauce Mix,£2.83,(£1.53/100g),frozen,chips_related,2025-05-29
ASDA Classic Mushy Peas 1kg,£1.55,(£1.55/kg),frozen,chips_related,2025-05-29
ASDA Delicate 2 Smoked Basa Fillets,£2.28,(£9.91/kg),frozen,chips_related,2025-05-29
Young's Wholetail Scampi,£3.98,(£18.09/kg),frozen,chips_related,2025-05-29
ASDA Flavoursome 2 Salmon Fillets,£3.88,(£16.17/kg),frozen,chips_related,2025-05-29
ASDA Carrots & Peas 300g,£0.90,(£3.00/kg),frozen,chips_related,2025-05-29
ASDA Delicately Sweet Dill,£0.60,(24.0p/10g),frozen,chips_related,2025-05-29
Birds Eye Chicken Shop 2 Ultimate Chicken Fillet Burgers,£4.18,(£18.41/kg),frozen,frozen_meat_poultry,2025-05-29
Birds Eye 8 BBQ Chicken Griddlers,£2.48,(£12.16/kg),frozen,frozen_meat_poultry,2025-05-29
Birds Eye 22 Chicken Dippers 403g,£2.48,(£6.15/kg),frozen,frozen_meat_poultry,2025-05-29
ASDA 4 Southern Fried Chicken Breast Fillet Burgers 460g,£3.98,(£8.65/kg),frozen,frozen_meat_poultry,2025-05-29
ASDA 4 Hot & Spicy Chicken Breast Fillet Burgers 460g,£3.98,(£8.65/kg),frozen,frozen_meat_poultry,2025-05-29
ASDA 2 Buttermilk Chicken Thigh Burgers 300g,£2.78,(£9.27/kg),frozen,frozen_meat_poultry,2025-05-29
ASDA 2 Hot & Spicy Chicken Thigh Burgers 300g,£2.78,(£9.27/kg),frozen,frozen_meat_poultry,2025-05-29
ASDA 4 Chargrilled Chicken Skewers 340g,£3.78,(£11.12/kg),frozen,frozen_meat_poultry,2025-05-29
ASDA 4 Satay Chicken Skewers 340g,£3.78,(£11.12/kg),frozen,frozen_meat_poultry,2025-05-29
ASDA 4 Sticky Teriyaki Chicken Skewers 340g,£3.78,(£11.12/kg),frozen,frozen_meat_poultry,2025-05-29
ASDA Salt & Chilli Chicken Wings 1kg,£3.92,(£3.92/kg),frozen,frozen_meat_poultry,2025-05-29
ASDA Southern Fried Chicken Breast Strips 400g,£3.98,(£9.95/kg),frozen,frozen_meat_poultry,2025-05-29
ASDA Crispy Chicken Breast Strips 400g,£3.98,(£9.95/kg),frozen,frozen_meat_poultry,2025-05-29
ASDA Crispy Shredded Chicken 450g,£3.98,(£8.84/kg),frozen,frozen_meat_poultry,2025-05-29
ASDA Salt & Chilli Shredded Chicken 450g,£3.98,(£8.84/kg),frozen,frozen_meat_poultry,2025-05-29
ASDA Chicken Breast Fillets 600g,£4.10,(£6.83/kg),frozen,frozen_meat_poultry,2025-05-29
ASDA Chicken Breast Mini Fillets 600g,£4.20,(£7.00/kg),frozen,frozen_meat_poultry,2025-05-29
Birds Eye 24 Chicken Nuggets with Golden Wholegrain 379g,£3.82,(£10.08/kg),frozen,frozen_meat_poultry,2025-05-29
ASDA 8 Breaded Chicken Burgers 456g,£2.75,(£6.03/kg),frozen,frozen_meat_poultry,2025-05-29
ASDA 38 Battered Chicken Nuggets 670g,£3.00,(£4.48/kg),frozen,frozen_meat_poultry,2025-05-29
ASDA 38 Battered Chicken Dippers 684g,£3.50,(£5.12/kg),frozen,frozen_meat_poultry,2025-05-29
ASDA 72 Battered Chicken Nuggets 1.275kg,£5.70,(£4.47/kg),frozen,frozen_meat_poultry,2025-05-29
ASDA 20 Battered Chicken Nuggets 348g,£1.58,(£4.54/kg),frozen,frozen_meat_poultry,2025-05-29
Leon Chicken Thigh Burgers 460g,£4.98,(£10.83/kg),frozen,frozen_meat_poultry,2025-05-29
Discover-In Garlic & Herb Chicken Grills 450g,£3.98,(£8.84/kg),frozen,frozen_meat_poultry,2025-05-29
Birds Eye 38 Chicken Dippers,£5.24,(£7.52/kg),frozen,frozen_meat_poultry,2025-05-29
Birds Eye 2 Southern Fried Chicken Grills,£2.48,(£13.78/kg),frozen,frozen_meat_poultry,2025-05-29
Birds Eye 2 Crispy Chicken Grills in Tempura Batter,£2.48,(£14.59/kg),frozen,frozen_meat_poultry,2025-05-29
Birds Eye 2 Original Chicken Chargrills,£2.48,(£14.59/kg),frozen,frozen_meat_poultry,2025-05-29
Birds Eye 2 Hot & Spicy Chicken Grills,£2.48,(£13.78/kg),frozen,frozen_meat_poultry,2025-05-29
Birds Eye 2 Peri Peri Chicken Chargrills,£2.48,(£14.25/kg),frozen,frozen_meat_poultry,2025-05-29
Birds Eye 4 Chicken Burgers,£2.48,(£12.40/kg),frozen,frozen_meat_poultry,2025-05-29
Birds Eye 2 Chicken Quarter Pounders,£2.74,(£12.07/kg),frozen,frozen_meat_poultry,2025-05-29
Discover-In Salt & Pepper Chicken Grills 450g,£3.98,(£8.84/kg),frozen,frozen_meat_poultry,2025-05-29
Discover-In Peri Peri Chicken Grills 450g,£3.98,(£8.84/kg),frozen,frozen_meat_poultry,2025-05-29
Discover-In Chicken Gyros Meat 350g,£3.98,(£11.37/kg),frozen,frozen_meat_poultry,2025-05-29
Discover-In Chicken Shawarma Meat 350g,£3.98,(£11.37/kg),frozen,frozen_meat_poultry,2025-05-29
Birds Eye Chicken Shop Hickory BBQ Chicken Wings 375g,£3.98,(£10.61/kg),frozen,frozen_meat_poultry,2025-05-29
Super Chick Sweet Chilli Shredded Chicken 500g,£6.00,(£12.00/kg),frozen,frozen_meat_poultry,2025-05-29
Super Chick Hot & Spicy Shredded Chicken 500g,£6.00,(£12.00/kg),frozen,frozen_meat_poultry,2025-05-29
Birds Eye 2 Sweet & Sticky BBQ Chicken Chargrills,£2.48,(£14.25/kg),frozen,frozen_meat_poultry,2025-05-29
ASDA 9 Wholegrain Safari Animal Chicken Shapes,£2.50,(£7.31/kg),frozen,frozen_meat_poultry,2025-05-29
ASDA Chicken Breast Strips 500g,£3.82,(£7.64/kg),frozen,frozen_meat_poultry,2025-05-29
Bernard Matthews 6 Cheesy Hamwich,£1.98,(£5.74/kg),frozen,frozen_meat_poultry,2025-05-29
Bernard Matthews 7 Golden Turkey Drummers 350g,£1.98,(£5.66/kg),frozen,frozen_meat_poultry,2025-05-29
Bernard Matthews 13 Turkey Mini Kievs 295g,£1.98,(£6.71/kg),frozen,frozen_meat_poultry,2025-05-29
JUST ESSENTIALS by ASDA 20 Breaded Chicken Nuggets 320g,£1.10,(£3.44/kg),frozen,frozen_meat_poultry,2025-05-29
Deli Cuisine Breaded Chicken Bites,£5.48,(£5.48/kg),frozen,frozen_meat_poultry,2025-05-29
Deli Cuisine Southern Fried Chicken Strips,£6.98,(£6.98/kg),frozen,frozen_meat_poultry,2025-05-29
,,,frozen,frozen_meat_poultry,2025-05-29
,,,frozen,frozen_meat_poultry,2025-05-29
,,,frozen,frozen_meat_poultry,2025-05-29
,,,frozen,frozen_meat_poultry,2025-05-29
,,,frozen,frozen_meat_poultry,2025-05-29
,,,frozen,frozen_meat_poultry,2025-05-29
,,,frozen,frozen_meat_poultry,2025-05-29
,,,frozen,frozen_meat_poultry,2025-05-29
,,,frozen,frozen_meat_poultry,2025-05-29
,,,frozen,frozen_meat_poultry,2025-05-29
,,,frozen,frozen_meat_poultry,2025-05-29
,,,frozen,frozen_meat_poultry,2025-05-29
,,,frozen,frozen_meat_poultry,2025-05-29
Birds Eye Chicken Shop 2 Ultimate Chicken Fillet Burgers,£4.18,(£18.41/kg),frozen,frozen_meat_poultry,2025-05-29
Birds Eye 22 Chicken Dippers 403g,£2.48,(£6.15/kg),frozen,frozen_meat_poultry,2025-05-29
Birds Eye 8 BBQ Chicken Griddlers,£2.48,(£12.16/kg),frozen,frozen_meat_poultry,2025-05-29
Bernard Matthews 7 Golden Turkey Drummers 350g,£1.98,(£5.66/kg),frozen,frozen_meat_poultry,2025-05-29
Deli Cuisine Breaded Chicken Bites,£5.48,(£5.48/kg),frozen,frozen_meat_poultry,2025-05-29
Jahan Southern Fried Chicken Popcorn,£2.25,(£4.50/kg),frozen,frozen_meat_poultry,2025-05-29
"Tahira 4 Chicken Grills, Garlic & Herb Flavour",£1.28,(£4.92/kg),frozen,frozen_meat_poultry,2025-05-29
Deli Cuisine Southern Fried Chicken Strips,£6.98,(£6.98/kg),frozen,frozen_meat_poultry,2025-05-29
Deli Cuisine 70 Battered Chicken Dippers,£5.98,(£4.69/kg),frozen,frozen_meat_poultry,2025-05-29
JUST ESSENTIALS by ASDA 20 Breaded Chicken Nuggets 320g,£1.10,(£3.44/kg),frozen,frozen_meat_poultry,2025-05-29
Birds Eye 6 Southern Fried Chicken Grills,£3.48,(£6.44/kg),frozen,frozen_meat_poultry,2025-05-29
ASDA Chicken Drumsticks 1.1kg,£3.28,(£2.98/kg),frozen,frozen_meat_poultry,2025-05-29
ASDA BBQ Chicken Wings 1kg,£3.92,(£3.92/kg),frozen,frozen_meat_poultry,2025-05-29
Birds Eye 6 Sweet & Sticky BBQ Chicken Chargrills,£3.48,(£6.67/kg),frozen,frozen_meat_poultry,2025-05-29
Birds Eye Southern Fried Chicken Popstars,£2.48,(£16.53/kg),frozen,frozen_meat_poultry,2025-05-29
Snacksters 5 Chicken Tenders 230g,£3.74,(£16.26/kg),frozen,frozen_meat_poultry,2025-05-29
ASDA Chicken Breast Fillets 1kg,£6.38,(£6.38/kg),frozen,frozen_meat_poultry,2025-05-29
Glenhaven 4 Garlic & Herb Chicken Kievs 500g,£4.00,(£8.00/kg),frozen,frozen_meat_poultry,2025-05-29
Chicken Breast Fillets 1.2kg,£5.10,(£4.25/kg),frozen,frozen_meat_poultry,2025-05-29
Birds Eye 6 Original Chicken Chargrills,£3.48,(£6.82/kg),frozen,frozen_meat_poultry,2025-05-29
Jahan Peri Peri Chicken Strips,£2.98,(£5.96/kg),frozen,frozen_meat_poultry,2025-05-29
Birds Eye 10 Chicken Fingers with Golden Wholegrain,£2.48,(£9.92/kg),frozen,frozen_meat_poultry,2025-05-29
Birds Eye 2 Chicken Shop Sizzler Fillet Burgers,£4.18,(£18.41/kg),frozen,frozen_meat_poultry,2025-05-29
Deli Cuisine Crispy Chicken Strips,£6.98,(£6.98/kg),frozen,frozen_meat_poultry,2025-05-29
Glenhaven 4 Ham & Cheese Chicken Kievs 500g,£4.00,(£8.00/kg),frozen,frozen_meat_poultry,2025-05-29
Snacksters 20 Chicken Nuggets,£3.58,(£8.95/kg),frozen,frozen_meat_poultry,2025-05-29
Birds Eye 2 Cheese & Ham Chicken Kievs,£2.48,(£12.16/kg),frozen,frozen_meat_poultry,2025-05-29
Jahan Battered Chicken Nuggets,£2.22,(£4.44/kg),frozen,frozen_meat_poultry,2025-05-29
"Tahira 4 Chicken Grills, Peri Peri Flavour",£1.28,(£4.92/kg),frozen,frozen_meat_poultry,2025-05-29
Birds Eye 12 Chicken Dippers,£2.48,(£11.27/kg),frozen,frozen_meat_poultry,2025-05-29
Jahan Southern Fried Chicken Strips,£3.00,(£6.00/kg),frozen,frozen_meat_poultry,2025-05-29
Jahan Hot & Spicy Chicken Strips,£3.00,(£6.00/kg),frozen,frozen_meat_poultry,2025-05-29
Snacksters Smile in a Box 210g,£3.18,(£15.14/kg),frozen,frozen_meat_poultry,2025-05-29
Birds Eye Chicken Shop Salt & Pepper Chicken Goujons,£4.20,(£12.92/kg),frozen,frozen_meat_poultry,2025-05-29
Birds Eye 6 Crispy Chicken Grills in Tempura Batter,£3.48,(£6.82/kg),frozen,frozen_meat_poultry,2025-05-29
ASDA Hot & Spicy Chicken Wings 1kg,£3.92,(£3.92/kg),frozen,frozen_meat_poultry,2025-05-29
Birds Eye 8 Chicken Burgers,£3.48,(£8.70/kg),frozen,frozen_meat_poultry,2025-05-29
Birds Eye Chicken Shop Buttermilk Chicken Tenders 300g,£4.10,(£14.14/kg),frozen,frozen_meat_poultry,2025-05-29
Birds Eye 4 Chicken Quarter Pounders,£3.28,(£7.22/kg),frozen,frozen_meat_poultry,2025-05-29
Gino's Premium Hot n' Spicy Chicken Fillets,£3.33,(£6.66/kg),frozen,frozen_meat_poultry,2025-05-29
Jahan 12 Charcoal Cooked Chicken Kebabs,£4.48,(£7.47/kg),frozen,frozen_meat_poultry,2025-05-29
Itsu Korean Style Crispy Chicken 340g,£3.74,(£11.00/kg),frozen,frozen_meat_poultry,2025-05-29
Birds Eye 44 Chicken Nuggets with Golden Wholegrain,£5.50,(£7.91/kg),frozen,frozen_meat_poultry,2025-05-29
Jahan Premium Peri Peri Chicken Fillet Strips,£3.98,(£7.96/kg),frozen,frozen_meat_poultry,2025-05-29
Najma Breaded Chicken Nuggets 300g,£3.08,(£1.03/100g),frozen,frozen_meat_poultry,2025-05-29
Jahan Southern Fried Chicken Fillet Strips,£3.98,(£7.96/kg),frozen,frozen_meat_poultry,2025-05-29
Tahira Chicken Burgers,£4.54,(£5.82/kg),frozen,frozen_meat_poultry,2025-05-29
Smorgasbord Swedish Chicken Meatballs 1kg,£5.88,(£5.88/kg),frozen,frozen_meat_poultry,2025-05-29
Birds Eye Chicken Shop Lemon and Herb Chicken Wings 375g,£3.98,(£10.61/kg),frozen,frozen_meat_poultry,2025-05-29
Birds Eye Chicken Shop Honey Sriracha Chicken Wings 375g,£3.98,(£10.61/kg),frozen,frozen_meat_poultry,2025-05-29
Jahan Chicken Shawarma Kebab,£3.32,(£7.38/kg),frozen,frozen_meat_poultry,2025-05-29
ASDA Free From 2 Chicken Kievs,£3.30,(£12.69/kg),frozen,frozen_meat_poultry,2025-05-29
ASDA BBQ Chicken Breast Strips 400g,£3.98,(£9.95/kg),frozen,frozen_meat_poultry,2025-05-29
George Home Roaster,£5.50,(£5.50/each),frozen,frozen_meat_poultry,2025-05-29
Jahan Breaded Chicken Strips,£2.98,(£5.96/kg),frozen,frozen_meat_poultry,2025-05-29
,,,frozen,frozen_meat_poultry,2025-05-29
,,,frozen,frozen_meat_poultry,2025-05-29
,,,frozen,frozen_meat_poultry,2025-05-29
,,,frozen,frozen_meat_poultry,2025-05-29
,,,frozen,frozen_meat_poultry,2025-05-29
,,,frozen,frozen_meat_poultry,2025-05-29
,,,frozen,frozen_meat_poultry,2025-05-29
,,,frozen,frozen_meat_poultry,2025-05-29
,,,frozen,frozen_meat_poultry,2025-05-29
,,,frozen,frozen_meat_poultry,2025-05-29
,,,frozen,frozen_meat_poultry,2025-05-29
,,,frozen,frozen_meat_poultry,2025-05-29
,,,frozen,frozen_meat_poultry,2025-05-29
Birds Eye Chicken Shop 2 Ultimate Chicken Fillet Burgers,£4.18,(£18.41/kg),frozen,frozen_meat_poultry,2025-05-29
Birds Eye 22 Chicken Dippers 403g,£2.48,(£6.15/kg),frozen,frozen_meat_poultry,2025-05-29
Birds Eye 8 BBQ Chicken Griddlers,£2.48,(£12.16/kg),frozen,frozen_meat_poultry,2025-05-29
Birds Eye Chicken Shop 2 Tennessee Style BBQ Loaded Burgers 250g,£2.48,(£9.92/kg),frozen,frozen_meat_poultry,2025-05-29
Birds Eye Chicken Shop 2 American Style Gravy Loaded Burgers 250g,£2.48,(£9.92/kg),frozen,frozen_meat_poultry,2025-05-29
Jahan Hot & Spicy Breaded Wings,£3.00,(£5.00/kg),frozen,frozen_meat_poultry,2025-05-29
Birds Eye Chicken Shop Hot & Fiery Chicken Chunks 300g,£4.10,(£13.67/kg),frozen,frozen_meat_poultry,2025-05-29
Richmond Meat Free No-Chicken Chargrilled Pieces 220g,£2.98,(£13.55/kg),frozen,frozen_meat_poultry,2025-05-29
ASDA BBQ Chicken Breast Strips 400g,£3.98,(£9.95/kg),frozen,frozen_meat_poultry,2025-05-29
ASDA Free From 2 Chicken Kievs,£3.30,(£12.69/kg),frozen,frozen_meat_poultry,2025-05-29
Jahan Premium Hot & Spicy Firecracker Chicken Fillet Strips,£3.98,(£7.96/kg),frozen,frozen_meat_poultry,2025-05-29
Leon GFC Gluten Free Chicken Nuggets 300g,£4.00,(£13.33/kg),frozen,frozen_meat_poultry,2025-05-29
Jahan Breaded Chicken Nuggets,£2.25,(£4.50/kg),frozen,frozen_meat_poultry,2025-05-29
,,,frozen,frozen_meat_poultry,2025-05-29
,,,frozen,frozen_meat_poultry,2025-05-29
,,,frozen,frozen_meat_poultry,2025-05-29
,,,frozen,frozen_meat_poultry,2025-05-29
,,,frozen,frozen_meat_poultry,2025-05-29
,,,frozen,frozen_meat_poultry,2025-05-29
,,,frozen,frozen_meat_poultry,2025-05-29
,,,frozen,frozen_meat_poultry,2025-05-29
,,,frozen,frozen_meat_poultry,2025-05-29
,,,frozen,frozen_meat_poultry,2025-05-29
,,,frozen,frozen_meat_poultry,2025-05-29
,,,frozen,frozen_meat_poultry,2025-05-29
,,,frozen,frozen_meat_poultry,2025-05-29
Quorn Vegan Takeaway 2 Crunchy Fillet Burgers,£1.98,(£10.42/kg),frozen,frozen_meat_poultry,2025-05-29
ASDA 6 Smash Beef Burgers 510g,£3.52,(£6.90/kg),frozen,frozen_meat_poultry,2025-05-29
Exceptional by ASDA 4 Aberdeen Angus Beef Quarter Pounders 454g,£3.74,(£8.24/kg),frozen,frozen_meat_poultry,2025-05-29
Exceptional by ASDA 4 Aberdeen Angus Cheese & Oak Smoked Bacon Beef Burgers 454g,£3.74,(£8.24/kg),frozen,frozen_meat_poultry,2025-05-29
Exceptional by ASDA 4 Aberdeen Angus Cheddar & Caramelised Onions Beef Quarter Pounders 454g,£3.74,(£8.24/kg),frozen,frozen_meat_poultry,2025-05-29
ASDA 4 Pork & Apple Burgers 454g,£3.48,(£7.67/kg),frozen,frozen_meat_poultry,2025-05-29
ASDA 4 Balti Beef Burgers 454g,£3.48,(£7.67/kg),frozen,frozen_meat_poultry,2025-05-29
I Vow To Thee My Country Wagyu Burgers 240g,£3.98,(£16.58/kg),frozen,frozen_meat_poultry,2025-05-29
Leon Chicken Thigh Burgers 460g,£4.98,(£10.83/kg),frozen,frozen_meat_poultry,2025-05-29
Beyond Meat Original Plant-Based Patties 2 x 113g (226g),£2.98,(£13.19/kg),frozen,frozen_meat_poultry,2025-05-29
Beyond Meat Jalapeño Flavour Plant-Based Patties 2 x 100g (200g),£3.98,(£19.90/kg),frozen,frozen_meat_poultry,2025-05-29
ASDA 20 Thick Pork Sausages 907g,£3.75,(£4.13/kg),frozen,frozen_meat_poultry,2025-05-29
ASDA 8 Jumbo Pork Sausages 800g,£3.50,(£4.38/kg),frozen,frozen_meat_poultry,2025-05-29
ASDA 4 Beef Quarter Pounders,£3.48,(£7.67/kg),frozen,frozen_meat_poultry,2025-05-29
ASDA 4 Beef Burgers 227g,£1.86,(£8.19/kg),frozen,frozen_meat_poultry,2025-05-29
ASDA 8 Beef Burgers,£3.58,(£7.89/kg),frozen,frozen_meat_poultry,2025-05-29
ASDA 20 Thick Irish Recipe Pork Sausages 907g,£3.75,(£4.13/kg),frozen,frozen_meat_poultry,2025-05-29
ASDA 12 Thick Irish Recipe Pork Sausages 544g,£2.35,(£4.32/kg),frozen,frozen_meat_poultry,2025-05-29
Richmond 20 Thick Frozen Pork Sausages,£3.58,(£4.16/kg),frozen,frozen_meat_poultry,2025-05-29
ASDA 6 Pork Breakfast Patties,£2.48,(£7.25/kg),frozen,frozen_meat_poultry,2025-05-29
Richmond 16 Skinless Frozen Pork Sausages,£2.50,(£5.87/kg),frozen,frozen_meat_poultry,2025-05-29
ASDA 4 Double Cheeseburgers,£3.98,(£7.01/kg),frozen,frozen_meat_poultry,2025-05-29
ASDA 4 Southern Fried Chicken Breast Fillet Burgers 460g,£3.98,(£8.65/kg),frozen,frozen_meat_poultry,2025-05-29
Birds Eye 4 Original Beef Burgers With Onions,£2.58,(£11.37/kg),frozen,frozen_meat_poultry,2025-05-29
ASDA 4 Hot & Spicy Chicken Breast Fillet Burgers 460g,£3.98,(£8.65/kg),frozen,frozen_meat_poultry,2025-05-29
ASDA 4 Minted Lamb & Mutton Quarter Pounders,£3.48,(£7.67/kg),frozen,frozen_meat_poultry,2025-05-29
Birds Eye 4 Chicken Quarter Pounders,£3.28,(£7.22/kg),frozen,frozen_meat_poultry,2025-05-29
ASDA Cocktail Sausage Rolls,£2.00,(26.7p/100g),frozen,frozen_meat_poultry,2025-05-29
Spam Fritters,£2.48,(£8.27/kg),frozen,frozen_meat_poultry,2025-05-29
ASDA 26 Cocktail Pork Sausages,£2.00,(£5.13/kg),frozen,frozen_meat_poultry,2025-05-29
Birds Eye 4 Beef Quarter Pounders with Plant Protein and Onion 454g,£4.00,(£8.81/kg),frozen,frozen_meat_poultry,2025-05-29
Snacksters XL Doner Kebab,£2.08,(£12.09/kg),frozen,frozen_meat_poultry,2025-05-29
ASDA 12 Party Pigs in Blankets 300g,£3.25,(£10.83/kg),frozen,frozen_meat_poultry,2025-05-29
Snacksters Big Stack,£2.03,(£9.95/kg),frozen,frozen_meat_poultry,2025-05-29
Richmond 8 Vegan Meat-Free Tasty Sausages,£2.14,(£7.04/kg),frozen,frozen_meat_poultry,2025-05-29
ASDA Free From 4 Chicken Burgers,£2.55,(£11.18/kg),frozen,frozen_meat_poultry,2025-05-29
ASDA 2 Buttermilk Chicken Thigh Burgers 300g,£2.78,(£9.27/kg),frozen,frozen_meat_poultry,2025-05-29
ASDA 2 Hot & Spicy Chicken Thigh Burgers 300g,£2.78,(£9.27/kg),frozen,frozen_meat_poultry,2025-05-29
Tahira Chicken & Beef Burgers Halal,£4.70,(£6.03/kg),frozen,frozen_meat_poultry,2025-05-29
Fry's 8 Plant-Based Original Hot Dogs 360g,£3.00,(£8.33/kg),frozen,frozen_meat_poultry,2025-05-29
The Black Farmer Daughter 12 Cumberland Sausages 700g,£5.50,(£7.86/kg),frozen,frozen_meat_poultry,2025-05-29
Linda McCartney's 6 Vegetarian Sausage Rolls 342g,£2.48,(72.5p/100g),frozen,frozen_meat_poultry,2025-05-29
Tahira Chicken Burgers,£4.54,(£5.82/kg),frozen,frozen_meat_poultry,2025-05-29
Shazans Beef Sausages,£3.98,(£4.74/kg),frozen,frozen_meat_poultry,2025-05-29
Shazans Chicken Sausages,£3.98,(£4.74/kg),frozen,frozen_meat_poultry,2025-05-29
Birds Eye 4 Green Cuisine Veggie Quarter Pounders 454g,£1.98,(£4.36/kg),frozen,frozen_meat_poultry,2025-05-29
The Black Farmer Daughter 12 Premium Pork Sausages 700g,£5.50,(£7.86/kg),frozen,frozen_meat_poultry,2025-05-29
JUST ESSENTIALS by ASDA 8 Beef Burgers,£2.50,(£6.30/kg),frozen,frozen_meat_poultry,2025-05-29
,,,frozen,frozen_meat_poultry,2025-05-29
,,,frozen,frozen_meat_poultry,2025-05-29
,,,frozen,frozen_meat_poultry,2025-05-29
,,,frozen,frozen_meat_poultry,2025-05-29
,,,frozen,frozen_meat_poultry,2025-05-29
,,,frozen,frozen_meat_poultry,2025-05-29
ASDA 4 Pork & Apple Burgers 454g,£3.48,(£7.67/kg),frozen,frozen_meat_poultry,2025-05-29
Discover-In Doner Kebab Meat 350g,£3.98,(£11.37/kg),frozen,frozen_meat_poultry,2025-05-29
Exceptional by ASDA 4 Aberdeen Angus Beef Quarter Pounders 454g,£3.74,(£8.24/kg),frozen,frozen_meat_poultry,2025-05-29
ASDA 6 Smash Beef Burgers 510g,£3.52,(£6.90/kg),frozen,frozen_meat_poultry,2025-05-29
ASDA 2 Roast Garlic & Herb Flat Iron Steaks 400g,£7.12,(£17.80/kg),frozen,frozen_meat_poultry,2025-05-29
ASDA Ready to Roast Slow Cooked Beef Brisket 400g,£5.42,(£13.55/kg),frozen,frozen_meat_poultry,2025-05-29
Exceptional by ASDA 4 Aberdeen Angus Cheddar & Caramelised Onions Beef Quarter Pounders 454g,£3.74,(£8.24/kg),frozen,frozen_meat_poultry,2025-05-29
I Vow To Thee My Country Wagyu Burgers 240g,£3.98,(£16.58/kg),frozen,frozen_meat_poultry,2025-05-29
Exceptional by ASDA 4 Aberdeen Angus Cheese & Oak Smoked Bacon Beef Burgers 454g,£3.74,(£8.24/kg),frozen,frozen_meat_poultry,2025-05-29
I Vow To Thee My Country Wagyu Grillsteaks 240g,£3.48,(£14.50/kg),frozen,frozen_meat_poultry,2025-05-29
ASDA 5% Fat Beef Mince,£4.35,(£10.88/kg),frozen,frozen_meat_poultry,2025-05-29
ASDA Beef Diced,£3.93,(£8.73/kg),frozen,frozen_meat_poultry,2025-05-29
ASDA 6 Pork Breakfast Patties,£2.48,(£7.25/kg),frozen,frozen_meat_poultry,2025-05-29
ASDA Beef Strips,£3.50,(£10.77/kg),frozen,frozen_meat_poultry,2025-05-29
ASDA 32 Beef Meatballs,£4.50,(£7.03/kg),frozen,frozen_meat_poultry,2025-05-29
ASDA Chinese Inspired Pork Belly Slices 300g,£3.75,(£10.42/kg),frozen,frozen_meat_poultry,2025-05-29
Mr Brains 4 Pork Faggots,£1.54,(£3.51/kg),frozen,frozen_meat_poultry,2025-05-29
ASDA 20% Fat Beef Mince,£4.50,(£7.50/kg),frozen,frozen_meat_poultry,2025-05-29
ASDA 6 Sweet Chilli Beef Koftas 360g,£3.75,(£10.42/kg),frozen,frozen_meat_poultry,2025-05-29
ASDA 12% Fat Beef Mince,£4.50,(£9.00/kg),frozen,frozen_meat_poultry,2025-05-29
ASDA 6 Minted Lamb Koftas 360g,£3.75,(£10.42/kg),frozen,frozen_meat_poultry,2025-05-29
Richmond 20 Thick Frozen Pork Sausages,£3.58,(£4.16/kg),frozen,frozen_meat_poultry,2025-05-29
Smorgasbord The Original Swedish Meatballs 1kg,£5.95,(£5.95/kg),frozen,frozen_meat_poultry,2025-05-29
Shazans Lamb Sausages,£3.98,(£4.74/kg),frozen,frozen_meat_poultry,2025-05-29
JUST ESSENTIALS by ASDA Beef Mince with Onion,£3.90,(£6.00/kg),frozen,frozen_meat_poultry,2025-05-29
ASDA Lamb Mince,£3.50,(£8.75/kg),frozen,frozen_meat_poultry,2025-05-29
ASDA Diced Lamb,£5.00,(£14.29/kg),frozen,frozen_meat_poultry,2025-05-29
,,,frozen,frozen_meat_poultry,2025-05-29
,,,frozen,frozen_meat_poultry,2025-05-29
,,,frozen,frozen_meat_poultry,2025-05-29
,,,frozen,frozen_meat_poultry,2025-05-29
,,,frozen,frozen_meat_poultry,2025-05-29
,,,frozen,frozen_meat_poultry,2025-05-29
ASDA 5% Fat Beef Mince,£4.35,(£10.88/kg),frozen,frozen_meat_poultry,2025-05-29
ASDA 12% Fat Beef Mince,£4.50,(£9.00/kg),frozen,frozen_meat_poultry,2025-05-29
ASDA 20% Fat Beef Mince,£4.50,(£7.50/kg),frozen,frozen_meat_poultry,2025-05-29
JUST ESSENTIALS by ASDA Beef Mince with Onion,£3.90,(£6.00/kg),frozen,frozen_meat_poultry,2025-05-29
ASDA Lamb Mince,£3.50,(£8.75/kg),frozen,frozen_meat_poultry,2025-05-29
ASDA 5% Fat Beef Mince,£4.35,(£10.88/kg),frozen,frozen_meat_poultry,2025-05-29
ASDA 12% Fat Beef Mince,£4.50,(£9.00/kg),frozen,frozen_meat_poultry,2025-05-29
ASDA Lamb Mince,£3.50,(£8.75/kg),frozen,frozen_meat_poultry,2025-05-29
ASDA 20% Fat Beef Mince,£4.50,(£7.50/kg),frozen,frozen_meat_poultry,2025-05-29
Aunt Bessie's 18 Glorious Golden Yorkshire Puddings,£3.38,(£9.88/kg),frozen,frozen_meat_poultry,2025-05-29
Aunt Bessie's 10 Glorious Golden Yorkshire Puddings,£2.34,(£12.32/kg),frozen,frozen_meat_poultry,2025-05-29
ASDA Giant Yorkshire Pudding 110g,£1.05,(£9.55/kg),frozen,frozen_meat_poultry,2025-05-29
ASDA 12 Golden Yorkshire Puddings 220g,£1.06,(£4.82/kg),frozen,frozen_meat_poultry,2025-05-29
Aunt Bessie's 10 Sage & Onion Stuffing Balls 260g,£2.48,(£9.54/kg),frozen,frozen_meat_poultry,2025-05-29
Aunt Bessie's 12 Bake at Home Yorkshires 370g,£2.54,(£6.86/kg),frozen,frozen_meat_poultry,2025-05-29
The Real Yorkshire Pudding Co. 6 Gluten Free Yorkshire Puddings 180g,£2.50,(£13.89/kg),frozen,frozen_meat_poultry,2025-05-29
ASDA Ready to Roast Slow Cooked Beef Brisket 400g,£5.42,(£13.55/kg),frozen,frozen_meat_poultry,2025-05-29
ASDA 12 Party Pigs in Blankets 300g,£3.25,(£10.83/kg),frozen,frozen_meat_poultry,2025-05-29
George Home Roaster,£5.50,(£5.50/each),frozen,frozen_meat_poultry,2025-05-29
ASDA Cocktail Sausage Rolls,£2.00,(26.7p/100g),frozen,frozen_meat_poultry,2025-05-29
Birds Eye 10 Cod Fish Fingers,£4.48,(£16.00/kg),frozen,frozen_seafood,2025-05-29
Birds Eye 10 Omega 3 Fish Fingers,£2.98,(£10.64/kg),frozen,frozen_seafood,2025-05-29
Birds Eye 18 Cod Fish Fingers 504g,£6.74,(£13.37/kg),frozen,frozen_seafood,2025-05-29
ASDA Skin-On Boneless Wild Salmon Fillets 330g,£3.68,(£11.15/kg),frozen,frozen_seafood,2025-05-29
ASDA Fish Pie Mix 360g,£3.68,(£10.22/kg),frozen,frozen_seafood,2025-05-29
ASDA Haddock Fillets 320g,£3.68,(£11.50/kg),frozen,frozen_seafood,2025-05-29
ASDA Cod Fillets 320g,£3.68,(£11.50/kg),frozen,frozen_seafood,2025-05-29
ASDA 3 Basa Fillets,£3.68,(£8.18/kg),frozen,frozen_seafood,2025-05-29
ASDA 2 Sea Bass Fillets Skin-on Boneless 240g,£3.68,(£15.33/kg),frozen,frozen_seafood,2025-05-29
ASDA 2 Tuna Steaks 280g,£3.68,(£13.14/kg),frozen,frozen_seafood,2025-05-29
Young's 2 Garlic & Herb Extra Large Fish Fillets 300g,£1.98,(£6.60/kg),frozen,frozen_seafood,2025-05-29
Young's 2 Paprika & Pepper Extra Large Fish Fillets 300g,£1.98,(£6.60/kg),frozen,frozen_seafood,2025-05-29
Birds Eye Captain's Discoveries 2 Focaccia Crumb Mediterranean Fish Fillets 220g,£3.98,(£18.09/kg),frozen,frozen_seafood,2025-05-29
Birds Eye Captain's Discoveries 2 Tortilla Crumb Mexican Inspired Fish Fillets 220g,£3.98,(£18.09/kg),frozen,frozen_seafood,2025-05-29
Birds Eye 10 Haddock Fish Fingers,£4.48,(£16.00/kg),frozen,frozen_seafood,2025-05-29
Birds Eye 2 Battered Fish Fillets 200g,£2.48,(£12.40/kg),frozen,frozen_seafood,2025-05-29
Birds Eye 6 Chunky Breaded Fish Fingers 360g,£3.74,(£10.39/kg),frozen,frozen_seafood,2025-05-29
Young's Chip Shop 4 Large Cod Fillets 440g,£6.98,(£15.86/kg),frozen,frozen_seafood,2025-05-29
Young's Chip Shop 4 Large Haddock Fillets 440g,£6.98,(£15.86/kg),frozen,frozen_seafood,2025-05-29
Young's Chip Shop Jumbo Cod Special 480g,£7.23,(£15.06/kg),frozen,frozen_seafood,2025-05-29
Young's 4 Breaded Omega 3 Fish Fillets 400g,£3.98,(£9.95/kg),frozen,frozen_seafood,2025-05-29
Kiln 2 Salmon Fillets with Sweet Chilli Butter 240g,£3.88,(£16.17/kg),frozen,frozen_seafood,2025-05-29
Kiln 2 Salmon Fillets with Garlic and Herb Butter 240g,£3.88,(£16.17/kg),frozen,frozen_seafood,2025-05-29
Young's Chip Shop 4 Omega 3 Fish Fillets 400g,£3.98,(£9.95/kg),frozen,frozen_seafood,2025-05-29
Birds Eye 2 Breaded Fish Fillets 200g,£2.48,(£12.40/kg),frozen,frozen_seafood,2025-05-29
Leon 6 Chunky Fish Fingers Lightly Battered 390g,£4.74,(£12.15/kg),frozen,frozen_seafood,2025-05-29
ASDA 10 Omega 3 Fish Fingers,£1.13,(£3.77/kg),frozen,frozen_seafood,2025-05-29
Young's 10 Flipper Dippers,£1.50,(£6.00/kg),frozen,frozen_seafood,2025-05-29
JUST ESSENTIALS by ASDA 4 Breaded White Fish Fillets 500g,£2.50,(£5.00/kg),frozen,frozen_seafood,2025-05-29
JUST ESSENTIALS by ASDA 10 Breaded Cod Fishcakes 500g,£2.00,(£4.00/kg),frozen,frozen_seafood,2025-05-29
Whitby Seafoods Scampi Bites 190g,£1.40,(£7.37/kg),frozen,frozen_seafood,2025-05-29
Birds Eye 4 Breaded Cod Fish Cakes 198g,£1.60,(£8.08/kg),frozen,frozen_seafood,2025-05-29
Young's Gastro 2 Light & Crispy Tempura Battered Fish Fillets,£4.98,(£18.44/kg),frozen,frozen_seafood,2025-05-29
ASDA 30 Omega 3 Fish Fingers,£3.28,(£3.64/kg),frozen,frozen_seafood,2025-05-29
JUST ESSENTIALS by ASDA White Fish Fillets,£2.49,(£4.79/kg),frozen,frozen_seafood,2025-05-29
ASDA 12 Wholegrain Under The Sea Cod & Vegetable Shapes 400g,£2.64,(£6.60/kg),frozen,frozen_seafood,2025-05-29
ASDA Smoked Haddock Fillets 320g,£3.68,(£11.50/kg),frozen,frozen_seafood,2025-05-29
ASDA 4 Battered Cod Fillets 440g,£3.75,(£8.52/kg),frozen,frozen_seafood,2025-05-29
Young's Gastro 2 Lightly Dusted Sea Salt & Cracked Black Pepper Basa Fillets,£4.98,(£16.06/kg),frozen,frozen_seafood,2025-05-29
Young's 4 Fish Steaks in a Creamy Butter Sauce 560g,£4.48,(£8.00/kg),frozen,frozen_seafood,2025-05-29
Young's Chip Shop 2 Extra Large Fish Fillets,£2.58,(£8.60/kg),frozen,frozen_seafood,2025-05-29
Young's 4 Fish Steaks in a Creamy Parsley Sauce 560g,£4.48,(£8.00/kg),frozen,frozen_seafood,2025-05-29
Young's Gastro 2 Tempura Battered Crispy Lemon & Herb Basa Fillets,£4.98,(£16.06/kg),frozen,frozen_seafood,2025-05-29
Birds Eye 8 Battered Fish Fingers,£1.98,(£8.84/kg),frozen,frozen_seafood,2025-05-29
Birds Eye 20 Fish Nuggets,£4.25,(£8.67/kg),frozen,frozen_seafood,2025-05-29
Young's Gastro Signature Breaded 2 Lemon & Pepper Fish Fillets,£2.48,(£9.19/kg),frozen,frozen_seafood,2025-05-29
Birds Eye 6 Chunky Battered Fish Fingers,£2.48,(£6.89/kg),frozen,frozen_seafood,2025-05-29
Young's Chip Shop 2 Extra Large Battered Fishcakes,£2.25,(£10.71/kg),frozen,frozen_seafood,2025-05-29
ASDA White Fish with a Cheese & Chive Sauce 380g,£4.00,(£10.53/kg),frozen,frozen_seafood,2025-05-29
ASDA 4 Breaded Cod Fillets 440g,£3.75,(£8.52/kg),frozen,frozen_seafood,2025-05-29
Young's Gastro Calamari,£3.98,(£15.92/kg),frozen,frozen_seafood,2025-05-29
Young's Omega 3 12 Fishcakes,£2.74,(£4.57/kg),frozen,frozen_seafood,2025-05-29
Birds Eye 32 Omega 3 Fish Fingers 896g,£5.00,(£5.58/kg),frozen,frozen_seafood,2025-05-29
Birds Eye 26 Battered Fish Fingers,£4.66,(£6.40/kg),frozen,frozen_seafood,2025-05-29
Birds Eye 32 Cod Fish Fingers 896g,£8.48,(£9.46/kg),frozen,frozen_seafood,2025-05-29
ASDA 30 Flaky Cod Fish Fingers 900g,£6.48,(£7.20/kg),frozen,frozen_seafood,2025-05-29
Ibco Brand Pangasius Fillets,£3.85,(£6.02/kg),frozen,frozen_seafood,2025-05-29
Birds Eye 4 Battered Cod Fillets 400g,£6.48,(£16.20/kg),frozen,frozen_seafood,2025-05-29
Birds Eye Green Cuisine 2 Fish-Less Battered Fillets 240g,£1.98,(£8.25/kg),frozen,frozen_seafood,2025-05-29
Young's Breaded 4 Large Cod Fillets 440g,£4.84,(£11.00/kg),frozen,frozen_seafood,2025-05-29
,,,frozen,frozen_seafood,2025-05-29
,,,frozen,frozen_seafood,2025-05-29
,,,frozen,frozen_seafood,2025-05-29
,,,frozen,frozen_seafood,2025-05-29
,,,frozen,frozen_seafood,2025-05-29
,,,frozen,frozen_seafood,2025-05-29
Birds Eye 10 Cod Fish Fingers,£4.48,(£16.00/kg),frozen,frozen_seafood,2025-05-29
Birds Eye 6 Chunky Battered Fish Fingers,£2.48,(£6.89/kg),frozen,frozen_seafood,2025-05-29
Birds Eye 10 Omega 3 Fish Fingers,£2.98,(£10.64/kg),frozen,frozen_seafood,2025-05-29
Birds Eye 2 Battered Fish Jumbo Fillets 400g,£2.00,(£5.00/kg),frozen,frozen_seafood,2025-05-29
Birds Eye Green Cuisine 2 Fish-Less Battered Fillets 240g,£1.98,(£8.25/kg),frozen,frozen_seafood,2025-05-29
ASDA 4 Classic Cod Fishcakes,£4.00,(£8.70/kg),frozen,frozen_seafood,2025-05-29
Birds Eye 2 Gluten Free Breaded Fish Fillets,£3.85,(£15.40/kg),frozen,frozen_seafood,2025-05-29
ASDA 6 Marinated Basa Skewers 300g,£4.00,(£13.33/kg),frozen,frozen_seafood,2025-05-29
Young's Gastro Signature Breaded 4 Atlantic Salmon Lemon & Herb Fish Cakes 400g,£4.00,(£10.00/kg),frozen,frozen_seafood,2025-05-29
ASDA Free From 2 Cod Fishcakes,£2.40,(£13.33/kg),frozen,frozen_seafood,2025-05-29
ASDA 4 Battered Cod Fillets,£5.37,(£10.74/kg),frozen,frozen_seafood,2025-05-29
Birds Eye 12 Gluten Free Fish Fingers,£3.20,(£8.89/kg),frozen,frozen_seafood,2025-05-29
Kiln 4 Atlantic Salmon Fillets 400g,£6.98,(£17.45/kg),frozen,frozen_seafood,2025-05-29
ASDA White Fish with a Tomato & Chorizo Sauce 380g,£4.00,(£10.53/kg),frozen,frozen_seafood,2025-05-29
ASDA 2 Coley Fillets 260g,£2.48,(£9.54/kg),frozen,frozen_seafood,2025-05-29
ASDA 4 Breaded Cod Fillets 500g,£5.24,(£10.48/kg),frozen,frozen_seafood,2025-05-29
Birds Eye 18 Cod Fish Fingers 504g,£6.74,(£13.37/kg),frozen,frozen_seafood,2025-05-29
Birds Eye 4 Breaded Haddock Fillets 400g,£5.98,(£14.95/kg),frozen,frozen_seafood,2025-05-29
Young's Gastro 2 Lightly Dusted Sicilian Lemon & Parsley Cod Fillets,£4.98,(£18.44/kg),frozen,frozen_seafood,2025-05-29
Birds Eye 4 Battered Haddock Fillets 400g,£6.48,(£16.20/kg),frozen,frozen_seafood,2025-05-29
Young's 2 Scottish Kipper Fillets with Butter,£1.58,(£9.29/kg),frozen,frozen_seafood,2025-05-29
Birds Eye Captain's Discoveries 2 Lightly Dusted Fish Fillets with Sea Salt & Rosemary 280g,£1.98,(£7.07/kg),frozen,frozen_seafood,2025-05-29
Birds Eye Captain's Discoveries 2 Lightly Dusted Fish Fillets with Lemon & Cracked Black Pepper,£1.98,(£7.07/kg),frozen,frozen_seafood,2025-05-29
ASDA 4 Battered Haddock Fillets 440g,£3.75,(£8.52/kg),frozen,frozen_seafood,2025-05-29
Young's Gastro 2 Tempura Beer Battered Cod Fillets,£5.48,(£20.30/kg),frozen,frozen_seafood,2025-05-29
ASDA 10 Flaky Cod Fish Fingers 300g,£2.20,(£7.33/kg),frozen,frozen_seafood,2025-05-29
Young's Gastro Signature Breaded 2 Sweet Chilli Fish Fillets 270g,£4.98,(£18.44/kg),frozen,frozen_seafood,2025-05-29
"Young's Limited Edition Gastro 2 Chilli, Lime & Ginger Breaded Fish Fillets 270g",£4.74,(£17.56/kg),frozen,frozen_seafood,2025-05-29
ASDA 4 Battered Haddock Fillets,£5.25,(£10.50/kg),frozen,frozen_seafood,2025-05-29
JUST ESSENTIALS by ASDA 10 Fish Fingers,£0.80,(£3.20/kg),frozen,frozen_seafood,2025-05-29
,,,frozen,frozen_seafood,2025-05-29
,,,frozen,frozen_seafood,2025-05-29
,,,frozen,frozen_seafood,2025-05-29
,,,frozen,frozen_seafood,2025-05-29
,,,frozen,frozen_seafood,2025-05-29
,,,frozen,frozen_seafood,2025-05-29
ASDA Cooked King Prawns 200g,£3.68,(£18.40/kg),frozen,frozen_seafood,2025-05-29
ASDA Raw King Prawns 200g,£3.68,(£18.40/kg),frozen,frozen_seafood,2025-05-29
ASDA Garlic & Herb King Prawns 240g,£3.68,(£15.33/kg),frozen,frozen_seafood,2025-05-29
ASDA Fish Pie Mix 360g,£3.68,(£10.22/kg),frozen,frozen_seafood,2025-05-29
ASDA Extra Special Easy-Peel Vietnamese Tiger Prawns,£5.72,(£28.60/kg),frozen,frozen_seafood,2025-05-29
Young's Wholetail Scampi,£3.98,(£18.09/kg),frozen,frozen_seafood,2025-05-29
Whitby Seafoods Wholetail Scampi 200g,£2.74,(£13.70/kg),frozen,frozen_seafood,2025-05-29
Whitby Seafoods Scampi Bites 190g,£1.40,(£7.37/kg),frozen,frozen_seafood,2025-05-29
ASDA Breaded Wholetail Scampi,£3.85,(£12.83/kg),frozen,frozen_seafood,2025-05-29
Whitby Seafoods Scampi 370g,£3.48,(£9.41/kg),frozen,frozen_seafood,2025-05-29
Vici Prawn Flavour Surimi Tails 185g,£1.50,(£8.11/kg),frozen,frozen_seafood,2025-05-29
ASDA Raw Seafood Cocktail 300g,£4.00,(£13.33/kg),frozen,frozen_seafood,2025-05-29
JUST ESSENTIALS by ASDA Cooked & Peeled Prawns,£2.69,(£10.76/kg),frozen,frozen_seafood,2025-05-29
ASDA Breaded Scampi,£2.98,(£12.68/kg),frozen,frozen_seafood,2025-05-29
ASDA Extra Special Raw & Peeled Jumbo King Prawns,£4.25,(£21.25/kg),frozen,frozen_seafood,2025-05-29
Vici Seafood Sticks 350g,£2.00,(£8.00/kg),frozen,frozen_seafood,2025-05-29
ASDA Mussels 400g,£3.50,(£8.75/kg),frozen,frozen_seafood,2025-05-29
Young's Gastro Calamari,£3.98,(£15.92/kg),frozen,frozen_seafood,2025-05-29
ASDA Extra Special Jumbo Cooked King Prawns,£4.40,(£22.00/kg),frozen,frozen_seafood,2025-05-29
Panku Streetfood Tempura Prawns 150g,£3.48,(£23.20/kg),frozen,frozen_seafood,2025-05-29
Whitby Seafoods Jumbo Wholetail Scampi 200g,£3.98,(£19.90/kg),frozen,frozen_seafood,2025-05-29
ASDA Patagonian Scallops Raw 240g,£7.00,(£29.17/kg),frozen,frozen_seafood,2025-05-29
ASDA Thai Green Curry King Prawns 240g,£4.00,(£16.67/kg),frozen,frozen_seafood,2025-05-29
Young's Breaded Scampi,£4.38,(£19.91/kg),frozen,frozen_seafood,2025-05-29
ASDA Asda Large Prawns 325g,£5.00,(£15.38/kg),frozen,frozen_seafood,2025-05-29
ASDA Party Salt and Pepper Prawns 132g,£3.00,(£22.73/kg),frozen,frozen_seafood,2025-05-29
ASDA Creamy Garlic King Prawns 240g,£4.00,(£16.67/kg),frozen,frozen_seafood,2025-05-29
Goodfella's Margherita Stonebaked Thin Pizza 334g,£1.74,(£5.04/kg),frozen,frozen_pizza,2025-05-29
Goodfella's Pepperoni Stonebaked Thin Pizza 332g,£1.74,(£5.24/kg),frozen,frozen_pizza,2025-05-29
Goodfella's Takeaway Classic Crust Fully Loaded Pepperoni Pizza,£4.48,(£8.55/kg),frozen,frozen_pizza,2025-05-29
ASDA Takeaway Classic Crust Pepperoni & Honey Pizza 444g,£2.98,(£6.71/kg),frozen,frozen_pizza,2025-05-29
ASDA Sweet Chilli Chicken Stonebaked Pizza 340g,£1.64,(£4.82/kg),frozen,frozen_pizza,2025-05-29
ASDA BBQ Chicken Stonebaked Pizza 340g,£1.55,(£4.56/kg),frozen,frozen_pizza,2025-05-29
Goodfella's Takeaway The Big Cheese Pizza,£4.48,(£8.07/kg),frozen,frozen_pizza,2025-05-29
Goodfella's Takeaway Classic Crust Mighty Meaty Feast Pizza,£4.48,(£7.86/kg),frozen,frozen_pizza,2025-05-29
Dr Oetker Ristorante Mozzarella Cheese Pizza,£3.08,(£9.19/kg),frozen,frozen_pizza,2025-05-29
Dr. Oetker Ristorante Pepperoni Salame Pizza,£3.08,(£9.62/kg),frozen,frozen_pizza,2025-05-29
Goodfella's Stonebaked Thin Crust Chicken Pizza,£1.74,(£4.77/kg),frozen,frozen_pizza,2025-05-29
Goodfella's Stonebaked Thin Cheese & Ham Pizza,£1.74,(£4.96/kg),frozen,frozen_pizza,2025-05-29
Dr. Oetker Ristorante Ham and Pineapple Pizza,£3.08,(£8.68/kg),frozen,frozen_pizza,2025-05-29
Dr. Oetker Ristorante Mushroom Pizza,£3.08,(£8.44/kg),frozen,frozen_pizza,2025-05-29
Chicago Town Tiger Crust Cheese Medley 305g,£3.96,(£12.98/kg),frozen,frozen_pizza,2025-05-29
ASDA Four Cheese Stone Baked Pizza 315g,£1.55,(£4.92/kg),frozen,frozen_pizza,2025-05-29
ASDA Ham & Pineapple Stonebaked Pizza 335g,£1.55,(£4.63/kg),frozen,frozen_pizza,2025-05-29
ASDA Stonebaked Double Pepperoni Pizza,£1.55,(£5.02/kg),frozen,frozen_pizza,2025-05-29
ASDA Stonebaked Cheesy Garlic Bread,£1.64,(£5.56/kg),frozen,frozen_pizza,2025-05-29
Chicago Town Tiger Crust Double Pepperoni 320g,£3.96,(£12.38/kg),frozen,frozen_pizza,2025-05-29
Saporito by Asda Stonebaked Margherita Pizza 380g,£3.48,(£9.16/kg),frozen,frozen_pizza,2025-05-29
ASDA Saporito Stonebaked Spicy Salami Pizza 370g,£3.48,(£9.41/kg),frozen,frozen_pizza,2025-05-29
ASDA Saporito Stonebaked Prosciutto & Mascarpone Pizza 410g,£3.48,(£8.49/kg),frozen,frozen_pizza,2025-05-29
Chicago Town Tiger Crust Garlic Bread Cheesy,£2.00,(£7.75/kg),frozen,frozen_pizza,2025-05-29
Chicago Town Crispy Chicago Thin Sausage 'N' Pepperoni,£4.50,(£10.44/kg),frozen,frozen_pizza,2025-05-29
ASDA Free From Margherita Pizza,£2.77,(£7.29/kg),frozen,frozen_pizza,2025-05-29
Chicago Town Crispy Chicago Thin Loaded Cheese,£4.50,(£10.25/kg),frozen,frozen_pizza,2025-05-29
Dr Oetker Ristorante Grande Pepperoni 582g,£3.48,(£5.98/kg),frozen,frozen_pizza,2025-05-29
Dr Oetker Ristorante Grande Margherita Formaggi 585g,£3.48,(£5.95/kg),frozen,frozen_pizza,2025-05-29
Dr. Oetker Ristorante Gluten Free Mozzarella Cheese Pizza 370g,£3.50,(£9.46/kg),frozen,frozen_pizza,2025-05-29
Schar Gluten Free Pizza Salame 330g,£2.74,(£8.30/kg),frozen,frozen_pizza,2025-05-29
Dr. Oetker Ristorante Margherita Pomodori Vegan Pizza,£3.33,(£9.79/kg),frozen,frozen_pizza,2025-05-29
One Planet Pizza Sourdough Tex Mex Plant-Based Pizza 360g,£2.98,(£8.28/kg),frozen,frozen_pizza,2025-05-29
Dr. Oetker Ristorante Gluten Free Salame Pizza 315g,£3.50,(£11.11/kg),frozen,frozen_pizza,2025-05-29
Goodfella's Gluten Free Margherita Pizza,£4.00,(£12.20/kg),frozen,frozen_pizza,2025-05-29
One Planet Pizza Sourdough Peppernomi Plant-Based Pizza,£4.02,(£12.93/kg),frozen,frozen_pizza,2025-05-29
OMV! Deliciously Vegan by Asda Roasted Veg & Houmous Pizza,£2.08,(£5.55/kg),frozen,frozen_pizza,2025-05-29
Schar Gluten-Free Pizza Margherita with Sourdough 300g,£3.25,(£10.83/kg),frozen,frozen_pizza,2025-05-29
Goodfella's Gluten Free Pepperoni Pizza,£3.75,(£11.83/kg),frozen,frozen_pizza,2025-05-29
JUST ESSENTIALS by ASDA Cheese & Tomato Pizza,£1.10,(£3.50/kg),frozen,frozen_pizza,2025-05-29
JUST ESSENTIALS by ASDA Pepperoni Pizza,£1.10,(£3.50/kg),frozen,frozen_pizza,2025-05-29
,,,frozen,frozen_pizza,2025-05-29
,,,frozen,frozen_pizza,2025-05-29
,,,frozen,frozen_pizza,2025-05-29
,,,frozen,frozen_pizza,2025-05-29
,,,frozen,frozen_pizza,2025-05-29
,,,frozen,frozen_pizza,2025-05-29
,,,frozen,frozen_pizza,2025-05-29
,,,frozen,frozen_pizza,2025-05-29
,,,frozen,frozen_pizza,2025-05-29
,,,frozen,frozen_pizza,2025-05-29
,,,frozen,frozen_pizza,2025-05-29
,,,frozen,frozen_pizza,2025-05-29
Goodfella's Deep Pan Baked Deliciously Cheesy 421g,£1.68,(£3.99/kg),frozen,frozen_pizza,2025-05-29
Goodfella's Deep Pan Baked Pepperoni 411g,£1.68,(£4.09/kg),frozen,frozen_pizza,2025-05-29
Chicago Town Memphis BBQ Pulled Pork Ultimate Stuffed Crust Pizza 695g,£4.48,(£6.45/kg),frozen,frozen_pizza,2025-05-29
Chicago Town Fully Loaded Deep Dish 2 Four Cheese Pizzas 2 x 148g (296g),£1.24,(£4.19/kg),frozen,frozen_pizza,2025-05-29
"Chicago Town Tiger Crust Bacon, Ham & Pineapple 380g",£3.96,(£10.42/kg),frozen,frozen_pizza,2025-05-29
Chicago Town Fully Loaded Deep Dish Mega Meaty Pizzas 2 x 157g (314g),£1.24,(£3.95/kg),frozen,frozen_pizza,2025-05-29
Chicago Town Fully Loaded Deep Dish Pepperoni Pizzas 2 x 155g (310g),£1.24,(£4.00/kg),frozen,frozen_pizza,2025-05-29
Chicago Town Tiger Crust Double Pepperoni 320g,£3.96,(£12.38/kg),frozen,frozen_pizza,2025-05-29
Chicago Town Fully Loaded Deep Dish Chicken & Bacon Club Pizzas 2 x 156g (312g),£1.24,(£3.97/kg),frozen,frozen_pizza,2025-05-29
Chicago Town Tiger Crust Cheese Medley 305g,£3.96,(£12.98/kg),frozen,frozen_pizza,2025-05-29
Chicago Town Ultimate Deep Dish Peppered Cheesesteak Pizza 2 x160g (320g),£2.50,(£7.81/kg),frozen,frozen_pizza,2025-05-29
Chicago Town Takeaway Stuffed Crust Magnificent Meat Feast Pizza 640g,£3.00,(£4.69/kg),frozen,frozen_pizza,2025-05-29
Chicago Town Ultimate Deep Dish Memphis Style BBQ Pork Pizza 2 x 150g (300g),£2.50,(£8.22/kg),frozen,frozen_pizza,2025-05-29
,,,frozen,frozen_pizza,2025-05-29
,,,frozen,frozen_pizza,2025-05-29
,,,frozen,frozen_pizza,2025-05-29
,,,frozen,frozen_pizza,2025-05-29
,,,frozen,frozen_pizza,2025-05-29
,,,frozen,frozen_pizza,2025-05-29
ASDA Takeway Stuffed Crust Cheese Feast Pizza 445g,£2.74,(£6.16/kg),frozen,frozen_pizza,2025-05-29
ASDA Takeaway Stuffed Crust BBQ Chicken & Bacon Pizza 470g,£2.74,(£5.83/kg),frozen,frozen_pizza,2025-05-29
ASDA Takeaway Stuffed Crust Cheeseburger Pizza 480g,£2.74,(£5.71/kg),frozen,frozen_pizza,2025-05-29
Chicago Town Stuffed Crust BBQ Chicken with BBQ Sauce Filled Crust 668g,£2.98,(£4.46/kg),frozen,frozen_pizza,2025-05-29
Goodfella's Takeaway Classic Crust Mighty Meaty Feast Pizza,£4.48,(£7.86/kg),frozen,frozen_pizza,2025-05-29
Goodfella's Takeaway The Big Cheese Pizza,£4.48,(£8.07/kg),frozen,frozen_pizza,2025-05-29
Goodfella's Takeaway Classic Crust Fully Loaded Pepperoni Pizza,£4.48,(£8.55/kg),frozen,frozen_pizza,2025-05-29
Chicago Town Takeaway Cheesy Stuffed Crust Cheese Pizza,£4.48,(£7.11/kg),frozen,frozen_pizza,2025-05-29
Chicago Town Memphis BBQ Pulled Pork Ultimate Stuffed Crust Pizza 695g,£4.48,(£6.45/kg),frozen,frozen_pizza,2025-05-29
Chicago Town Weekender Tomato Stuffed Crust Salt & Pepper Chicken Large Pizza,£4.98,(£7.20/kg),frozen,frozen_pizza,2025-05-29
Chicago Town Tiger Crust Cheese Medley 305g,£3.96,(£12.98/kg),frozen,frozen_pizza,2025-05-29
Chicago Town Tiger Crust Double Pepperoni 320g,£3.96,(£12.38/kg),frozen,frozen_pizza,2025-05-29
Chicago Town Takeaway Stuffed Crust Magnificent Meat Feast Pizza 640g,£3.00,(£4.69/kg),frozen,frozen_pizza,2025-05-29
"Chicago Town Tiger Crust Bacon, Ham & Pineapple 380g",£3.96,(£10.42/kg),frozen,frozen_pizza,2025-05-29
Chicago Town Takeaway Medium Stuffed Crust Pepperoni Pizza,£3.14,(£6.41/kg),frozen,frozen_pizza,2025-05-29
Chicago Town Takeaway Large Cheesy Stuffed Pepperoni Pizza,£4.48,(£7.00/kg),frozen,frozen_pizza,2025-05-29
ASDA Takeaway Classic Crust Pepperoni & Honey Pizza 444g,£2.98,(£6.71/kg),frozen,frozen_pizza,2025-05-29
Chicago Town Takeaway Medium Stuffed Crust Cheese Pizza,£3.14,(£6.54/kg),frozen,frozen_pizza,2025-05-29
Chicago Town Takeaway Tomato Stuffed Crust Honey BBQ Salami Pizza,£2.98,(£4.69/kg),frozen,frozen_pizza,2025-05-29
Chicago Town Takeaway Large Stuffed Pepperoni Pizza,£2.98,(£4.62/kg),frozen,frozen_pizza,2025-05-29
Chicago Town Takeaway Large Stuffed Cheese Pizza,£2.98,(£4.73/kg),frozen,frozen_pizza,2025-05-29
Chicago Town Ultimate Deep Dish Peppered Cheesesteak Pizza 2 x160g (320g),£2.50,(£7.81/kg),frozen,frozen_pizza,2025-05-29
One Planet Pizza Sourdough Peppernomi Plant-Based Pizza,£4.02,(£12.93/kg),frozen,frozen_pizza,2025-05-29
,,,frozen,frozen_pizza,2025-05-29
,,,frozen,frozen_pizza,2025-05-29
,,,frozen,frozen_pizza,2025-05-29
,,,frozen,frozen_pizza,2025-05-29
Goodfella's Takeaway The Big Cheese Pizza,£4.48,(£8.07/kg),frozen,frozen_pizza,2025-05-29
Chicago Town Fully Loaded Deep Dish 2 Four Cheese Pizzas 2 x 148g (296g),£1.24,(£4.19/kg),frozen,frozen_pizza,2025-05-29
Chicago Town Takeaway Large Stuffed Cheese Pizza,£2.98,(£4.73/kg),frozen,frozen_pizza,2025-05-29
Chicago Town Cheese & Tomato Pizza Subs,£1.24,(£4.96/kg),frozen,frozen_pizza,2025-05-29
One Planet Pizza Sourdough Tex Mex Plant-Based Pizza 360g,£2.98,(£8.28/kg),frozen,frozen_pizza,2025-05-29
ASDA 4 Cheese & Tomato Mini Pizzas,£2.54,(£7.13/kg),frozen,frozen_pizza,2025-05-29
Chicago Town Takeaway Cheesy Stuffed Crust Cheese Pizza,£4.48,(£7.11/kg),frozen,frozen_pizza,2025-05-29
ASDA Free From Margherita Pizza,£2.77,(£7.29/kg),frozen,frozen_pizza,2025-05-29
Dr. Oetker Ristorante Mushroom Pizza,£3.08,(£8.44/kg),frozen,frozen_pizza,2025-05-29
Goodfella's 2 Triple Cheese Pizza Pockets,£1.98,(£7.92/kg),frozen,frozen_pizza,2025-05-29
Chicago Town Takeaway Medium Stuffed Crust Cheese Pizza,£3.14,(£6.54/kg),frozen,frozen_pizza,2025-05-29
OMV! Deliciously Vegan by Asda Roasted Veg & Houmous Pizza,£2.08,(£5.55/kg),frozen,frozen_pizza,2025-05-29
Dr. Oetker Ristorante Margherita Pomodori Vegan Pizza,£3.33,(£9.79/kg),frozen,frozen_pizza,2025-05-29
One Planet Pizza Sourdough Peppernomi Plant-Based Pizza,£4.02,(£12.93/kg),frozen,frozen_pizza,2025-05-29
Goodfella's Gluten Free Margherita Pizza,£4.00,(£12.20/kg),frozen,frozen_pizza,2025-05-29
Schar Gluten-Free Pizza Margherita with Sourdough 300g,£3.25,(£10.83/kg),frozen,frozen_pizza,2025-05-29
,,,frozen,frozen_pizza,2025-05-29
,,,frozen,frozen_pizza,2025-05-29
,,,frozen,frozen_pizza,2025-05-29
ASDA Salted Caramel Bramley Apple Cobbler 570g,£4.74,(82.9p/100g),frozen,frozen_desserts,2025-05-29
ASDA Berry Strudel,£1.57,(26.2p/100g),frozen,frozen_desserts,2025-05-29
ASDA Apple Strudel,£1.57,(26.2p/100g),frozen,frozen_desserts,2025-05-29
Aunt Bessie's Scrumptious Apple Crumble 500g,£1.98,(39.6p/100g),frozen,frozen_desserts,2025-05-29
ASDA Apple Crumble Traybake,£3.18,(53.0p/100g),frozen,frozen_desserts,2025-05-29
Aunt Bessie's Jam Roly Poly,£1.98,(66.0p/100g),frozen,frozen_desserts,2025-05-29
ASDA Hot Chocolate Fudge Cake,£1.94,(43.1p/100g),frozen,frozen_desserts,2025-05-29
Aunt Bessie's Bramley Apple Pie,£2.48,(45.1p/100g),frozen,frozen_desserts,2025-05-29
ASDA Lemon Meringue Pie,£2.44,(51.4p/100g),frozen,frozen_desserts,2025-05-29
ASDA Millionaire's Cheesecake 450g,£2.74,(60.9p/100g),frozen,frozen_desserts,2025-05-29
ASDA Lemon Cheesecake,£2.44,(51.9p/100g),frozen,frozen_desserts,2025-05-29
ASDA New York Cheesecake,£2.74,(60.9p/100g),frozen,frozen_desserts,2025-05-29
JUST ESSENTIALS by ASDA Strawberry Cheesecake,£0.85,(22.7p/100g),frozen,frozen_desserts,2025-05-29
ASDA Passion Fruit Cheesecake 450g,£2.52,(56.0p/100g),frozen,frozen_desserts,2025-05-29
ASDA Strawberry Cheesecake,£2.24,(44.8p/100g),frozen,frozen_desserts,2025-05-29
ASDA Toffee Cheesecake Serves 5 375g,£2.44,(65.1p/100g),frozen,frozen_desserts,2025-05-29
ASDA Morello Cherry Bakewell Tart 410g,£2.52,(61.5p/100g),frozen,frozen_desserts,2025-05-29
ASDA Triple Chocolate Cheesecake Serves 6,£2.74,(60.9p/100g),frozen,frozen_desserts,2025-05-29
ASDA Lemon Tart 350g,£2.52,(72.0p/100g),frozen,frozen_desserts,2025-05-29
ASDA Extra Special Classic Crème Brûlée 440g,£5.34,(£1.21/100g),frozen,frozen_desserts,2025-05-29
Kirsty's Luxury Vegan Carrot Cake,£3.30,(£1.83/100g),frozen,frozen_desserts,2025-05-29
GU Double Salted Caramel 340g (4 x 85g),£3.77,(£1.11/100g),frozen,frozen_desserts,2025-05-29
GU Chocolate & Hazelnut Sundae (4 x 80g) 320g,£3.77,(£1.19/100g),frozen,frozen_desserts,2025-05-29
Daim 2 Cheesecakes,£3.40,(£2.00/100g),frozen,frozen_desserts,2025-05-29
GU Clotted Cream & Chocolate Crunch Sundae (4 x 80g) 320g,£3.77,(£1.27/100g),frozen,frozen_desserts,2025-05-29
ASDA Hot Chocolate Fudge Cake,£1.94,(43.1p/100g),frozen,frozen_desserts,2025-05-29
ASDA Chocolate Gateau Serves 8 600g,£2.98,(49.7p/100g),frozen,frozen_desserts,2025-05-29
ASDA Black Forest Gateau Serves 8 620g,£2.98,(48.1p/100g),frozen,frozen_desserts,2025-05-29
ASDA Lemon Meringue Pie,£2.44,(51.4p/100g),frozen,frozen_desserts,2025-05-29
ASDA Strawberry Gateau,£2.33,(62.1p/100g),frozen,frozen_desserts,2025-05-29
ASDA Extra Special Belgian White Chocolate & Raspberry Roulade,£5.28,(£1.16/100g),frozen,frozen_desserts,2025-05-29
ASDA Extra Special Hand Finished Sicilian Lemon & Mascarpone Roulade,£5.28,(£1.24/100g),frozen,frozen_desserts,2025-05-29
Daim Chocolate Cake with Crunchy Caramel 400g,£4.00,(£1.00/100g),frozen,frozen_desserts,2025-05-29
ASDA Extra Special Salted Honeycomb Meringue Stack 500g,£6.22,(£1.24/100ml),frozen,frozen_desserts,2025-05-29
ASDA 12 Mini Chocolate Eclairs,£1.48,(£1.06/100g),frozen,frozen_desserts,2025-05-29
Viennetta Ice Cream Salted Caramel 650 ml,£2.00,(30.8p/100ml),frozen,frozen_desserts,2025-05-29
Country Style 5 Fresh Cream Doughnuts,£1.38,(52.1p/100g),frozen,frozen_desserts,2025-05-29
ASDA Profiteroles & Chocolate Sauce 235g,£1.98,(84.3p/100g),frozen,frozen_desserts,2025-05-29
Viennetta Mint Ice Cream,£2.00,(30.8p/100ml),frozen,frozen_desserts,2025-05-29
JUST ESSENTIALS by ASDA Strawberry Cheesecake,£0.85,(22.7p/100g),frozen,frozen_desserts,2025-05-29
Viennetta Vanilla Ice Cream,£2.00,(30.8p/100ml),frozen,frozen_desserts,2025-05-29
ASDA Millionaire's Cheesecake 450g,£2.74,(60.9p/100g),frozen,frozen_desserts,2025-05-29
ASDA Extra Special 12 Macaron Selection,£3.54,(£2.68/100g),frozen,frozen_desserts,2025-05-29
ASDA 6 Chocolate Eclairs,£2.04,(£1.27/100g),frozen,frozen_desserts,2025-05-29
ASDA New York Cheesecake,£2.74,(60.9p/100g),frozen,frozen_desserts,2025-05-29
ASDA Toffee Cheesecake Serves 5 375g,£2.44,(65.1p/100g),frozen,frozen_desserts,2025-05-29
ASDA Passion Fruit Cheesecake 450g,£2.52,(56.0p/100g),frozen,frozen_desserts,2025-05-29
ASDA Strawberry Cheesecake,£2.24,(44.8p/100g),frozen,frozen_desserts,2025-05-29
ASDA Triple Chocolate Cheesecake Serves 6,£2.74,(60.9p/100g),frozen,frozen_desserts,2025-05-29
ASDA Lemon Cheesecake,£2.44,(51.9p/100g),frozen,frozen_desserts,2025-05-29
Kirsty's Luxury Vegan Carrot Cake,£3.30,(£1.83/100g),frozen,frozen_desserts,2025-05-29
Daim Chocolate Cake with Crunchy Caramel 400g,£4.00,(£1.00/100g),frozen,frozen_desserts,2025-05-29
ASDA Free From 6 Donuts,£1.45,(73.6p/100g),frozen,frozen_desserts,2025-05-29
ASDA Lemon Tart 350g,£2.52,(72.0p/100g),frozen,frozen_desserts,2025-05-29
ASDA Free From 16 Cream Filled Profiteroles,£2.68,(91.8p/100g),frozen,frozen_desserts,2025-05-29
ASDA Frozen for Freshness Blueberries,£2.12,(60.6p/100g),frozen,frozen_fruit_pastries,2025-05-29
ASDA Frozen for Freshness Strawberries,£2.12,(60.6p/100g),frozen,frozen_fruit_pastries,2025-05-29
ASDA Raspberries,£2.12,(70.7p/100g),frozen,frozen_fruit_pastries,2025-05-29
ASDA Frozen for Freshness Black Forest Fruits,£2.12,(42.4p/100g),frozen,frozen_fruit_pastries,2025-05-29
ASDA Frozen for Freshness Summer Fruits,£2.12,(42.4p/100g),frozen,frozen_fruit_pastries,2025-05-29
ASDA Tropical Smoothie Mix 500g,£1.98,(39.6p/100g),frozen,frozen_fruit_pastries,2025-05-29
ASDA Frozen for Freshness Morello Cherries 350g,£1.98,(56.6p/100g),frozen,frozen_fruit_pastries,2025-05-29
ASDA Summer Fruits & Banana Smoothie Mix,£1.98,(39.6p/100g),frozen,frozen_fruit_pastries,2025-05-29
ASDA Frozen for Freshness Mango Chunks,£2.12,(42.4p/100g),frozen,frozen_fruit_pastries,2025-05-29
ASDA Frozen for Freshness Blackberries,£2.12,(60.6p/100g),frozen,frozen_fruit_pastries,2025-05-29
ASDA Frozen for Freshness Pineapple Chunks,£2.12,(47.1p/100g),frozen,frozen_fruit_pastries,2025-05-29
"The Health Menu by ASDA Refreshing Pineapple, Passion Fruit & Spirulina Smoothie Mix 4 x 120g (480g)",£2.95,(61.5p/100g),frozen,frozen_fruit_pastries,2025-05-29
"The Health Menu by ASDA Zesty Mango, Pineapple & Ginger Smoothie Mix 4 x 120g (480g)",£2.95,(61.5p/100g),frozen,frozen_fruit_pastries,2025-05-29
"The Health Menu by ASDA Fruity Strawberry, Raspberry & Protein Smoothie Mix 4 x 120g (480g)",£2.95,(61.5p/100g),frozen,frozen_fruit_pastries,2025-05-29
Doughlicious Chocolate Chip Cookie Dough 6 x 34g (204g),£3.00,(£1.47/100g),frozen,frozen_fruit_pastries,2025-05-29
Doughlicious Blondie Cookie Dough 6 x 34g (204g),£3.00,(£1.47/100g),frozen,frozen_fruit_pastries,2025-05-29
Griddle Original Waffles 200g,£1.98,(99.0p/100g),frozen,frozen_fruit_pastries,2025-05-29
Griddle 6 Blueberry Waffles 200g,£1.98,(99.0p/100g),frozen,frozen_fruit_pastries,2025-05-29
ASDA Bake at Home 6 All-Butter Croissants 246g,£2.66,(£10.81/kg),frozen,frozen_fruit_pastries,2025-05-29
ASDA 6 Bake at Home All-Butter Pains Au Chocolat 276g,£2.98,(£10.80/kg),frozen,frozen_fruit_pastries,2025-05-29
ASDA Bake at Home 4 Cinnamon Swirls 318g,£3.22,(£10.13/kg),frozen,frozen_fruit_pastries,2025-05-29
ASDA Bake at Home 8 Milk Chocolate Chip Cookies 320g,£2.65,(£8.28/kg),frozen,frozen_fruit_pastries,2025-05-29
Country Style 5 Fresh Cream Doughnuts,£1.38,(52.1p/100g),frozen,frozen_fruit_pastries,2025-05-29
Genius Free From Frozen Shortcrust Pastry,£2.80,(£7.00/kg),frozen,frozen_fruit_pastries,2025-05-29
ASDA Toast at Home 8 Mini Waffles,£1.58,(79.0p/100g),frozen,frozen_fruit_pastries,2025-05-29
ASDA Pizza Dough Balls,£2.48,(24.8p/100g),frozen,frozen_fruit_pastries,2025-05-29
Schar Gluten-Free Pain Au 4 Chocolat 260g,£3.24,(£12.46/kg),frozen,frozen_fruit_pastries,2025-05-29
Genius Gluten Free Frozen Puff Pastry,£2.80,(£7.00/kg),frozen,frozen_fruit_pastries,2025-05-29
,,,frozen,frozen_fruit_pastries,2025-05-29
,,,frozen,frozen_fruit_pastries,2025-05-29
,,,frozen,frozen_fruit_pastries,2025-05-29
Magnum Ice Cream Sticks Classic 3x 100 ml,£3.48,(£1.16/100ml),frozen,icecreams,2025-05-29
Magnum Ice Cream Sticks White Chocolate 3 x 100 ml,£3.48,(£1.16/100ml),frozen,icecreams,2025-05-29
Magnum Ice Cream Sticks Almond 3x100ml,£3.48,(£1.16/100ml),frozen,icecreams,2025-05-29
ASDA Spotty Lollies 6 x 47g (282g),£1.34,(47.5p/100ml),frozen,icecreams,2025-05-29
ASDA Bubblegum Lollies 6 x 51g (306g),£1.34,(43.8p/100ml),frozen,icecreams,2025-05-29
Mars Chocolate Caramel Ice Cream Bars 4pk (4 x 40g),£1.98,(£1.00/100ml),frozen,icecreams,2025-05-29
Feast Ice Cream Stick Original 4x 90 ml,£2.74,(76.1p/100ml),frozen,icecreams,2025-05-29
Nobbly Bobbly Strawberry & Chocolate Nobbly Ice Lolly,£1.74,(72.5p/100ml),frozen,icecreams,2025-05-29
Snickers White Ice Cream 4 x 44.6ml (178.4ml),£1.98,(£1.10/100ml),frozen,icecreams,2025-05-29
Oreo Ice Cream Sandwiches 280g,£2.47,(56.1p/100ml),frozen,icecreams,2025-05-29
Cornetto Soft Ice Cream Cone Chocolatey 4 x 140 ml,£3.24,(70.4p/100ml),frozen,icecreams,2025-05-29
Bounty Chocolate & Coconut Ice Cream Bars 4pk,£1.98,(99.0p/100ml),frozen,icecreams,2025-05-29
Wall's Twister Ice Lollies Mini Mallow 6x 50 ml,£1.98,(66.0p/100ml),frozen,icecreams,2025-05-29
Cornetto Soft Ice Cream Cones Mango & White Chocolate 4x 140 ml,£3.24,(57.9p/100ml),frozen,icecreams,2025-05-29
Nestle Fab 6 Strawberry Ice Lollies,£1.74,(50.0p/100ml),frozen,icecreams,2025-05-29
Oreo 4 Ice Cream with Oreo Cookie Pieces 360ml,£2.47,(68.6p/100ml),frozen,icecreams,2025-05-29
Tango Sub Zero Tang Blue Raspberry Flavoured Iced Lollies 4 x 70ml (280ml),£1.58,(56.4p/100ml),frozen,icecreams,2025-05-29
Cadbury 4 Dairy Milk Buttons Ice Cream Cones,£2.52,(63.0p/100ml),frozen,icecreams,2025-05-29
Solero Ice Cream Sticks Orange Burst 3x 90 ml,£2.74,(£1.01/100ml),frozen,icecreams,2025-05-29
Oreo Ice Cream 6 x 330ml,£2.47,(74.9p/100ml),frozen,icecreams,2025-05-29
Cadbury Crunchie Blast Honeycomb Ice Cream with Popping Candy Cones 4 x 100ml,£2.52,(63.0p/100ml),frozen,icecreams,2025-05-29
Carte D'Or Refreshing Mint Choc Chip Ice Cream Dessert,£2.74,(30.4p/100ml),frozen,icecreams,2025-05-29
Cadbury 4 Dairy Milk Caramel Ice Cream Cones,£2.52,(63.0p/100ml),frozen,icecreams,2025-05-29
Oreo Ice Cream with Oreo Cookie Pieces 4 x 400ml,£2.47,(61.8p/100ml),frozen,icecreams,2025-05-29
Oreo Ice Cream with Oreo Cookie Pieces 425ml,£2.47,(58.1p/100ml),frozen,icecreams,2025-05-29
Magnum Ice Cream Classic 6x 100 ml,£4.74,(79.0p/100ml),frozen,icecreams,2025-05-29
Magnum Ice Cream White 6 x 100 ml,£4.74,(79.0p/100ml),frozen,icecreams,2025-05-29
Ben & Jerry's Ice Cream Cookie Dough 465 ML,£3.74,(80.4p/100ml),frozen,icecreams,2025-05-29
Cadbury Dairy Milk Caramel Ice Cream 425ml,£2.52,(59.3p/100ml),frozen,icecreams,2025-05-29
Carte D'Or Mini Indulgence Ice Cream Dessert Chocolate Cookie 200 ml,£1.48,(74.0p/100ml),frozen,icecreams,2025-05-29
Carte D'Or Mini Indulgence Ice Cream Dessert Eton Mess 200 ml,£1.48,(74.0p/100ml),frozen,icecreams,2025-05-29
Carte D'Or Indulgent Chocolate Ice Cream Dessert,£2.74,(30.4p/100ml),frozen,icecreams,2025-05-29
Carte D'Or Mini Indulgence Ice Cream Dessert Vanilla Caramel Pecan 200 ml,£1.48,(74.0p/100ml),frozen,icecreams,2025-05-29
Häagen-Dazs Salted Caramel Ice Cream,£3.74,(81.3p/100ml),frozen,icecreams,2025-05-29
Cadbury Mint Ice Cream 4 x 90ml (360ml),£3.90,(£1.08/100ml),frozen,icecreams,2025-05-29
Carte D'Or Delightful Strawberry Ice Cream Dessert,£2.74,(30.4p/100ml),frozen,icecreams,2025-05-29
Reese's Peanut Butter & Milk Chocolate Ice Cream 310g,£3.74,(81.3p/100ml),frozen,icecreams,2025-05-29
Wall's Twister Ice Lolly Berry-licious 4x 70 ml,£1.98,(70.7p/100ml),frozen,icecreams,2025-05-29
Ben & Jerry's Chocolate Fudge Brownie Ice Cream Tub,£3.74,(80.4p/100ml),frozen,icecreams,2025-05-29
Ben & Jerry's Caramel Brownie Party Ice Cream,£3.74,(80.4p/100ml),frozen,icecreams,2025-05-29
Magnum Ice Cream Sticks Almond 6x 100 ml,£4.74,(79.0p/100ml),frozen,icecreams,2025-05-29
Ben & Jerry's Strawberry Cheesecake Ice Cream,£3.74,(80.4p/100ml),frozen,icecreams,2025-05-29
Carte D'Or Madagascan Vanilla Ice Cream Dessert,£2.74,(30.4p/100ml),frozen,icecreams,2025-05-29
Mackie's of Scotland Traditional Luxury Dairy Ice Cream,£2.58,(25.8p/100ml),frozen,icecreams,2025-05-29
Ben & Jerry's Phish Food Ice Cream Tub,£3.74,(80.4p/100ml),frozen,icecreams,2025-05-29
Twister Ice Lolly Fruit Zingerrr 4 x 70 ml,£1.98,(70.7p/100ml),frozen,icecreams,2025-05-29
Ben & Jerry's Half Baked Ice Cream Tub,£3.74,(80.4p/100ml),frozen,icecreams,2025-05-29
Carte D'Or Rich Salted Caramel Ice Cream Dessert,£2.74,(30.4p/100ml),frozen,icecreams,2025-05-29
Ben & Jerry's Caramel Chew Chew Ice Cream Tub,£3.74,(80.4p/100ml),frozen,icecreams,2025-05-29
Cadbury Dairy Milk Ice Cream 425ml,£2.52,(59.3p/100ml),frozen,icecreams,2025-05-29
Halo Top Ice Cream Golden Blondie 460ml,£3.68,(80.0p/100ml),frozen,icecreams,2025-05-29
Häagen-Dazs Vanilla Collection Mini Cups Ice Cream 4 x 95ml,£3.74,(98.4p/100ml),frozen,icecreams,2025-05-29
Ben & Jerry's Ice Cream Tub Spectacu-love 465ml,£3.74,(80.4p/100ml),frozen,icecreams,2025-05-29
Häagen-Dazs Belgian Chocolate Ice Cream,£3.74,(81.3p/100ml),frozen,icecreams,2025-05-29
Exceptional by ASDA Belgian Chocolate Dairy Ice Cream 500ml,£2.98,(59.6p/100ml),frozen,icecreams,2025-05-29
Cadbury Crunchie 425ml,£2.52,(59.3p/100ml),frozen,icecreams,2025-05-29
Carte D'Or Madagascan Vanilla Light Ice Cream Dessert,£2.74,(30.4p/100ml),frozen,icecreams,2025-05-29
Häagen-Dazs Cookies & Cream Ice Cream,£3.74,(81.3p/100ml),frozen,icecreams,2025-05-29
Halo Top Ice Cream Chocolate Chip Cookie Dough 460ml,£3.68,(80.0p/100ml),frozen,icecreams,2025-05-29
Häagen-Dazs Strawberries & Cream Ice Cream 460ml,£3.74,(81.3p/100ml),frozen,icecreams,2025-05-29
,,,frozen,icecreams,2025-05-29
,,,frozen,icecreams,2025-05-29
,,,frozen,icecreams,2025-05-29
,,,frozen,icecreams,2025-05-29
,,,frozen,icecreams,2025-05-29
,,,frozen,icecreams,2025-05-29
,,,frozen,icecreams,2025-05-29
,,,frozen,icecreams,2025-05-29
,,,frozen,icecreams,2025-05-29
,,,frozen,icecreams,2025-05-29
,,,frozen,icecreams,2025-05-29
,,,frozen,icecreams,2025-05-29
,,,frozen,icecreams,2025-05-29
,,,frozen,icecreams,2025-05-29
,,,frozen,icecreams,2025-05-29
Häagen-Dazs Caramel Collection Mini Cup Ice Cream 4 x 95ml,£3.74,(98.4p/100ml),frozen,icecreams,2025-05-29
Magnum Ice Cream Sticks Classic 3x 100 ml,£3.48,(£1.16/100ml),frozen,icecreams,2025-05-29
Carte D'Or Madagascan Vanilla Ice Cream Dessert,£2.74,(30.4p/100ml),frozen,icecreams,2025-05-29
Kulfi Ice Ice Pistachio Flavour Kulfi Ice Cream with Real Pistachios 1 Litre,£2.48,(£2.48/lt),frozen,icecreams,2025-05-29
Little Moons Honey Roasted Pistachio Mochi Ice Cream 6 x 32g (192g),£3.48,(£1.81/100g),frozen,icecreams,2025-05-29
Häagen-Dazs 3 Salted Caramel Ice Cream Bars 210g,£4.18,(£1.74/100ml),frozen,icecreams,2025-05-29
Mackie's of Scotland Honeycomb Ice Cream,£2.58,(25.8p/100ml),frozen,icecreams,2025-05-29
Häagen-Dazs Cookies & Cream Ice Cream,£3.74,(81.3p/100ml),frozen,icecreams,2025-05-29
Häagen-Dazs Mango & Passionfruit Ice Cream Bars 3 x 80ml (240ml),£4.18,(£1.74/100ml),frozen,icecreams,2025-05-29
Häagen-Dazs Mini Cups Fruit Collection Ice Cream 4 x 95ml,£3.74,(98.4p/100ml),frozen,icecreams,2025-05-29
Häagen-Dazs Strawberries & Cream Ice Cream 460ml,£3.74,(81.3p/100ml),frozen,icecreams,2025-05-29
Halo Top Ice Cream Chocolate Chip Cookie Dough 460ml,£3.68,(80.0p/100ml),frozen,icecreams,2025-05-29
Little Moons Himalayan Salted Caramel Mochi Ice Cream 6 x 32g (192g),£3.48,(£1.81/100g),frozen,icecreams,2025-05-29
Mackie's of Scotland Raspberry Ripple Ice Cream,£2.58,(25.8p/100ml),frozen,icecreams,2025-05-29
Halo Top Ice Cream Honeycomb Crunch 460ml,£3.68,(80.0p/100ml),frozen,icecreams,2025-05-29
Cornetto Cookie & Chocolate Ice Cream Cone,£3.24,(57.9p/100ml),frozen,icecreams,2025-05-29
Wall's Twister Ice Lolly Mini Tropical 6x 50 ml,£1.98,(66.0p/100ml),frozen,icecreams,2025-05-29
Wall's Twister Ice Lolly Mini Pineapple 6 x 50 ml,£1.98,(66.0p/100ml),frozen,icecreams,2025-05-29
"Wall's Heartbrand Mini Milk Vanilla, Strawberry & Chocolate Ice Cream Lollies 10 x 35ml",£1.98,(56.6p/100ml),frozen,icecreams,2025-05-29
ASDA 4 Strawberry Ice Cream Cones 4x110ml,£1.60,(36.4p/100ml),frozen,icecreams,2025-05-29
ASDA Milk Choc Ices 8 x 70ml (560ml),£1.97,(35.2p/100ml),frozen,icecreams,2025-05-29
ASDA 4 Mint Ice Cream Cones,£1.60,(36.4p/100ml),frozen,icecreams,2025-05-29
ASDA Salted Caramel Ice Cream Cones 4 x 110ml (440ml),£1.50,(34.1p/100ml),frozen,icecreams,2025-05-29
ASDA 4 Toffee Ice Cream Cones 4x110ml,£1.60,(36.4p/100ml),frozen,icecreams,2025-05-29
ASDA 4 Chocolate & Hazelnut Ice Cream Cones,£1.60,(36.4p/100ml),frozen,icecreams,2025-05-29
ASDA Rocket Lollies 8 x 58ml (464ml),£1.43,(30.8p/100ml),frozen,icecreams,2025-05-29
Mr Freeze Freezepops,£1.18,(13.1p/100ml),frozen,icecreams,2025-05-29
ASDA Assorted Fruit Splits Lollies 6 x 73ml (438ml),£1.40,(32.0p/100ml),frozen,icecreams,2025-05-29
ASDA Vanilla Soft Scoop Ice Cream,£1.85,(9.2p/100ml),frozen,icecreams,2025-05-29
ASDA Fruity Ice Cream Mini Tubs 4 x 110ml (440ml),£3.48,(79.1p/100ml),frozen,icecreams,2025-05-29
ASDA 3 Tropical Ice Creams 3x90ml,£1.67,(61.9p/100ml),frozen,icecreams,2025-05-29
Rowntree's 4 Fruit Pastille Lollies,£1.98,(76.1p/100ml),frozen,icecreams,2025-05-29
ASDA Pop Lollies 6 x 73ml (438ml),£1.60,(36.5p/100ml),frozen,icecreams,2025-05-29
ASDA Really Creamy Triple Chocolate Ice Cream 900ml,£1.98,(22.0p/100ml),frozen,icecreams,2025-05-29
ASDA Strawberry Sprinkle Lollies 6 x 60g (360g),£1.90,(52.8p/100ml),frozen,icecreams,2025-05-29
ASDA Soft Scoop Neopolitan Ice Cream,£1.85,(9.2p/100ml),frozen,icecreams,2025-05-29
ASDA 8 Mini Coated Ice Cream Selection 8x50ml,£3.75,(93.8p/100ml),frozen,icecreams,2025-05-29
ASDA 5 Sour Watermelon Lollies,£1.35,(49.1p/100ml),frozen,icecreams,2025-05-29
ASDA Soft Scoop Raspberry Ripple Ice Cream,£1.85,(9.2p/100ml),frozen,icecreams,2025-05-29
ASDA Cider Flavour Lollies 6 x 73ml (438ml),£1.40,(32.0p/100ml),frozen,icecreams,2025-05-29
ASDA Really Creamy Raspberry Pavlova Ice Cream 900ml,£1.98,(22.0p/100ml),frozen,icecreams,2025-05-29
Mr Freeze Sour Freeze Pops,£1.18,(13.1p/100ml),frozen,icecreams,2025-05-29
Magnum Ice Cream Sticks Mint 3 x 100 ml,£3.48,(£1.16/100ml),frozen,icecreams,2025-05-29
ASDA Really Creamy Mint Choc Chip Ice Cream,£1.98,(22.0p/100ml),frozen,icecreams,2025-05-29
Magnum Ice Cream Sticks Salted Caramel 3 x 100 ml,£3.48,(£1.16/100ml),frozen,icecreams,2025-05-29
Cornetto Ice cream cone Classico 6x 90 ml,£3.24,(60.0p/100ml),frozen,icecreams,2025-05-29
ASDA Loaded Cookie Dough Ice Cream,£1.98,(41.2p/100ml),frozen,icecreams,2025-05-29
Rowntree's Mango 4 x 70ml (280ml),£1.98,(70.7p/100ml),frozen,icecreams,2025-05-29
Magnum Ice Cream Sticks Almond 3x100ml,£3.48,(£1.16/100ml),frozen,icecreams,2025-05-29
Rowntree's 4 Watermelon Ice Lollies,£1.98,(67.8p/100ml),frozen,icecreams,2025-05-29
"Nestle Fab Milky, Chocky Strawberry Fruity Lollies with Sprinkles on Top 12 x 58ml (696ml)",£3.46,(49.7p/100ml),frozen,icecreams,2025-05-29
JUST ESSENTIALS by ASDA 8 Fruit Flavour Ice Lollies,£1.15,(41.1p/100ml),frozen,icecreams,2025-05-29
Magnum Ice Cream Sticks White Chocolate 3 x 100 ml,£3.48,(£1.16/100ml),frozen,icecreams,2025-05-29
Solero 3 Exotic Ice Cream Lollies,£2.74,(£1.01/100ml),frozen,icecreams,2025-05-29
ASDA 6 Sour Fusion Lollies,£1.35,(54.0p/100ml),frozen,icecreams,2025-05-29
Haribo Push-Up Ice Cream 4x 85 ml,£3.00,(88.2p/100ml),frozen,icecreams,2025-05-29
ASDA Loaded Choc Fudge Brownie Ice Cream 480ml,£1.98,(41.2p/100ml),frozen,icecreams,2025-05-29
Rowntree's Fruit Push Up 4 x 90ml (360ml),£1.98,(55.0p/100ml),frozen,icecreams,2025-05-29
Robinsons Fruit Shoot Squeezee Freeze at Home Pops 12 x 45ml (540ml),£1.18,(21.9p/100ml),frozen,icecreams,2025-05-29
Snickers Chocolate Peanut Ice Cream Bars 4pack (4 x 45.6g),£2.74,(£1.36/100ml),frozen,icecreams,2025-05-29
,,,frozen,icecreams,2025-05-29
,,,frozen,icecreams,2025-05-29
,,,frozen,icecreams,2025-05-29
,,,frozen,icecreams,2025-05-29
,,,frozen,icecreams,2025-05-29
,,,frozen,icecreams,2025-05-29
,,,frozen,icecreams,2025-05-29
,,,frozen,icecreams,2025-05-29
,,,frozen,icecreams,2025-05-29
,,,frozen,icecreams,2025-05-29
,,,frozen,icecreams,2025-05-29
,,,frozen,icecreams,2025-05-29
,,,frozen,icecreams,2025-05-29
,,,frozen,icecreams,2025-05-29
,,,frozen,icecreams,2025-05-29
Magnum Ice Cream Sticks Classic 3x 100 ml,£3.48,(£1.16/100ml),frozen,icecreams,2025-05-29
Carte D'Or Madagascan Vanilla Ice Cream Dessert,£2.74,(30.4p/100ml),frozen,icecreams,2025-05-29
Magnum Ice Cream Sticks White Chocolate 3 x 100 ml,£3.48,(£1.16/100ml),frozen,icecreams,2025-05-29
Rowntree's 4 Watermelon Ice Lollies,£1.98,(67.8p/100ml),frozen,icecreams,2025-05-29
Robinsons Fruit Shoot Squeezee Freeze at Home Pops 12 x 45ml (540ml),£1.18,(21.9p/100ml),frozen,icecreams,2025-05-29
ASDA 21 Ice Cream Cup Cones,£1.30,(6.2p/each),frozen,icecreams,2025-05-29
Rowntree's Mango 4 x 70ml (280ml),£1.98,(70.7p/100ml),frozen,icecreams,2025-05-29
Cadbury 4 Flake Ice Cream Cones,£4.98,(99.6p/100ml),frozen,icecreams,2025-05-29
Viennetta Mint Ice Cream,£2.00,(30.8p/100ml),frozen,icecreams,2025-05-29
Snickers Chocolate Peanut Ice Cream Bars 4pack (4 x 45.6g),£2.74,(£1.36/100ml),frozen,icecreams,2025-05-29
ASDA 10 Waffle Cones,£1.28,(12.8p/each),frozen,icecreams,2025-05-29
Calippo Mini Ice Lollies Orange & Lemon-Lime 5x 80 ml,£2.86,(71.5p/100ml),frozen,icecreams,2025-05-29
Magnum Ice Cream Sticks Double Raspberry 3x 85 ml,£4.24,(£1.66/100ml),frozen,icecreams,2025-05-29
Angel Delight Soft Serve Ice Cream Butterscotch Flavour 800ml,£2.48,(31.0p/100ml),frozen,icecreams,2025-05-29
ASDA Heavenly Moments White Chocolate Dream 3 Pack,£2.10,(63.6p/100ml),frozen,icecreams,2025-05-29
Vimto Eezy Freezy Pyramids,£1.52,(30.6p/100ml),frozen,icecreams,2025-05-29
Askey's Crackin Chocolate Chunk Ice Cream Topping,£1.75,(77.8p/100g),frozen,icecreams,2025-05-29
R Whites Premium Lemonade Ice Lollies 3 x 78g (234g),£1.98,(89.2p/100ml),frozen,icecreams,2025-05-29
Kinder Bueno 248g,£4.94,(£1.37/100ml),frozen,icecreams,2025-05-29
ASDA Really Creamy Vanilla Ice Cream 900ml,£1.98,(22.0p/100ml),frozen,icecreams,2025-05-29
ASDA Loaded Chewy Choc Chimp Ice Cream 480ml,£1.98,(41.2p/100ml),frozen,icecreams,2025-05-29
ASDA Ice Cream Choc Sticks,£1.70,(17.0p/each),frozen,icecreams,2025-05-29
Wall's Soft Scoop Vanilla Ice Cream,£2.75,(15.3p/100ml),frozen,icecreams,2025-05-29
ASDA Really Creamy Strawberry Sorbet & Cream Flavour Ice Cream 900ml,£1.98,(22.0p/100ml),frozen,icecreams,2025-05-29
ASDA 3 x 110ml Milk Chocolate Coated Ice Creams,£2.10,(63.6p/100ml),frozen,icecreams,2025-05-29
Peppa Pig Ice Cream Lollies Vanilla & Strawberry Flavour 6 x 32g,£1.90,(99.0p/100g),frozen,icecreams,2025-05-29
ASDA Dark Choc Ices 8 x 70ml (560ml),£1.97,(35.2p/100ml),frozen,icecreams,2025-05-29
Magnum Ice Cream Sticks Double Gold Caramel Billionaire 3x 85 ml,£4.24,(£16.63/lt),frozen,icecreams,2025-05-29
Cornetto Ice Cream Cone Mint 6x 90 ml,£3.24,(60.0p/100ml),frozen,icecreams,2025-05-29
Ben & Jerry's Choc-Dough Cool-lection Ice Cream Mini Cup Multipack 4 x 100ml,£5.48,(£1.37/100ml),frozen,icecreams,2025-05-29
BAKE by ASDA 100's & 1000's 80g,£1.15,(£1.44/100g),frozen,icecreams,2025-05-29
Slush Puppie The Original Squeezee,£1.18,(19.7p/100ml),frozen,icecreams,2025-05-29
Rowntree's Fruit Blaster,£1.98,(56.9p/100ml),frozen,icecreams,2025-05-29
Viennetta Vanilla Ice Cream,£2.00,(30.8p/100ml),frozen,icecreams,2025-05-29
Angel Delight Soft Serve Ice Cream Strawberry Flavour 800ml,£2.48,(31.0p/100ml),frozen,icecreams,2025-05-29
Wall's Soft Scoop Ice Cream Dessert Neapolitan 1.8 L,£2.75,(£1.53/lt),frozen,icecreams,2025-05-29
Rowntree's Fruit Pastilles Ice Lollies,£3.46,(66.5p/100ml),frozen,icecreams,2025-05-29
Magnum Utopia Ice Cream Sticks Double Hazelnut 3x 85 ml,£4.24,(£1.66/100ml),frozen,icecreams,2025-05-29
Rowntree's Fruit Push Up 4 x 90ml (360ml),£1.98,(55.0p/100ml),frozen,icecreams,2025-05-29
Maltesers Ice Cream Bar 4 Pack,£2.74,(£1.37/100ml),frozen,icecreams,2025-05-29
Del Monte 3 100% Juice Orange Lollies,£2.18,(96.9p/100ml),frozen,icecreams,2025-05-29
ASDA Heavenly Moments Chocolate Almond Crunch Ice Creams 3 Pack,£2.10,(63.6p/100ml),frozen,icecreams,2025-05-29
Nuii Ice Cream Adventure Salted Caramel & Australian Macadamia 270ml,£3.97,(£1.47/100ml),frozen,icecreams,2025-05-29
Twix Chocolate & Caramel Ice Cream 4pk,£2.74,(£1.59/100ml),frozen,icecreams,2025-05-29
Häagen-Dazs Pralines & Cream Ice Cream 460ml,£5.74,(£1.25/100ml),frozen,icecreams,2025-05-29
Magnum Utopia Ice Cream Sticks Double Cherry 3x 85 ml,£4.24,(£1.66/100ml),frozen,icecreams,2025-05-29
Cadbury Crunchie Blast Ice Cream 4 x 90ml (360ml),£3.97,(£1.10/100ml),frozen,icecreams,2025-05-29
"Magnum Mini Ice Cream Sticks Classic, Almond & White Chocolate 6x 55 ml",£4.98,(£1.51/100ml),frozen,icecreams,2025-05-29
ASDA 21 Cones Ice Cream,£1.28,(6.1p/each),frozen,icecreams,2025-05-29
Askey's Treat! Strawberry Flavour Dessert Sauce,£1.58,(48.6p/100g),frozen,icecreams,2025-05-29
Viennetta Ice Cream Salted Caramel 650 ml,£2.00,(30.8p/100ml),frozen,icecreams,2025-05-29
ASDA Really Creamy Salted Caramel Ice Cream 900ml,£1.98,(22.0p/100ml),frozen,icecreams,2025-05-29
ASDA Mango Sorbet 500ml,£2.64,(52.8p/100ml),frozen,icecreams,2025-05-29
Häagen-Dazs Blueberries & Cream Ice Cream Tub 460ml,£5.74,(£1.25/100ml),frozen,icecreams,2025-05-29
Kinder Bueno White 248g,£4.94,(£1.37/100ml),frozen,icecreams,2025-05-29
Cadbury Dairy Milk Caramel Ice Cream 4 x 90ml (360ml),£3.97,(£1.10/100ml),frozen,icecreams,2025-05-29
Nuii Coconut & Indian Mango Ice Cream,£3.97,(£1.47/100ml),frozen,icecreams,2025-05-29
Magnum Mini Ice Cream Sticks Classic 6x 55 ml,£4.98,(£1.51/100ml),frozen,icecreams,2025-05-29
Nuii 3 Peanut Butter & Canadian Maple Syrup 270ml,£3.97,(£1.47/100ml),frozen,icecreams,2025-05-29
Cadbury Dairy Milk Ice Creams 4 x 90ml (360ml),£3.97,(£1.10/100ml),frozen,icecreams,2025-05-29
,,,frozen,icecreams,2025-05-29
,,,frozen,icecreams,2025-05-29
,,,frozen,icecreams,2025-05-29
,,,frozen,icecreams,2025-05-29
,,,frozen,icecreams,2025-05-29
,,,frozen,icecreams,2025-05-29
,,,frozen,icecreams,2025-05-29
,,,frozen,icecreams,2025-05-29
,,,frozen,icecreams,2025-05-29
,,,frozen,icecreams,2025-05-29
,,,frozen,icecreams,2025-05-29
,,,frozen,icecreams,2025-05-29
,,,frozen,icecreams,2025-05-29
,,,frozen,icecreams,2025-05-29
,,,frozen,icecreams,2025-05-29
Häagen-Dazs Caramel Collection Mini Cup Ice Cream 4 x 95ml,£3.74,(98.4p/100ml),frozen,icecreams,2025-05-29
Magnum Ice Cream Sticks Classic 3x 100 ml,£3.48,(£1.16/100ml),frozen,icecreams,2025-05-29
Carte D'Or Madagascan Vanilla Ice Cream Dessert,£2.74,(30.4p/100ml),frozen,icecreams,2025-05-29
Nuii Ice Cream Adventure Dark Chocolate & Nordic Berry 270ml,£3.97,(£1.47/100ml),frozen,icecreams,2025-05-29
Magnum Mini Ice Cream Sticks Classic 6x 55 ml,£4.98,(£1.51/100ml),frozen,icecreams,2025-05-29
Reece's Peanut Butter & Milk Chocolate Ice Cream 3 x 80ml (240ml),£4.48,(£1.87/100ml),frozen,icecreams,2025-05-29
Ben & Jerry's Sundae Ice Cream Tub Marshmallow & S'more 427ml,£5.74,(£1.34/100ml),frozen,icecreams,2025-05-29
Kulfi Ice Ice Pistachio Flavoured Kulfi Milk Lollies 5 x 70ml,£2.48,(£2.48/each),frozen,icecreams,2025-05-29
Magnum Mini Ice Cream Sticks Double Caramel Almond & Gold Caramel Billionaire 6x 55 ml,£4.98,(£1.51/100ml),frozen,icecreams,2025-05-29
Cadbury Flake Vanilla Ice Cream with Cadbury Flake Pieces 425ml,£4.98,(£1.17/100ml),frozen,icecreams,2025-05-29
"Magnum Mini Ice Cream Sticks Classic, Almond & White Chocolate 6x 55 ml",£4.98,(£1.51/100ml),frozen,icecreams,2025-05-29
Ben & Jerry's Ice Cream Dulce De-lish Sundae 427ml,£5.74,(£1.34/100ml),frozen,icecreams,2025-05-29
Nuii Coconut & Indian Mango Ice Cream,£3.97,(£1.47/100ml),frozen,icecreams,2025-05-29
Magnum Ice Cream Sticks Euphoria Pink Lemonade 3x 90 ml,£4.24,(£1.57/100ml),frozen,icecreams,2025-05-29
Ben & Jerry's Ice Cream Cookie Dough Peaces 160 ML 10MP,£4.48,(£2.80/100ml),frozen,icecreams,2025-05-29
Nuii Caramelised Salted Almond & New Zealand Honey 204g,£3.97,(£1.47/100ml),frozen,icecreams,2025-05-29
Wall's Soft Scoop Light Vanilla Ice Cream,£2.75,(15.3p/100ml),frozen,icecreams,2025-05-29
Magnum White Chocolate Ice Cream,£2.30,(£2.09/100ml),frozen,icecreams,2025-05-29
ASDA Ice Cream Wafers,£0.95,(2.0p/each),frozen,icecreams,2025-05-29
Nuii Caramel White Chocolate & Texan Pecan Ice Cream 3 x 90ml,£3.97,(£1.47/100ml),frozen,icecreams,2025-05-29
Häagen-Dazs Mango & Raspberry Ice Cream 400g,£5.74,(£1.25/100ml),frozen,icecreams,2025-05-29
Oreo Stick Sandwich Ice Creams 4 Pack,£3.97,(£1.32/100ml),frozen,icecreams,2025-05-29
Lakes Luxury Ice Cream Double Jersey 1 Litre,£4.00,(40.0p/100ml),frozen,icecreams,2025-05-29
Exceptional by ASDA Cornish Sea Salted Caramel Dairy Ice Cream 500ml,£2.98,(59.6p/100ml),frozen,icecreams,2025-05-29
Cadbury Dairy Milk Cone,£3.97,(90.2p/100ml),frozen,icecreams,2025-05-29
Magnum Ice Cream Sticks Double Sunlover 3 x 85 ml,£4.24,(£1.66/100ml),frozen,icecreams,2025-05-29
Solero Exotic Ice Cream,£1.90,(£2.11/100ml),frozen,icecreams,2025-05-29
Little Moons Mochi Sorbet Refreshos Very Berry 6 x 32g (192g),£4.98,(£2.59/100g),frozen,icecreams,2025-05-29
Kulfi Ice Ice Mango Flavoured Kulfi Milk Lollies 5 x 70ml,£2.48,(£2.48/each),frozen,icecreams,2025-05-29
Ben & Jerry's Ice Cream Choco-lotta Cheesecake Sundae 427ml,£5.74,(£1.34/100ml),frozen,icecreams,2025-05-29
Cadbury Boost Ice Cream,£3.97,(£1.10/100ml),frozen,icecreams,2025-05-29
Ben & Jerry's Oh My! Banoffee Pie! Sundae 427 ML,£5.74,(£1.34/100ml),frozen,icecreams,2025-05-29
Mackie's of Scotland Traditional Dairy Ice Cream,£4.25,(21.2p/100ml),frozen,icecreams,2025-05-29
Kelly's Cornish Honeycomb Crunch Ice Cream,£3.27,(34.4p/100ml),frozen,icecreams,2025-05-29
English Lakes Luxury Ice Cream Thunder & Lightning 1 Litre,£5.52,(55.2p/100ml),frozen,icecreams,2025-05-29
Ben & Jerry's Chocolate Chip Cookie Dough Chunks Tub,£4.88,(£2.87/100g),frozen,icecreams,2025-05-29
Cadbury Dairy Milk Choc Tops Cones 4 x 100ml (400ml),£3.97,(99.2p/100ml),frozen,icecreams,2025-05-29
Lakes Ice Cream Luxury Cartmel Sticky Toffee Pudding 1 Litre,£5.50,(55.0p/100ml),frozen,icecreams,2025-05-29
Cornetto Gluten Free Vegan 4 Ice Cream Cones,£3.50,(97.2p/100ml),frozen,icecreams,2025-05-29
ASDA Cookie Dough Ice Cream 473ml,£2.90,(61.3p/100ml),frozen,icecreams,2025-05-29
Ben & Jerry's Ice Cream Salted Caramel Brownie Peaces 160 ML 10MP,£4.48,(£2.80/100ml),frozen,icecreams,2025-05-29
Kelly's Cornish Clotted Cream,£3.27,(34.4p/100ml),frozen,icecreams,2025-05-29
Kelly's Clotted Cream & British Raspberry Ripple,£3.27,(34.4p/100ml),frozen,icecreams,2025-05-29
Swedish Glace Vanilla Soy Ice Cream Alternative,£3.25,(43.3p/100ml),frozen,icecreams,2025-05-29
Little Moons Mochi Sorbet Refreshos Pineapple & Mandarin 6 x 32g (192g),£4.98,(£2.59/100g),frozen,icecreams,2025-05-29
George Home Stainless Steel Scoop,£4.00,(£4.00/each),frozen,icecreams,2025-05-29
Magnum Bon Bon Ice Cream Frozen Snack White Chocolate & Cookies 12x 17 ml (204 ml),£4.48,(£2.20/100ml),frozen,icecreams,2025-05-29
Kelly's Cornish Vanilla Dairy Ice Cream,£4.74,(23.7p/100ml),frozen,icecreams,2025-05-29
Cadbury Darkmilk Ice Creams,£3.97,(£1.10/100ml),frozen,icecreams,2025-05-29
Magnum Bon Bon Ice Cream Frozen Snack Gold Caramel Billionaire 12x 17 ml (204 ml),£4.48,(£2.20/100ml),frozen,icecreams,2025-05-29
ASDA Soft Scoop Cornish Clotted Vanilla Ice Cream,£3.90,(19.5p/100ml),frozen,icecreams,2025-05-29
ASDA Lemon Sorbet 500ml,£2.64,(52.8p/100ml),frozen,icecreams,2025-05-29
Ben & Jerry's Cookie Vermont-ster Sundae Ice Cream,£5.74,(£1.34/100ml),frozen,icecreams,2025-05-29
Ben & Jerry's Ice Cream Tub Non Dairy Cookies on Cookie Dough 465ml,£4.94,(£1.06/100ml),frozen,icecreams,2025-05-29
Exceptional by ASDA Madagascan Vanilla Dairy Ice Cream 500ml,£2.98,(59.6p/100ml),frozen,icecreams,2025-05-29
Kulfi Ice Ice Original Malai Flavoured Kulfi Milk Lollies 5 x 70ml,£2.48,(£2.48/each),frozen,icecreams,2025-05-29
Calippo Ice Lolly Mini Cola 5x 80 ml,£2.48,(62.0p/100ml),frozen,icecreams,2025-05-29
Solero Ice Cream Sticks Red Berries 3x 90 ml,£2.74,(£1.01/100ml),frozen,icecreams,2025-05-29
ASDA 8 Neapolitan Choc Ice Cream Wafers 8x90ml,£2.30,(31.9p/100ml),frozen,icecreams,2025-05-29
ASDA Orange Juice Lollies 6 x 73ml (438ml),£1.40,(32.0p/100ml),frozen,icecreams,2025-05-29
,,,frozen,icecreams,2025-05-29
,,,frozen,icecreams,2025-05-29
,,,frozen,icecreams,2025-05-29
,,,frozen,icecreams,2025-05-29
,,,frozen,icecreams,2025-05-29
,,,frozen,icecreams,2025-05-29
,,,frozen,icecreams,2025-05-29
,,,frozen,icecreams,2025-05-29
,,,frozen,icecreams,2025-05-29
,,,frozen,icecreams,2025-05-29
,,,frozen,icecreams,2025-05-29
,,,frozen,icecreams,2025-05-29
,,,frozen,icecreams,2025-05-29
,,,frozen,icecreams,2025-05-29
,,,frozen,icecreams,2025-05-29
Bounty Coconut & Milk Chocolate Snack Bars Multipack 4 x 57g,£1.78,(78.1p/100g),cupboard,treats_snacks,2025-05-29
Milky Way Nougat & Milk Chocolate Snack Bars Multipack 6 x 21.5g,£1.78,(£1.38/100g),cupboard,treats_snacks,2025-05-29
Galaxy Smooth Milk Chocolate Bars Multipack,£1.98,(£1.18/100g),cupboard,treats_snacks,2025-05-29
Kit Kat Chunky Milk Chocolate Bars Multipack,£1.64,(£1.02/100g),cupboard,treats_snacks,2025-05-29
Galaxy Ripple Chocolate Bars Multipack 4 x 30g,£1.78,(£1.48/100g),cupboard,treats_snacks,2025-05-29
Cadbury Wispa Chocolate Bars 4 Pack,£1.74,(£1.56/100g),cupboard,treats_snacks,2025-05-29
Cadbury Dairy Milk Chocolate Bars 4 Pack,£1.74,(£1.30/100g),cupboard,treats_snacks,2025-05-29
Snickers Chocolate Snack Size Bars Multipack 8 x 35.5g,£2.74,(97.9p/100g),cupboard,treats_snacks,2025-05-29
Cadbury Boost Chocolate Bars 4 Pack,£1.74,(£1.18/100g),cupboard,treats_snacks,2025-05-29
Kinder Bueno Hazelnuts & Milk Chocolate Bars Multipack 4x,£2.70,(£1.57/100g),cupboard,treats_snacks,2025-05-29
Cadbury Twirl Chocolate Bar 129 Gr,£1.74,(£1.35/100g),cupboard,treats_snacks,2025-05-29
Snickers Bars 4 x 41.7g (166.8g),£1.78,(£1.07/100g),cupboard,treats_snacks,2025-05-29
Skinny Dream Millionaire's Shortbread,£1.38,(£1.45/100g),cupboard,treats_snacks,2025-05-29
Cadbury Dairy Milk Chocolate Bars 4 Pack,£1.74,(£1.30/100g),cupboard,treats_snacks,2025-05-29
Skinny Dream 5 x 24g,£1.38,(£1.15/100g),cupboard,treats_snacks,2025-05-29
Cadbury Flake Chocolate Bar 4 Pack,£1.74,(£1.71/100g),cupboard,treats_snacks,2025-05-29
Skinny Dream Salted Caramel Chocolate Bars,£1.38,(£1.10/100g),cupboard,treats_snacks,2025-05-29
Fry's Chocolate Cream 3 Pack 147g,£0.98,(66.7p/100g),cupboard,treats_snacks,2025-05-29
Galaxy Smooth Milk Chocolate Block Bar 100g,£1.68,(£1.68/100g),cupboard,treats_snacks,2025-05-29
Milkybar 90g,£1.50,(£1.67/100g),cupboard,treats_snacks,2025-05-29
Galaxy Smooth Milk Chocolate Block Sharing Bar 180g,£2.64,(£1.47/100g),cupboard,treats_snacks,2025-05-29
Galaxy Salted Caramel & Milk Chocolate Block Bar Vegetarian 135g,£1.68,(£1.24/100g),cupboard,treats_snacks,2025-05-29
Aero Milk Chocolate Sharing Bar,£1.34,(£1.49/100g),cupboard,treats_snacks,2025-05-29
Lindt Excellence Milk Sea Salt Caramel Chocolate Bar 100g,£2.98,(£2.98/100g),cupboard,treats_snacks,2025-05-29
Lindt Lindor Milk Chocolate Bar 100g,£2.48,(£2.48/100g),cupboard,treats_snacks,2025-05-29
Green & Black's Organic Ginger Dark Chocolate Bar 90g,£2.50,(£2.78/100g),cupboard,treats_snacks,2025-05-29
Aero Milk Chocolate Sharing Bar,£1.34,(£1.49/100g),cupboard,treats_snacks,2025-05-29
Aero Peppermint Mint Chocolate Sharing Bar,£1.34,(£1.49/100g),cupboard,treats_snacks,2025-05-29
Green & Black's Organic Milk Chocolate Bar 90g,£2.50,(£2.78/100g),cupboard,treats_snacks,2025-05-29
Munchies Milk Chocolate & Caramel Sharing Pouch,£1.48,(£1.42/100g),cupboard,treats_snacks,2025-05-29
Maltesers Milk Chocolate & Honeycomb Sharing Pouch Bag 158g,£2.84,(£1.80/100g),cupboard,treats_snacks,2025-05-29
M&M's Peanut Chocolate More to Share Pouch Bag 200g,£2.48,(£1.24/100g),cupboard,treats_snacks,2025-05-29
Maltesers Milk Chocolate & Honeycomb Bites Bag 93g,£1.66,(£1.78/100g),cupboard,treats_snacks,2025-05-29
Aero Bubbles Peppermint Mint Chocolate Sharing Bag,£1.48,(£1.61/100g),cupboard,treats_snacks,2025-05-29
M&M's Minis Milk Chocolate More to Share Pouch Bag 176g,£2.48,(£1.41/100g),cupboard,treats_snacks,2025-05-29
Galaxy Minstrels Milk Chocolate Buttons Pouch Bag 118g,£1.66,(£1.41/100g),cupboard,treats_snacks,2025-05-29
M&M's Peanut Chocolate Pouch Bag 112g,£1.66,(£1.48/100g),cupboard,treats_snacks,2025-05-29
Munchies Milk Chocolate & Caramel Sharing Pouch,£1.48,(£1.42/100g),cupboard,treats_snacks,2025-05-29
Smarties Milk Chocolate Sharing Pouch,£1.48,(£1.41/100g),cupboard,treats_snacks,2025-05-29
M&M's Minis Milk Chocolate More to Share Pouch Bag 176g,£2.48,(£1.41/100g),cupboard,treats_snacks,2025-05-29
M&M's Peanut Chocolate More to Share Pouch Bag 200g,£2.48,(£1.24/100g),cupboard,treats_snacks,2025-05-29
Munchies Orange 100g,£1.48,(£1.48/100g),cupboard,treats_snacks,2025-05-29
Maltesers Milk Chocolate & Honeycomb Bites Bag 93g,£1.66,(£1.78/100g),cupboard,treats_snacks,2025-05-29
Galaxy Vegan Salted Caramel 40g,£0.98,(£2.45/100g),cupboard,treats_snacks,2025-05-29
NOMO Coconut 33g,£1.18,(£3.11/100g),cupboard,treats_snacks,2025-05-29
Cadbury Starbar Duo 74g,£1.10,(£1.49/100g),cupboard,treats_snacks,2025-05-29
Cadbury Twirl Orange Flavoured Bars 3 x 43g (129g),£1.74,(£1.35/100g),cupboard,treats_snacks,2025-05-29
NOMO Vegan & Caramel Choc Bar,£1.18,(£3.11/100g),cupboard,treats_snacks,2025-05-29
Kinder Bueno White Chocolate and Hazelnuts Single Bar 2 Finger,£0.75,(£1.92/100g),cupboard,treats_snacks,2025-05-29
Haribo Soda Twist Zing 175g,£0.98,(56.0p/100g),cupboard,treats_snacks,2025-05-29
Milkybar Rowntree's Jelly & Ice Cream 95g,£1.48,(£1.56/100g),cupboard,treats_snacks,2025-05-29
Maynards Bassetts Jelly Babies Sweets Carton,£2.98,(85.1p/100g),cupboard,treats_snacks,2025-05-29
Starburst Chewy Sweets Fruit Flavoured Pouch Bag 138g,£0.98,(71.0p/100g),cupboard,treats_snacks,2025-05-29
Maynards Bassetts Sports Mix 350g,£2.98,(85.1p/100g),cupboard,treats_snacks,2025-05-29
Fruittella Juicy Chews 170g,£1.24,(72.9p/100g),cupboard,treats_snacks,2025-05-29
Cadbury Milk Tray Chocolate Box 530g,£7.98,(£1.51/100g),cupboard,treats_snacks,2025-05-29
Lindt Lindor Salted Caramel Chocolate Truffles Box 200g,£6.48,(£3.24/100g),cupboard,treats_snacks,2025-05-29
Lindt Lindor Milk & White Chocolate Truffles Box 200g,£6.48,(£3.24/100g),cupboard,treats_snacks,2025-05-29
Terry's Chocolate Orange Truffles,£2.48,(£1.24/100g),cupboard,treats_snacks,2025-05-29
"Thorntons Continental Milk, Dark, White Chocolate Gift Box",£7.98,(£3.02/100g),cupboard,treats_snacks,2025-05-29
Lindt Choco Wafer Assorted Chocolate Sharing Box 138g,£4.74,(£3.43/100g),cupboard,treats_snacks,2025-05-29
Wrigley's Extra 46 Peppermint 64g,£2.48,(£3.88/100g),cupboard,treats_snacks,2025-05-29
Wrigley's Extra Spearmint Sugarfree Chewing Gum Bottle 46 Pieces,£2.48,(£3.88/100g),cupboard,treats_snacks,2025-05-29
Extra White Bubblemint Sugarfree Chewing Gum Multipack 5 x 10 Pieces,£2.48,(£3.54/100g),cupboard,treats_snacks,2025-05-29
Extra Peppermint Sugarfree Chewing Gum Multipack 5 x 10 Pieces,£2.48,(£3.54/100g),cupboard,treats_snacks,2025-05-29
Wrigley's Extra Spearmint 5 x 14g (70g),£2.48,(£3.54/100g),cupboard,treats_snacks,2025-05-29
Wrigley's Extra White Bubblemint Chewing Gum Sugar Free Bottle 46 pieces,£2.48,(£3.88/100g),cupboard,treats_snacks,2025-05-29
Extra Watermelon Flavour Sugarfree Chewing Gum Bottle 46 pieces,£2.48,(£3.88/100g),cupboard,treats_snacks,2025-05-29
Mentos Gum Pure Fresh Spearmint 50 Pieces,£2.24,(£2.24/100g),cupboard,treats_snacks,2025-05-29
Smint Sugarfree Peppermint Mints,£1.28,(£3.66/100g),cupboard,treats_snacks,2025-05-29
Smint XXL Spearmint Sugarfee 50 Mints,£1.28,(£3.66/100g),cupboard,treats_snacks,2025-05-29
Mentos Gum Pure Fresh Cherry 50 Pieces,£2.24,(£2.31/100g),cupboard,treats_snacks,2025-05-29
Mentos Gum Pure Fresh Tropical 50 Pieces,£2.24,(£2.24/100g),cupboard,treats_snacks,2025-05-29
Lindt Creation Dessert Assorted Chocolate Box 341g,£13.48,(£3.95/100g),cupboard,treats_snacks,2025-05-29
Jacob's Mini Cheddars Original Baked Snacks Multipack 6x23g,£1.58,(£1.14/100g),cupboard,treats_snacks,2025-05-29
Walkers Quavers Cheese Multipack Snacks Crisps 6x16g,£1.66,(£1.73/100g),cupboard,treats_snacks,2025-05-29
Walkers Squares Crunchy Variety Multipack Crisps,£1.66,(£1.26/100g),cupboard,treats_snacks,2025-05-29
Walkers French Fries Variety Multipack Crisps,£1.66,(£1.54/100g),cupboard,treats_snacks,2025-05-29
Walkers Wotsits Really Cheesy Multipack Snacks Crisps 6x16.5g,£1.66,(£1.68/100g),cupboard,treats_snacks,2025-05-29
Walkers Cheese & Onion Multipack Crisps,£2.13,(£1.42/100g),cupboard,treats_snacks,2025-05-29
Walkers Ready Salted Multipack Crisps,£2.13,(£1.42/100g),cupboard,treats_snacks,2025-05-29
Walkers Baked Sea Salt Multipack Snacks Crisps 6 x 22g,£1.66,(£1.26/100g),cupboard,treats_snacks,2025-05-29
Walkers Roast Chicken Multipack Crisps,£2.13,(£1.42/100g),cupboard,treats_snacks,2025-05-29
Walkers Prawn Cocktail Multipack Crisps,£2.13,(£1.42/100g),cupboard,treats_snacks,2025-05-29
Walkers Less Salt Lightly Salted Multipack Crisps,£1.66,(£1.11/100g),cupboard,treats_snacks,2025-05-29
Walkers Monster Munch Pickled Onion Multipack Snacks Crisps 6x20g,£1.66,(£1.38/100g),cupboard,treats_snacks,2025-05-29
Seabrook Salt 'N Vinegar Flavour Waffle Bites 6 x 16g,£1.24,(£1.29/100g),cupboard,treats_snacks,2025-05-29
Hula Hoops Puft Salted Multipack Crisps,£1.68,(£1.87/100g),cupboard,treats_snacks,2025-05-29
Jacob's 6 Cheese & Red Union Flavour Mini Cheddars 138g,£1.58,(£1.14/100g),cupboard,treats_snacks,2025-05-29
"Jacob's Cheesy Specials Cream Cheese, Garlic & Herb Flavour Mini Cheddars 138g",£1.58,(£1.14/100g),cupboard,treats_snacks,2025-05-29
Jacob's Mini Cheddars Red Leicester Baked Snacks Multipack 6x23g,£1.58,(£1.14/100g),cupboard,treats_snacks,2025-05-29
Babybel Plant-Based Vegan Snacks,£2.15,(£21.50/kg),cupboard,treats_snacks,2025-05-29
Mini Babybel Original Cheese Snack x12,£3.55,(£14.79/kg),cupboard,treats_snacks,2025-05-29
The Laughing Cow Light Cheese Spread 16 Triangles,£2.62,(£9.81/kg),cupboard,treats_snacks,2025-05-29
The Laughing Cow Lightest Cheese Spread 8 Triangles,£1.90,(£14.29/kg),cupboard,treats_snacks,2025-05-29
Mini Babybel Light Cheese Snack x12,£3.55,(£14.79/kg),cupboard,treats_snacks,2025-05-29
The Laughing Cow Original Cheese Spread 8 Triangles,£1.90,(£14.29/kg),cupboard,treats_snacks,2025-05-29
Mini Babybel Mix Pack Cheese Snacks 9 x 20g,£3.20,(£17.78/kg),cupboard,treats_snacks,2025-05-29
The Laughing Cow Light Blue Cheese Spread Triangles x8,£1.90,(£14.84/kg),cupboard,treats_snacks,2025-05-29
Mini Babybel Original Cheese Snack x6,£2.45,(£20.42/kg),cupboard,treats_snacks,2025-05-29
Mini Babybel Light Cheese Snack x6,£2.45,(£20.42/kg),cupboard,treats_snacks,2025-05-29
Marmite Cheddar Cheese Bites 5 x 15g (75g),£1.42,(£18.93/kg),cupboard,treats_snacks,2025-05-29
Dairylea Lunchers Ham And Cheese 65g,£0.98,(£1.51/kg),cupboard,treats_snacks,2025-05-29
Cathedral City Mini Mature Cheddar Cheeses,£1.78,(£14.83/kg),cupboard,treats_snacks,2025-05-29
Dairylea Cheese Triangles x8,£1.42,(£11.36/kg),cupboard,treats_snacks,2025-05-29
Dairylea Dunkers Nachos (3 x 43g) 129g,£1.42,(£11.01/kg),cupboard,treats_snacks,2025-05-29
Dairylea Dunkers 3 x 43g (129g),£1.42,(£11.01/kg),cupboard,treats_snacks,2025-05-29
Cheez-It Snap'D Double Cheese Baked Snacks 150g,£1.98,(£1.32/100g),cupboard,treats_snacks,2025-05-29
Cheez-It Snap'd Cheese & Chilli Baked Snacks 150g,£1.98,(£1.32/100g),cupboard,treats_snacks,2025-05-29
"Jacob's Crinklys Cheese & Onion Baked Snacks Share Bag, 150g",£1.63,(£1.09/100g),cupboard,treats_snacks,2025-05-29
Doritos Tangy Cheese Tortilla Chips Sharing Bag Crisps 180g,£2.33,(£1.29/100g),cupboard,treats_snacks,2025-05-29
Doritos Chilli Heatwave Tortilla Chips Sharing Bag Crisps 180g,£2.33,(£1.29/100g),cupboard,treats_snacks,2025-05-29
Doritos Cool Original Tortilla Chips Multipack Crisps 5x30g,£2.13,(£1.42/100g),cupboard,treats_snacks,2025-05-29
"Jacob's Crinklys Salt & Vinegar Baked Snacks Share Bag, 150g",£1.63,(£1.09/100g),cupboard,treats_snacks,2025-05-29
Cheez-It Snap'd Cheese Sour Cream & Onion Baked Snacks 150g,£1.98,(£1.32/100g),cupboard,treats_snacks,2025-05-29
Sensations Roast Chicken & Thyme Sharing Crisps 150g,£1.74,(£1.16/100g),cupboard,treats_snacks,2025-05-29
Doritos Chilli Heatwave Tortilla Chips Multipack Crisps 5x30g,£2.13,(£1.42/100g),cupboard,treats_snacks,2025-05-29
Doritos Cool Original Tortilla Chips Sharing Bag Crisps 180g,£2.33,(£1.29/100g),cupboard,treats_snacks,2025-05-29
Walkers Sensations Mature Cheddar Cheese & Chilli Crisps 150g,£1.74,(£1.16/100g),cupboard,treats_snacks,2025-05-29
Doritos Dip or Load Zesty Lime Tortilla Chips Sharing Crisps 230g,£1.48,(64.3p/100g),cupboard,treats_snacks,2025-05-29
Walkers Max Pizza Hut Pepperoni Feast Sharing Crisps 140g,£1.48,(£1.06/100g),cupboard,treats_snacks,2025-05-29
Walkers Sensations Mature Cheddar Cheese & Chilli Crisps 150g,£1.74,(£1.16/100g),cupboard,treats_snacks,2025-05-29
Eat Real Lentil Chips Salted 5 x 18g (90g),£1.74,(£1.93/100g),cupboard,treats_snacks,2025-05-29
Popworks Sweet BBQ Sharing Popped Crisps,£1.24,(£1.46/100g),cupboard,treats_snacks,2025-05-29
Eat Real Sticky Caramelised Onion and Balsamic Flavour Hummus Chip 110g,£1.48,(£1.35/100g),cupboard,treats_snacks,2025-05-29
Doritos Cool Sour Cream & Chives Dip,£1.48,(52.9p/100g),cupboard,treats_snacks,2025-05-29
Doritos Nacho Cheese Dip,£1.48,(52.9p/100g),cupboard,treats_snacks,2025-05-29
Doritos Mild Salsa Dip,£1.48,(49.3p/100g),cupboard,treats_snacks,2025-05-29
Doritos Hot Salsa Dip,£1.48,(49.3p/100g),cupboard,treats_snacks,2025-05-29
KP Salted Peanuts Multipack,£2.77,(£1.85/100g),cupboard,seed_nuts,2025-05-29
KP Dry Roasted Peanuts,£3.53,(85.1p/100g),cupboard,seed_nuts,2025-05-29
KP Original Salted Peanuts,£3.53,(85.1p/100g),cupboard,seed_nuts,2025-05-29
KP Honey Roast Peanuts,£2.83,(£1.26/100g),cupboard,seed_nuts,2025-05-29
KP Salt & Vinegar Peanuts,£2.83,(£1.26/100g),cupboard,seed_nuts,2025-05-29
KP Spicy Chilli Peanuts,£2.83,(£1.26/100g),cupboard,seed_nuts,2025-05-29
Sensations Smoked Chilli Coated Sharing Peanuts 150g,£1.72,(£1.15/100g),cupboard,seed_nuts,2025-05-29
Whitworths Soft Dates,£1.68,(£5.60/kg),cupboard,seed_nuts,2025-05-29
ASDA Cashew & Raisin Mix 250g,£1.98,(79.2p/100g),cupboard,seed_nuts,2025-05-29
Whitworths Desiccated Coconut,£1.68,(84.0p/100g),cupboard,seed_nuts,2025-05-29
ASDA Hazelnuts,£2.08,(£1.04/100g),cupboard,seed_nuts,2025-05-29
ASDA Cashews 200g,£1.98,(99.0p/100g),cupboard,seed_nuts,2025-05-29
Kellogg's Coco Pops Chocos Chocolate Breakfast Cereal,£2.58,(60.0p/100g),cupboard,cereals,2025-05-29
Kellogg's Crunchy Nut 460g,£2.98,(64.8p/100g),cupboard,cereals,2025-05-29
Kellogg's Coco Pops 420g,£3.48,(82.9p/100g),cupboard,cereals,2025-05-29
Kellogg's Rice Krispies Breakfast Cereal,£3.98,(60.3p/100g),cupboard,cereals,2025-05-29
Kit Kat Milk Chocolate Cereal,£2.74,(83.0p/100g),cupboard,cereals,2025-05-29
Kellogg's Krave Chocolate Hazelnut Breakfast Cereal,£3.88,(51.7p/100g),cupboard,cereals,2025-05-29
Weetabix Crispy Minis Chocolate Chip 500g,£3.60,(72.0p/100g),cupboard,cereals,2025-05-29
Kellogg's Krave Milk Chocolate Breakfast Cereal,£3.88,(51.7p/100g),cupboard,cereals,2025-05-29
Kellogg's Coco Pops Chocolate Breakfast Cereal,£3.98,(61.2p/100g),cupboard,cereals,2025-05-29
Kellogg's Coco Pops Mega Pops,£2.48,(68.0p/100g),cupboard,cereals,2025-05-29
Kellogg's Special K Milk Chocolate Multigrain Cereal,£2.82,(78.3p/100g),cupboard,cereals,2025-05-29
Kellogg's Crunchy Nut 300g,£2.34,(78.0p/100g),cupboard,cereals,2025-05-29
Nestle Shredded Wheat Bitesize,£2.00,(54.0p/100g),cupboard,cereals,2025-05-29
Kellogg's Choco Wheats Cereal,£1.95,(40.6p/100g),cupboard,cereals,2025-05-29
Weetabix Cereal 24 Pack,£3.50,(14.6p/each),cupboard,cereals,2025-05-29
Kellogg's Wheats Blueberry Breakfast Cereal,£1.95,(39.0p/100g),cupboard,cereals,2025-05-29
Kellogg's Corn Flakes 1kg,£3.98,(39.8p/100g),cupboard,cereals,2025-05-29
Kellogg's Raisin Wheats Cereal,£1.95,(43.3p/100g),cupboard,cereals,2025-05-29
Weetabix Marvel the Amazing Spider Man Multigrain Crunch,£3.00,(66.7p/100g),cupboard,cereals,2025-05-29
Kellogg's Wheats Apricot Breakfast Cereal,£1.95,(39.0p/100g),cupboard,cereals,2025-05-29
Weetabix Disney Stitch Choco Crunch,£3.00,(66.7p/100g),cupboard,cereals,2025-05-29
Kellogg's Special K Red Berries Breakfast Cereal,£3.98,(79.6p/100g),cupboard,cereals,2025-05-29
Kellogg's Just Right 500g,£3.50,(70.0p/100g),cupboard,cereals,2025-05-29
Kellogg's Corn Flakes 670g,£2.84,(42.4p/100g),cupboard,cereals,2025-05-29
Oreo O's Cereal,£1.98,(56.6p/100g),cupboard,cereals,2025-05-29
Nestle Shredded Wheat 16 Original Biscuits,£1.98,(55.1p/100g),cupboard,cereals,2025-05-29
Kellogg's Special K The Original 440g,£2.84,(64.5p/100g),cupboard,cereals,2025-05-29
Kellogg's 8 Variety Packs 196g,£1.74,(88.8p/100g),cupboard,cereals,2025-05-29
Cookie Crisp 500g,£3.00,(60.0p/100g),cupboard,cereals,2025-05-29
Nestle Curiously Cinnamon,£3.50,(93.3p/100g),cupboard,cereals,2025-05-29
Golden Nuggets 375g,£3.00,(80.0p/100g),cupboard,cereals,2025-05-29
Kellogg's Crunchy Nut Breakfast Cereal,£4.62,(46.2p/100g),cupboard,cereals,2025-05-29
Nestle Cheerios Honey,£3.50,(68.0p/100g),cupboard,cereals,2025-05-29
Shreddies The Frosted One 600g,£3.50,(58.3p/100g),cupboard,cereals,2025-05-29
Kellogg's Rice Krispies Multigrain Shapes 350g,£2.84,(81.1p/100g),cupboard,cereals,2025-05-29
Shreddies The Original,£2.48,(39.4p/100g),cupboard,cereals,2025-05-29
Kellogg's Frosties Breakfast Cereal,£4.28,(46.3p/100g),cupboard,cereals,2025-05-29
Nesquik 375g,£3.00,(80.0p/100g),cupboard,cereals,2025-05-29
Cheerios Honey 370g,£2.24,(60.5p/100g),cupboard,cereals,2025-05-29
Nestlé® Cheerios Multigrain 500g,£3.50,(70.0p/100g),cupboard,cereals,2025-05-29
Shreddies The Coco One 600g,£3.50,(58.3p/100g),cupboard,cereals,2025-05-29
Weetos Chocolatey Hoops,£3.29,(78.3p/100g),cupboard,cereals,2025-05-29
Shreddies The Honey One,£3.00,(65.2p/100g),cupboard,cereals,2025-05-29
Weetabix Cereal,£6.48,(9.0p/each),cupboard,cereals,2025-05-29
Weetabix Crispy Minis Caramelised Biscuit 500g,£3.60,(72.0p/100g),cupboard,cereals,2025-05-29
Nestle Shredded Wheat 24 Biscuits,£3.25,(13.5p/each),cupboard,cereals,2025-05-29
Nestle Shredded Wheat Honey & Nut,£3.50,(70.0p/100g),cupboard,cereals,2025-05-29
Weetabix Crispy Minis Fruit & Nut 500g,£3.60,(72.0p/100g),cupboard,cereals,2025-05-29
Kellogg's Coco Pops Caramel Flavour Chocos 430g,£2.58,(60.0p/100g),cupboard,cereals,2025-05-29
Kellogg's Special K Original Breakfast Cereal 750g,£3.98,(53.1p/100g),cupboard,cereals,2025-05-29
Kellogg's Crunchy Nut Breakfast Cereal,£4.62,(46.2p/100g),cupboard,cereals,2025-05-29
Kellogg's Corn Flakes 670g,£2.84,(42.4p/100g),cupboard,cereals,2025-05-29
Kellogg's Coco Pops Chocos Chocolate Breakfast Cereal,£2.58,(60.0p/100g),cupboard,cereals,2025-05-29
Kellogg's Crunchy Nut 460g,£2.98,(64.8p/100g),cupboard,cereals,2025-05-29
Kellogg's Corn Flakes 1kg,£3.98,(39.8p/100g),cupboard,cereals,2025-05-29
Kellogg's Crunchy Nut 300g,£2.34,(78.0p/100g),cupboard,cereals,2025-05-29
Kellogg's Coco Pops 420g,£3.48,(82.9p/100g),cupboard,cereals,2025-05-29
Kellogg's Special K Oats & Honey Cereal,£2.84,(67.6p/100g),cupboard,cereals,2025-05-29
Weetabix Crispy Minis Chocolate Chip 500g,£3.60,(72.0p/100g),cupboard,cereals,2025-05-29
Kellogg's Coco Pops Chocolate Breakfast Cereal,£3.98,(61.2p/100g),cupboard,cereals,2025-05-29
Weetabix Cereal,£6.48,(9.0p/each),cupboard,cereals,2025-05-29
Kellogg's Crunchy Nut 460g,£2.98,(64.8p/100g),cupboard,cereals,2025-05-29
Kellogg's Coco Pops Chocos Chocolate Breakfast Cereal,£2.58,(60.0p/100g),cupboard,cereals,2025-05-29
Jordans Popped Oat Crunch Hint of Honey 425g,£2.98,(£7.01/kg),cupboard,cereals,2025-05-29
Nestle Shredded Wheat Bitesize,£3.50,(56.0p/100g),cupboard,cereals,2025-05-29
Weetabix Protein Crunch Chocolate Cereal,£3.29,(73.1p/100g),cupboard,cereals,2025-05-29
Lion Caramel & Chocolate 400g,£2.48,(62.0p/100g),cupboard,cereals,2025-05-29
Alpen Original Muesli Recipe 950g,£3.74,(39.4p/100g),cupboard,cereals,2025-05-29
Kellogg's Special K Oats & Honey Cereal,£2.84,(67.6p/100g),cupboard,cereals,2025-05-29
Fuel 10K Original Crunchy Flakes 440g,£2.98,(67.7p/100g),cupboard,cereals,2025-05-29
Oatibix Oatibix Made with Wholegrain Oats 24 Biscuits,£2.98,(12.4p/each),cupboard,cereals,2025-05-29
Kellogg's Special K Crunchy Oat Granola Dark Chocolate Curls,£2.24,(64.0p/100g),cupboard,cereals,2025-05-29
Kellogg's Special K Crunchy Oat Granola Mixed Berries,£2.24,(64.0p/100g),cupboard,cereals,2025-05-29
Weetos Chocolatey Hoops Honeycomb Flavour 420g,£3.29,(78.3p/100g),cupboard,cereals,2025-05-29
Kellogg's Bran Flakes Breakfast Cereal,£2.48,(33.1p/100g),cupboard,cereals,2025-05-29
Weetabix Oatibix Flakes Cereal,£2.98,(54.2p/100g),cupboard,cereals,2025-05-29
Fuel 10K Multigrain Hoops Original Crunch 350g,£2.98,(85.1p/100g),cupboard,cereals,2025-05-29
Weetabix Cereal,£4.48,(9.3p/each),cupboard,cereals,2025-05-29
Fuel 10K Multigrain Hoops Cocoa Crunch 350g,£2.98,(85.1p/100g),cupboard,cereals,2025-05-29
ASDA 24 Wheat Bisks,£1.90,(7.9p/each),cupboard,cereals,2025-05-29
ASDA Choco Hoops 500g,£1.19,(23.8p/100g),cupboard,cereals,2025-05-29
ASDA Choco Snaps 500g,£1.18,(23.6p/100g),cupboard,cereals,2025-05-29
ASDA Honey Nut Corn Flakes 500g,£1.25,(25.0p/100g),cupboard,cereals,2025-05-29
ASDA Choco Squares 375g,£0.99,(26.4p/100g),cupboard,cereals,2025-05-29
ASDA Honey Hoops 500g,£1.19,(23.8p/100g),cupboard,cereals,2025-05-29
ASDA Malted Wheaties 750g,£1.14,(15.2p/100g),cupboard,cereals,2025-05-29
ASDA Frosted Flakes 500g,£1.15,(23.0p/100g),cupboard,cereals,2025-05-29
ASDA Choco-Nut Squares 375g,£0.99,(26.4p/100g),cupboard,cereals,2025-05-29
ASDA Rice Snaps 375g,£0.85,(22.7p/100g),cupboard,cereals,2025-05-29
ASDA 48 Wheat Bisk,£2.75,(5.7p/each),cupboard,cereals,2025-05-29
ASDA Frosted Wheaties 500g,£1.98,(39.6p/100g),cupboard,cereals,2025-05-29
ASDA Multigrain Hoops 500g,£1.19,(23.8p/100g),cupboard,cereals,2025-05-29
ASDA Choco Wheaties 500g,£1.98,(39.6p/100g),cupboard,cereals,2025-05-29
ASDA Rainbow Hoops 375g,£1.70,(45.3p/100g),cupboard,cereals,2025-05-29
ASDA Red Fruits Special Flakes Cereal,£1.84,(49.1p/100g),cupboard,cereals,2025-05-29
ASDA Fruit & Fibre 750g,£1.45,(19.3p/100g),cupboard,cereals,2025-05-29
Kellogg's Frosted Wheats Breakfast Cereal,£1.95,(39.0p/100g),cupboard,cereals,2025-05-29
ASDA Corn Flakes 500g,£0.88,(17.6p/100g),cupboard,cereals,2025-05-29
ASDA Bran Flakes 1kg,£1.74,(17.4p/100g),cupboard,cereals,2025-05-29
Malt O Meal Marshmallow Mateys,£3.75,(£1.17/100g),cupboard,cereals,2025-05-29
ASDA 24 Chocolate Wheat Bisks,£2.50,(10.4p/each),cupboard,cereals,2025-05-29
Honey Monster Wheat Puffs,£3.50,(67.3p/100g),cupboard,cereals,2025-05-29
ASDA Red Berry Fibre Flakes 450g,£2.00,(44.4p/100g),cupboard,cereals,2025-05-29
Nestle Cheerios Multigrain,£3.82,(47.8p/100g),cupboard,cereals,2025-05-29
ASDA Special Flakes Cereal,£1.84,(36.8p/100g),cupboard,cereals,2025-05-29
ASDA Sultana Bran 500g,£1.75,(35.0p/100g),cupboard,cereals,2025-05-29
Shredded Wheat Red Berry Wheats,£2.00,(44.4p/100g),cupboard,cereals,2025-05-29
Kellogg's Frosties 470g,£2.98,(63.4p/100g),cupboard,cereals,2025-05-29
Weetabix Chocolate Cereal,£3.74,(15.6p/each),cupboard,cereals,2025-05-29
Kellogg's Crunchy Nut Clusters Chocolate,£3.29,(82.2p/100g),cupboard,cereals,2025-05-29
Nesquik Minis 300g,£2.98,(99.3p/100g),cupboard,cereals,2025-05-29
Kellogg's Rice Krispies 430g,£3.48,(80.9p/100g),cupboard,cereals,2025-05-29
Weetabix Crunchy Bran Cereal,£3.00,(80.0p/100g),cupboard,cereals,2025-05-29
Shreddies The Original,£3.82,(34.7p/100g),cupboard,cereals,2025-05-29
Shredded Wheat Blueberry Wheats 450g,£2.00,(44.4p/100g),cupboard,cereals,2025-05-29
ASDA High Bran 500g,£1.68,(33.6p/100g),cupboard,cereals,2025-05-29
Weetabix Cereal 12 Pack,£1.99,(16.6p/each),cupboard,cereals,2025-05-29
George Home Peel Lid Dry Food Storer - Colour May Vary,£2.50,(£2.50/each),cupboard,cereals,2025-05-29
George Home Peel Lid Food Storers - Colour May Vary,£1.00,(50.0p/each),cupboard,cereals,2025-05-29
Kellogg's Special K Original Breakfast Cereal 750g,£3.98,(53.1p/100g),cupboard,cereals,2025-05-29
Kellogg's Special K Oats & Honey Cereal,£2.84,(67.6p/100g),cupboard,cereals,2025-05-29
Kellogg's Crunchy Nut Breakfast Cereal,£4.62,(46.2p/100g),cupboard,cereals,2025-05-29
Kellogg's Crunchy Nut 460g,£2.98,(64.8p/100g),cupboard,cereals,2025-05-29
Kellogg's Coco Pops Chocos Chocolate Breakfast Cereal,£2.58,(60.0p/100g),cupboard,cereals,2025-05-29
Kellogg's Crunchy Nut 300g,£2.34,(78.0p/100g),cupboard,cereals,2025-05-29
Kellogg's Coco Pops Chocolate Breakfast Cereal,£3.98,(61.2p/100g),cupboard,cereals,2025-05-29
Jordans Popped Oat Crunch Hint of Honey 425g,£2.98,(£7.01/kg),cupboard,cereals,2025-05-29
Kellogg's Special K Red Berries Breakfast Cereal,£3.98,(79.6p/100g),cupboard,cereals,2025-05-29
Kellogg's Corn Flakes 1kg,£3.98,(39.8p/100g),cupboard,cereals,2025-05-29
Shreddies The Original,£3.82,(34.7p/100g),cupboard,cereals,2025-05-29
Kellogg's Crunchy Nut 460g,£2.98,(64.8p/100g),cupboard,cereals,2025-05-29
Kellogg's Coco Pops Chocos Chocolate Breakfast Cereal,£2.58,(60.0p/100g),cupboard,cereals,2025-05-29
Jordans Popped Oat Crunch Hint of Honey 425g,£2.98,(£7.01/kg),cupboard,cereals,2025-05-29
George Home Peel Lid Dry Food Storer - Colour May Vary,£2.50,(£2.50/each),cupboard,cereals,2025-05-29
Kellogg's Coco Pops 420g,£3.48,(82.9p/100g),cupboard,cereals,2025-05-29
ASDA High Bran 500g,£1.68,(33.6p/100g),cupboard,cereals,2025-05-29
Kellogg's Rice Krispies 430g,£3.48,(80.9p/100g),cupboard,cereals,2025-05-29
Kellogg's Krave Chocolate Hazelnut Flavour 410g,£2.98,(72.7p/100g),cupboard,cereals,2025-05-29
Weetabix Chocolate Cereal,£3.74,(15.6p/each),cupboard,cereals,2025-05-29
George Home Peel Lid Food Storers - Colour May Vary,£1.00,(50.0p/each),cupboard,cereals,2025-05-29
Kellogg's Krave Milk Chocolate 410g,£2.98,(72.7p/100g),cupboard,cereals,2025-05-29
Nestle Go Free Gluten Free Corn Flakes,£2.50,(66.7p/100g),cupboard,cereals,2025-05-29
FREEE Gluten Free Organic Fruit & Fibre Flakes 375g,£3.25,(86.7p/100g),cupboard,cereals,2025-05-29
ASDA Free From Corn Flakes,£1.75,(58.3p/100g),cupboard,cereals,2025-05-29
Tassimo Coffee & Kelloggs Cornflakes Bundle,£7.96,null,cupboard,cereals,2025-05-29
Kellogg's Mixed Berries Wheats 500g,£1.80,(36.0p/100g),cupboard,cereals,2025-05-29
George Home Peel Lid Food Storer - Colour May Vary,£2.75,(£2.75/each),cupboard,cereals,2025-05-29
Jordans Honey & Nuts Country Crisp 450g,£3.60,(80.0p/100g),cupboard,cereals,2025-05-29
Jordans Popped Oat Crunch Chocolate 425g,£2.98,(£7.01/kg),cupboard,cereals,2025-05-29
Weetos Chocolatey Hoops 600g,£3.48,(58.0p/100g),cupboard,cereals,2025-05-29
Kellogg's Crunchy Nut Caramelised Nuts Granola,£3.29,(86.6p/100g),cupboard,cereals,2025-05-29
Kellogg's Krave Choco Brownie Flavour 375g,£2.98,(79.5p/100g),cupboard,cereals,2025-05-29
Kellogg's Sultana Bran,£2.50,(50.0p/100g),cupboard,cereals,2025-05-29
ASDA Free From Honey Hoops 300g,£1.75,(58.3p/100g),cupboard,cereals,2025-05-29
Kellogg's All-Bran Breakfast Cereal,£2.50,(50.0p/100g),cupboard,cereals,2025-05-29
Kellogg's Crunchy Nut Fruit & Nuts Granola,£3.29,(86.6p/100g),cupboard,cereals,2025-05-29
Nature's Path Organic Gluten Free Mesa Sunrise,£3.50,(98.6p/100g),cupboard,cereals,2025-05-29
Kellogg's Fruit 'n Fibre Original Breakfast Cereal,£3.50,(50.0p/100g),cupboard,cereals,2025-05-29
Kenco Americano Coffee Pods & Special K Bundle,£7.96,null,cupboard,cereals,2025-05-29
Jordans Flame Raisins Country Crisp 450g,£3.60,(80.0p/100g),cupboard,cereals,2025-05-29
ASDA Free From Frosted Flakes,£1.75,(58.3p/100g),cupboard,cereals,2025-05-29
Nestle Go free Gluten Free Rice Pops,£2.50,(71.4p/100g),cupboard,cereals,2025-05-29
Kellogg's Choco Crunch Oaties 500g,£3.48,(69.6p/100g),cupboard,cereals,2025-05-29
George Home Peel Lid Food Storer Set - Colour May Vary,£7.00,(£7.00/each),cupboard,cereals,2025-05-29
Fuel 10K Super Berry Granola 400g,£2.92,(73.0p/100g),cupboard,cereals,2025-05-29
George Home Peel Lid Food Storer with Handle - Colour May Vary,£2.50,(£2.50/each),cupboard,cereals,2025-05-29
Kellogg's Crunchy Nut Chocolate & Hazelnut Granola,£3.29,(86.6p/100g),cupboard,cereals,2025-05-29
ASDA Chocolate Brownie Soft Bake Bars 5 x 35g (175g),£1.35,(77.1p/100g),cupboard,cereals,2025-05-29
Kellogg's Froot Loops 375g,£2.75,(73.3p/100g),cupboard,cereals,2025-05-29
Kellogg's Original Crunch Oaties 500g,£3.48,(69.6p/100g),cupboard,cereals,2025-05-29
ASDA Free From Special Flakes 300g,£1.75,(58.3p/100g),cupboard,cereals,2025-05-29
Kenco Coffee & Kelloggs Cornflakes Bundle,£11.66,null,cupboard,cereals,2025-05-29
Kellogg's Special K Crunchy Golden Clusters 360g,£2.99,(83.1p/100g),cupboard,cereals,2025-05-29
Kellogg's Special K Original Breakfast Cereal 750g,£3.98,(53.1p/100g),cupboard,cereals,2025-05-29
Kenco Rich Coffee & Special K Bundle,£11.66,null,cupboard,cereals,2025-05-29
Nestle Go Free Gluten Free Honey Nut Flakes,£2.50,(71.4p/100g),cupboard,cereals,2025-05-29
Jordans Chunky Nuts Country Crisp 450g,£3.60,(80.0p/100g),cupboard,cereals,2025-05-29
Weetabix Banana Cereal,£3.74,(15.6p/each),cupboard,cereals,2025-05-29
Kellogg's Special K Juicy Red Berry Bars,£1.35,(£1.02/100g),cupboard,cereals,2025-05-29
Kellogg's Crunchy Nut Hazelnut & Chocolate Granola,£4.18,(69.7p/100g),cupboard,cereals,2025-05-29
Jordans Raspberries Country Crisp 450g,£3.60,(80.0p/100g),cupboard,cereals,2025-05-29
ASDA Free From Choco Snaps,£1.80,(60.0p/100g),cupboard,cereals,2025-05-29
Kellogg's Special K Dark Chocolate Bars,£1.35,(£1.02/100g),cupboard,cereals,2025-05-29
Nature's Path Organic Gluten Free Maple Sunrise Cereal,£3.50,(£1.05/100g),cupboard,cereals,2025-05-29
Fuel 10K Multigrain Flakes Chocolate Crunch 350g,£3.22,(92.0p/100g),cupboard,cereals,2025-05-29
Shredded Wheat Apricot Wheats 450g,£2.00,(44.4p/100g),cupboard,cereals,2025-05-29
Kellogg's Special K Original Breakfast Cereal 750g,£3.98,(53.1p/100g),cupboard,cereals,2025-05-29
Kellogg's Special K Oats & Honey Cereal,£2.84,(67.6p/100g),cupboard,cereals,2025-05-29
Kellogg's Crunchy Nut Breakfast Cereal,£4.62,(46.2p/100g),cupboard,cereals,2025-05-29
Kellogg's Crunchy Nut 460g,£2.98,(64.8p/100g),cupboard,cereals,2025-05-29
Kellogg's Coco Pops Chocos Chocolate Breakfast Cereal,£2.58,(60.0p/100g),cupboard,cereals,2025-05-29
Kellogg's Crunchy Nut 300g,£2.34,(78.0p/100g),cupboard,cereals,2025-05-29
Kellogg's Coco Pops Chocolate Breakfast Cereal,£3.98,(61.2p/100g),cupboard,cereals,2025-05-29
Jordans Popped Oat Crunch Hint of Honey 425g,£2.98,(£7.01/kg),cupboard,cereals,2025-05-29
Kellogg's Special K Red Berries Breakfast Cereal,£3.98,(79.6p/100g),cupboard,cereals,2025-05-29
Kellogg's Corn Flakes 1kg,£3.98,(39.8p/100g),cupboard,cereals,2025-05-29
Shreddies The Original,£3.82,(34.7p/100g),cupboard,cereals,2025-05-29
Kellogg's Crunchy Nut 460g,£2.98,(64.8p/100g),cupboard,cereals,2025-05-29
Kellogg's Coco Pops Chocos Chocolate Breakfast Cereal,£2.58,(60.0p/100g),cupboard,cereals,2025-05-29
Jordans Popped Oat Crunch Hint of Honey 425g,£2.98,(£7.01/kg),cupboard,cereals,2025-05-29
Nestle Go Free Gluten Free Honey Nut Flakes,£2.50,(71.4p/100g),cupboard,cereals,2025-05-29
Kellogg's Special K Juicy Red Berry Bars,£1.35,(£1.02/100g),cupboard,cereals,2025-05-29
Kellogg's Special K Dark Chocolate Bars,£1.35,(£1.02/100g),cupboard,cereals,2025-05-29
ASDA Free From Choco Squares,£1.95,(65.0p/100g),cupboard,cereals,2025-05-29
Kellogg's Special K Original Breakfast Cereal 750g,£3.98,(53.1p/100g),cupboard,cereals,2025-05-29
Kellogg's Special K Oats & Honey Cereal,£2.84,(67.6p/100g),cupboard,cereals,2025-05-29
Kellogg's Crunchy Nut Breakfast Cereal,£4.62,(46.2p/100g),cupboard,cereals,2025-05-29
Kellogg's Crunchy Nut 460g,£2.98,(64.8p/100g),cupboard,cereals,2025-05-29
Kellogg's Coco Pops Chocos Chocolate Breakfast Cereal,£2.58,(60.0p/100g),cupboard,cereals,2025-05-29
Kellogg's Crunchy Nut 300g,£2.34,(78.0p/100g),cupboard,cereals,2025-05-29
Kellogg's Coco Pops Chocolate Breakfast Cereal,£3.98,(61.2p/100g),cupboard,cereals,2025-05-29
Jordans Popped Oat Crunch Hint of Honey 425g,£2.98,(£7.01/kg),cupboard,cereals,2025-05-29
Kellogg's Special K Red Berries Breakfast Cereal,£3.98,(79.6p/100g),cupboard,cereals,2025-05-29
Kellogg's Corn Flakes 1kg,£3.98,(39.8p/100g),cupboard,cereals,2025-05-29
Shreddies The Original,£3.82,(34.7p/100g),cupboard,cereals,2025-05-29
Alpen No Added Sugar Muesli Recipe 950g,£3.74,(39.4p/100g),cupboard,cereals,2025-05-29
Alpen Original Muesli Recipe 950g,£3.74,(39.4p/100g),cupboard,cereals,2025-05-29
Kellogg's Special K Crunchy Oat Granola Dark Chocolate Curls,£2.24,(64.0p/100g),cupboard,cereals,2025-05-29
"Nature's Path Path Organic Granola Blueberries, Raspberries, Strawberries & Yogurt Chunks 300g",£2.98,(99.3p/100g),cupboard,cereals,2025-05-29
Disney Disney Stitch Pink Sweetie Jar,£6.98,(£6.98/each),cupboard,cereals,2025-05-29
Lizi's High Protein Chocolate & Peanut Granola 350g,£2.98,(85.1p/100g),cupboard,cereals,2025-05-29
Kellogg's Special K Crunchy Oat Granola Mixed Berries,£2.24,(64.0p/100g),cupboard,cereals,2025-05-29
Lizi's Low Sugar Maple & Pecan Granola 400g,£2.98,(74.5p/100g),cupboard,cereals,2025-05-29
Lizi's Granola High Protein Nuts & Seeds Granola 350g,£2.98,(85.1p/100g),cupboard,cereals,2025-05-29
Lizi's Low Sugar Nuts & Seeds Granola 400g,£2.98,(74.5p/100g),cupboard,cereals,2025-05-29
Fuel 10K Multigrain Hoops Original Crunch 350g,£2.98,(85.1p/100g),cupboard,cereals,2025-05-29
Jordans Raspberries Country Crisp 450g,£3.60,(80.0p/100g),cupboard,cereals,2025-05-29
Fuel 10K Multigrain Hoops Cocoa Crunch 350g,£2.98,(85.1p/100g),cupboard,cereals,2025-05-29
George Home Food Storers,£2.47,(61.8p/each),cupboard,cereals,2025-05-29
George Home Food Storers,£2.96,(98.7p/each),cupboard,cereals,2025-05-29
George Home Noodle Bowl,£1.04,(£1.04/each),cupboard,cereals,2025-05-29
George Home 2.5L Clip Lid Jug,£1.54,(£1.54/each),cupboard,cereals,2025-05-29
George Home Takeaway Food Storers,£2.43,(20.2p/each),cupboard,cereals,2025-05-29
George Home Soup Mug,£0.98,(98.0p/each),cupboard,cereals,2025-05-29
ASDA Triple Chocolate Crisp 500g,£1.98,(39.6p/100g),cupboard,cereals,2025-05-29
ASDA Strawberry Crisp 500g,£1.98,(39.6p/100g),cupboard,cereals,2025-05-29
ASDA Maple & Pecan Crisp 500g,£1.98,(39.6p/100g),cupboard,cereals,2025-05-29
ASDA Strawberry Raspberry & Apple Granola,£1.99,(19.9p/100g),cupboard,cereals,2025-05-29
ASDA Tropical Granola,£1.99,(19.9p/100g),cupboard,cereals,2025-05-29
ASDA Honey Nut & Milk Choc Crunch 375g,£1.90,(50.7p/100g),cupboard,cereals,2025-05-29
JUST ESSENTIALS by ASDA Granola 1kg,£1.92,(19.2p/100g),cupboard,cereals,2025-05-29
ASDA Raisin & Almond Granola,£1.99,(19.9p/100g),cupboard,cereals,2025-05-29
ASDA Fruit & Nut Muesli 750g,£2.08,(27.7p/100g),cupboard,cereals,2025-05-29
Kellogg's Crunchy Nut Chocolate & Hazelnut Granola,£3.29,(86.6p/100g),cupboard,cereals,2025-05-29
Alpen Muesli No Added Sugar,£2.98,(54.2p/100g),cupboard,cereals,2025-05-29
Jordans Crunchy Oat Simply Granola with a Hint of Honey Breakfast Cereal 750g,£3.58,(47.7p/100g),cupboard,cereals,2025-05-29
ASDA Extra Special Berry Granola,£2.88,(57.6p/100g),cupboard,cereals,2025-05-29
Jordans Crunchy Oat Raisin & Almond Granola Breakfast Cereal 750g,£3.58,(47.7p/100g),cupboard,cereals,2025-05-29
ASDA Berry Granola 500g,£2.32,(46.4p/100g),cupboard,cereals,2025-05-29
FUEL10K Protein Boosted Chunky Chocolate Granola,£2.92,(73.0p/100g),cupboard,cereals,2025-05-29
Jordans Honey & Nuts Country Crisp 450g,£3.60,(80.0p/100g),cupboard,cereals,2025-05-29
Kellogg's Crunchy Nut Caramelised Nuts Granola,£3.29,(86.6p/100g),cupboard,cereals,2025-05-29
Wham Crystal 11 Litre Box & Lid Clear,£3.00,(£3.00/each),cupboard,cereals,2025-05-29
Wham 5.02 Box Green,£4.00,(£4.00/each),cupboard,cereals,2025-05-29
FUEL10K Raisin & Almond Granola,£2.92,(73.0p/100g),cupboard,cereals,2025-05-29
Curver My Style Cube 25L Grey,£5.00,(£5.00/each),cupboard,cereals,2025-05-29
Dorset Cereals Simply Delicious Muesli,£3.58,(55.1p/100g),cupboard,cereals,2025-05-29
At Home with Stacey Solomon Clear Glass Canister Medium,£5.50,(£5.50/each),cupboard,cereals,2025-05-29
Wham Crystal 2.6L Box & Lid Clear,£1.50,(£1.50/each),cupboard,cereals,2025-05-29
Kellogg's Crunchy Nut Fruit & Nuts Granola,£3.29,(86.6p/100g),cupboard,cereals,2025-05-29
ASDA Swiss Style Muesli 1kg,£2.38,(23.8p/100g),cupboard,cereals,2025-05-29
ASDA 6 Plastic Tubs,£2.50,(41.7p/each),cupboard,cereals,2025-05-29
At Home with Stacey Solomon Clear Glass Canister Extra Large,£7.00,(£7.00/each),cupboard,cereals,2025-05-29
At Home with Stacey Solomon Clear Glass Canister Large,£6.00,(£6.00/each),cupboard,cereals,2025-05-29
Jordans Crunchy Oat Fruit & Nut Granola Breakfast Cereal 750g,£3.58,(47.7p/100g),cupboard,cereals,2025-05-29
Jordans Flame Raisins Country Crisp 450g,£3.60,(80.0p/100g),cupboard,cereals,2025-05-29
Smart Seal Food Storer 2.7L Tall,£5.00,(£5.00/each),cupboard,cereals,2025-05-29
Dorset Cereals Simply Nutty Muesli,£3.58,(63.9p/100g),cupboard,cereals,2025-05-29
ASDA Free From Tropical Granola 312g,£2.60,(83.3p/100g),cupboard,cereals,2025-05-29
ASDA Swiss Style Muesli 1kg,£2.37,(23.7p/100g),cupboard,cereals,2025-05-29
Fuel 10K Super Berry Granola 400g,£2.92,(73.0p/100g),cupboard,cereals,2025-05-29
Nature's Path Organic Gluten Free Maple Sunrise Cereal,£3.50,(£1.05/100g),cupboard,cereals,2025-05-29
Jordans Crunchy Oat Granola Tropical Fruits Breakfast Cereal 750g,£3.58,(47.7p/100g),cupboard,cereals,2025-05-29
ASDA Free From Red Berry Granola 312g,£2.60,(83.3p/100g),cupboard,cereals,2025-05-29
Pyrex Glass Dish With Lid,£9.00,(£9.00/each),cupboard,cereals,2025-05-29
,,,cupboard,cereals,2025-05-29
,,,cupboard,cereals,2025-05-29
,,,cupboard,cereals,2025-05-29
,,,cupboard,cereals,2025-05-29
,,,cupboard,cereals,2025-05-29
,,,cupboard,cereals,2025-05-29
Alpen No Added Sugar Muesli Recipe 950g,£3.74,(39.4p/100g),cupboard,cereals,2025-05-29
Alpen Original Muesli Recipe 950g,£3.74,(39.4p/100g),cupboard,cereals,2025-05-29
Kellogg's Special K Crunchy Oat Granola Mixed Berries,£2.24,(64.0p/100g),cupboard,cereals,2025-05-29
FUEL10K Peanut Crunch Granola 400g,£2.92,(73.0p/100g),cupboard,cereals,2025-05-29
Alpen Muesli Original,£2.98,(54.2p/100g),cupboard,cereals,2025-05-29
Nairn's Fruit & Seed Oat Muesli 450g,£3.04,(67.6p/100g),cupboard,cereals,2025-05-29
Jordans No Added Sugar Granola Triple Nut 425g,£3.58,(84.2p/100g),cupboard,cereals,2025-05-29
Wham 1.01 Cube White,£0.80,(80.0p/each),cupboard,cereals,2025-05-29
Pyrex Glass Dish With Lid,£9.00,(£9.00/each),cupboard,cereals,2025-05-29
Fuel 10K Multigrain Flakes Chocolate Crunch 350g,£3.22,(92.0p/100g),cupboard,cereals,2025-05-29
Nature's Path Organic Gluten Free Maple Sunrise Cereal,£3.50,(£1.05/100g),cupboard,cereals,2025-05-29
Jordans Crunchy Oat Granola Tropical Fruits Breakfast Cereal 750g,£3.58,(47.7p/100g),cupboard,cereals,2025-05-29
Jordans No Added Sugar Granola Apple & Berry 425g,£3.58,(84.2p/100g),cupboard,cereals,2025-05-29
Smart Seal Food Storer 2.1L,£4.50,(£4.50/each),cupboard,cereals,2025-05-29
ASDA Simply Nutty Muesli 750g,£2.28,(30.4p/100g),cupboard,cereals,2025-05-29
ASDA Extra Special Berries & Cherries Muesli,£2.88,(57.6p/100g),cupboard,cereals,2025-05-29
Dorset Cereals Simply Fruity Muesli Breakfast Cereal 630g,£3.58,(56.8p/100g),cupboard,cereals,2025-05-29
At Home with Stacey Solomon Clear Glass Canister Medium,£5.50,(£5.50/each),cupboard,cereals,2025-05-29
Disney Mickey Mouse Red Earthenware Cookie Jar,£12.00,(£12.00/each),cupboard,cereals,2025-05-29
Jordans Super Berry Granola Breakfast Cereal 500g,£3.99,(79.8p/100g),cupboard,cereals,2025-05-29
ASDA Extra Special Multi Nut & Three Seed Granola,£2.88,(57.6p/100g),cupboard,cereals,2025-05-29
Wham Crystal 25L Box & Lid Clear,£4.00,(£4.00/each),cupboard,cereals,2025-05-29
Deliciously Ella Nutty Granola,£3.80,(£1.00/100g),cupboard,cereals,2025-05-29
Jordans Natural Muesli,£3.60,(36.0p/100g),cupboard,cereals,2025-05-29
ASDA Free From Muesli,£2.14,(47.6p/100g),cupboard,cereals,2025-05-29
Jordans Chunky Nuts Country Crisp 450g,£3.60,(80.0p/100g),cupboard,cereals,2025-05-29
ASDA Honey Nut Crunch 375g,£1.90,(50.7p/100g),cupboard,cereals,2025-05-29
Really Useful Boxes Small 3L Storage Box,£4.00,(£4.00/each),cupboard,cereals,2025-05-29
Pyrex Glass Dish With Lid,£6.50,(£6.50/each),cupboard,cereals,2025-05-29
ASDA Free From Red Berry Granola 312g,£2.60,(83.3p/100g),cupboard,cereals,2025-05-29
ASDA Low Sugar Multigrain Nutty Granola,£2.38,(47.6p/100g),cupboard,cereals,2025-05-29
ASDA Extra Special Nutty Muesli,£2.88,(57.6p/100g),cupboard,cereals,2025-05-29
ASDA Simply Granola 500g,£2.32,(46.4p/100g),cupboard,cereals,2025-05-29
George Home Clear Glass Clip Lid Canister,£2.00,(£2.00/each),cupboard,cereals,2025-05-29
George Home Acacia Lid Jar,£5.00,(£5.00/each),cupboard,cereals,2025-05-29
George Home Bon Bon Jar,£3.00,(£3.00/each),cupboard,cereals,2025-05-29
George Home Stacking Canister,£8.00,(£8.00/each),cupboard,cereals,2025-05-29
George Home Acrylic Canister,£3.50,(£3.50/each),cupboard,cereals,2025-05-29
George Home Ribbed Clip Lid Canister 1L,£2.50,(£2.50/each),cupboard,cereals,2025-05-29
George Home 2.2L Clip Lid Food Storer,£2.00,(£2.00/each),cupboard,cereals,2025-05-29
George Home Peel Lid Food Storer - Colour May Vary,£2.75,(£2.75/each),cupboard,cereals,2025-05-29
Sistema Klip It Plus Rectangular Food Storage 2.2L 3 Pack,£12.00,(£4.00/each),cupboard,cereals,2025-05-29
George Home Slide and Lock Food Storer 2L,£3.50,(£3.50/each),cupboard,cereals,2025-05-29
George Home Food Storer with Strainer,£1.50,(£1.50/each),cupboard,cereals,2025-05-29
George Home Peel Lid Dry Food Storer - Colour May Vary,£2.50,(£2.50/each),cupboard,cereals,2025-05-29
Neoflam Food Storer 1.35L,£3.75,(£3.75/each),cupboard,cereals,2025-05-29
George Home Spice Rack,£10.00,(£10.00/each),cupboard,cereals,2025-05-29
George Home Premium Rectangular Food Storer,£1.50,(£1.50/each),cupboard,cereals,2025-05-29
George Home Natural Geometric Storage Basket,£10.00,(£10.00/each),cupboard,cereals,2025-05-29
George Home Clip Lid Food Storer 900ml,£1.00,(£1.00/each),cupboard,cereals,2025-05-29
George Home Glass Storage Jar with Screw Lid,£2.00,(£2.00/each),cupboard,cereals,2025-05-29
George Home 3 Nested Food Storers,£5.00,(£1.67/each),cupboard,cereals,2025-05-29
George Home Natural Rattan Storage Tray,£10.00,(£3.33/each),cupboard,cereals,2025-05-29
George Home Spice Jar,£1.00,(£1.00/each),cupboard,cereals,2025-05-29
George Home Bag Clips,£2.00,(£2.00/each),cupboard,cereals,2025-05-29
Neoflam Food Storer 3.6L,£6.50,(£6.50/each),cupboard,cereals,2025-05-29
George Home 8 Piece Clip-Lid Food Storage Set,£6.00,(75.0p/each),cupboard,cereals,2025-05-29
Sistema Klip it Food Storer,£5.00,(£5.00/each),cupboard,cereals,2025-05-29
,,,cupboard,cereals,2025-05-29
,,,cupboard,cereals,2025-05-29
,,,cupboard,cereals,2025-05-29
,,,cupboard,cereals,2025-05-29
,,,cupboard,cereals,2025-05-29
,,,cupboard,cereals,2025-05-29
Alpen No Added Sugar Muesli Recipe 950g,£3.74,(39.4p/100g),cupboard,cereals,2025-05-29
Alpen Original Muesli Recipe 950g,£3.74,(39.4p/100g),cupboard,cereals,2025-05-29
Kellogg's Special K Crunchy Oat Granola Mixed Berries,£2.24,(64.0p/100g),cupboard,cereals,2025-05-29
George Home Clip Lid Food Storer with Scoop,£3.75,(£3.75/each),cupboard,cereals,2025-05-29
George Home Cream Bread Bin,£12.00,(£12.00/each),cupboard,cereals,2025-05-29
George Home Yellow Lemon-Shaped Sweetie Jar,£6.00,(£6.00/each),cupboard,cereals,2025-05-29
George Home Wood Top Canister,£2.25,(£2.25/each),cupboard,cereals,2025-05-29
Sistema Sistema 1.15L Square Klip It Plus 3 Pack,£10.00,(£3.33/each),cupboard,cereals,2025-05-29
George Home Acacia Lid Spaghetti Canister,£5.00,(£5.00/each),cupboard,cereals,2025-05-29
George Home Round Clip Lid Food Storers,£1.50,(50.0p/each),cupboard,cereals,2025-05-29
Neoflam Food Storer 3.6L,£6.50,(£6.50/each),cupboard,cereals,2025-05-29
George Home 8 Piece Clip-Lid Food Storage Set,£6.00,(75.0p/each),cupboard,cereals,2025-05-29
Sistema Klip it Food Storer,£5.00,(£5.00/each),cupboard,cereals,2025-05-29
George Home Grey Workstop Storage Canisters,£6.00,(£2.00/each),cupboard,cereals,2025-05-29
George Home Canister Set,£20.00,(£20.00/each),cupboard,cereals,2025-05-29
George Home Cereal Food Storer,£2.75,(£2.75/each),cupboard,cereals,2025-05-29
George Home 3 Nested Food Storers,£5.00,(£1.67/each),cupboard,cereals,2025-05-29
George Home Spice Jar,£1.00,(£1.00/each),cupboard,cereals,2025-05-29
George Home Bag Clips,£2.00,(£2.00/each),cupboard,cereals,2025-05-29
George Home Natural Rattan Storage Tray,£10.00,(£3.33/each),cupboard,cereals,2025-05-29
George Home Clip Lid Food Storer 900ml,£1.00,(£1.00/each),cupboard,cereals,2025-05-29
Neoflam Food Storer 1.35L,£3.75,(£3.75/each),cupboard,cereals,2025-05-29
George Home Spice Rack,£10.00,(£10.00/each),cupboard,cereals,2025-05-29
George Home Peel Lid Food Storer Set - Colour May Vary,£7.00,(£7.00/each),cupboard,cereals,2025-05-29
George Home 7 Pack Nested Food Storers,£5.00,(71.4p/each),cupboard,cereals,2025-05-29
George Home Glass Storage Jar with Screw Lid,£2.00,(£2.00/each),cupboard,cereals,2025-05-29
Sistema Klip It Plus Rectangular Food Storage Essentials 6 Pack,£15.00,(£2.50/each),cupboard,cereals,2025-05-29
George Home Peel Lid Food Storers - Colour May Vary,£1.00,(50.0p/each),cupboard,cereals,2025-05-29
Sistema Bento Cube to Go,£7.00,(£7.00/each),cupboard,cereals,2025-05-29
George Home Glass Canister With Wooden Lid 750ml,£2.00,(£2.00/each),cupboard,cereals,2025-05-29
George Home Slide and Lock Food Storer 1.5L,£3.00,(£3.00/each),cupboard,cereals,2025-05-29
George Home 1L Plastic Food Storers 3pk,£1.00,(33.3p/each),cupboard,cereals,2025-05-29
George Home Marble Plastic Canisters,£6.50,(£2.17/each),cupboard,cereals,2025-05-29
George Home Canister Set of 3 - Grey,£7.00,(£2.33/each),cupboard,cereals,2025-05-29
George Home Ribbed Clip Lid Canister 2L,£3.00,(£3.00/each),cupboard,cereals,2025-05-29
George Home Food Storers,£7.00,(33.3p/each),cupboard,cereals,2025-05-29
George Home Small Black Wire Basket,£2.75,(£2.75/each),cupboard,cereals,2025-05-29
George Home 3 Piece Rectangular Food Storage Set,£4.50,(£1.50/each),cupboard,cereals,2025-05-29
George Home Screw Lid Canister,£1.50,(£1.50/each),cupboard,cereals,2025-05-29
George Home 600ml Plastic Food Storers 16pk,£3.00,(18.8p/each),cupboard,cereals,2025-05-29
Sistema Multi-Coloured Klip it Food Storer,£8.00,(£8.00/each),cupboard,cereals,2025-05-29
Neoflam Food Storer 2.7L Wide,£5.00,(£5.00/each),cupboard,cereals,2025-05-29
George Home Acacia Lid Jar 400ml,£2.75,(£2.75/each),cupboard,cereals,2025-05-29
George Home 3 Piece Square Food Storage Set,£3.00,(£1.00/each),cupboard,cereals,2025-05-29
George Home Screw Lid Canister,£2.00,(£2.00/each),cupboard,cereals,2025-05-29
George Home Honeycomb Bee Canister,£3.50,(£3.50/each),cupboard,cereals,2025-05-29
George Home Glass Canister With Wooden Lid,£3.00,(£3.00/each),cupboard,cereals,2025-05-29
George Home Mini Food Storers,£2.00,(50.0p/each),cupboard,cereals,2025-05-29
George Home Stainless Steel Food Flask,£6.00,(£6.00/each),cupboard,cereals,2025-05-29
George Home Food Storers,£1.00,(50.0p/each),cupboard,cereals,2025-05-29
George Home Clear Glass Clip Lid Canister,£1.50,(£1.50/each),cupboard,cereals,2025-05-29
George Home Acacia Lid Jar,£6.00,(£6.00/each),cupboard,cereals,2025-05-29
Sistema Klip It Food Storers,£9.50,(£3.17/each),cupboard,cereals,2025-05-29
George Home Acacia Lid Canister,£4.50,(£4.50/each),cupboard,cereals,2025-05-29
George Home Natural Woven Fringed Storage Basket,£10.00,(£10.00/each),cupboard,cereals,2025-05-29
George Home Mini Twist Food Storers 4 Pack,£2.00,(50.0p/each),cupboard,cereals,2025-05-29
George Home Mini Food Storers 3 Pack,£2.00,(66.7p/each),cupboard,cereals,2025-05-29
George Home 1L Plastic Food Storers 5 Pack,£3.50,(70.0p/each),cupboard,cereals,2025-05-29
George Home Ribbed Clip Lid Canister 500ml,£2.00,(£2.00/each),cupboard,cereals,2025-05-29
George Home 2.2L Lunch Box,£2.50,(£2.50/each),cupboard,cereals,2025-05-29
,,,cupboard,cereals,2025-05-29
,,,cupboard,cereals,2025-05-29
,,,cupboard,cereals,2025-05-29
,,,cupboard,cereals,2025-05-29
,,,cupboard,cereals,2025-05-29
,,,cupboard,cereals,2025-05-29
Alpen No Added Sugar Muesli Recipe 950g,£3.74,(39.4p/100g),cupboard,cereals,2025-05-29
Alpen Original Muesli Recipe 950g,£3.74,(39.4p/100g),cupboard,cereals,2025-05-29
Kellogg's Special K Crunchy Oat Granola Mixed Berries,£2.24,(64.0p/100g),cupboard,cereals,2025-05-29
George Home Glass Canister With Wooden Lid,£3.00,(£3.00/each),cupboard,cereals,2025-05-29
George Home Ribbed Clip Lid Canister 2L,£3.00,(£3.00/each),cupboard,cereals,2025-05-29
George Home Ribbed Clip Lid Canister 500ml,£2.00,(£2.00/each),cupboard,cereals,2025-05-29
Neoflam Food Storer 4.5L,£7.50,(£7.50/each),cupboard,cereals,2025-05-29
George Home Mini Food Storers 3 Pack,£2.00,(66.7p/each),cupboard,cereals,2025-05-29
George Home Premium Rectangular Food Storer,£2.00,(£2.00/each),cupboard,cereals,2025-05-29
George Home Medium Glass Jar,£3.50,(£3.50/each),cupboard,cereals,2025-05-29
George Home Peel Lid Food Storer - Colour May Vary,£1.50,(£1.50/each),cupboard,cereals,2025-05-29
Sistema Sistema 1.15L Square Klip It Plus,£3.75,(£3.75/each),cupboard,cereals,2025-05-29
Sistema Snack Box 3 Pack,£6.00,(£2.00/each),cupboard,cereals,2025-05-29
George Home Lunch Bag Storage Set,£8.00,(£8.00/each),cupboard,cereals,2025-05-29
George Home Clip Lid Canister,£2.50,(£2.50/each),cupboard,cereals,2025-05-29
George Home 3.6L Clip Lid Food Storer,£2.75,(£2.75/each),cupboard,cereals,2025-05-29
,,,cupboard,cereals,2025-05-29
,,,cupboard,cereals,2025-05-29
,,,cupboard,cereals,2025-05-29
,,,cupboard,cereals,2025-05-29
,,,cupboard,cereals,2025-05-29
,,,cupboard,cereals,2025-05-29
ASDA Golden Syrup Flavour Porridge Sachets 8 x 36g (288g),£1.28,(44.4p/100g),cupboard,cereals,2025-05-29
ASDA Apple & Blueberry Flavour Porridge Sachets 8 x 36g (288g),£1.28,(44.4p/100g),cupboard,cereals,2025-05-29
ASDA Original Porridge Sachets 270g,£1.37,(50.7p/100g),cupboard,cereals,2025-05-29
Quaker Oat So Simple Original Porridge Sachets,£3.98,(73.7p/100g),cupboard,cereals,2025-05-29
Quaker Oat So Simple Golden Syrup Porridge 10 Pack,£3.50,(97.2p/100g),cupboard,cereals,2025-05-29
FUEL10K Chocolate Porridge 10x,£2.24,(62.2p/100g),cupboard,cereals,2025-05-29
Quaker Oat So Simple Original Porridge Sachets,£3.50,(£1.30/100g),cupboard,cereals,2025-05-29
Quaker Oat So Simple Golden Syrup Family Pack Porridge Sachets,£3.98,(55.3p/100g),cupboard,cereals,2025-05-29
Quaker Oat So Simple Big Bowl Original Porridge 6 Pack,£2.50,(£1.08/100g),cupboard,cereals,2025-05-29
ASDA Coconut Flavour Porridge Sachets 8 x 36g (288g),£1.00,(34.7p/100g),cupboard,cereals,2025-05-29
Quaker Oat So Simple Big Bowl Golden Syrup Porridge 6 Pack,£2.50,(84.0p/100g),cupboard,cereals,2025-05-29
FUEL10K Golden Syrup Porridge 10x,£2.24,(62.2p/100g),cupboard,cereals,2025-05-29
JUST ESSENTIALS by ASDA Porridge Oats,£0.99,(9.9p/100g),cupboard,cereals,2025-05-29
ASDA Scottish Porridge Oats 1kg,£1.25,(12.5p/100g),cupboard,cereals,2025-05-29
ASDA Ready Oats 750g,£2.10,(28.0p/100g),cupboard,cereals,2025-05-29
Ready Brek Smooth Porridge Oats Original,£3.29,(43.9p/100g),cupboard,cereals,2025-05-29
ASDA Golden Syrup Flavour Porridge Pot,£0.50,(87.7p/100g),cupboard,cereals,2025-05-29
Quaker Porridge Oats,£3.25,(21.7p/100g),cupboard,cereals,2025-05-29
ASDA Organic Wholegrain Porridge Oats,£2.23,(29.7p/100g),cupboard,cereals,2025-05-29
Quaker High in Protein Strawberries & Cream Porridge Sachets 8x42g,£3.50,(£8.35/100g),cupboard,cereals,2025-05-29
Ambrosia Ready to Eat Porridge Golden Syrup Flavour 210g,£1.35,(64.3p/100g),cupboard,cereals,2025-05-29
FUEL10K Protein Boosted Chunky Chocolate Granola,£1.35,(£1.93/100g),cupboard,cereals,2025-05-29
FUEL10K High Protein Salted Caramel Porridge Pot,£1.35,(£1.93/100g),cupboard,cereals,2025-05-29
Ambrosia Ready to Eat Porridge Pot Layered Raspberry,£1.35,(64.3p/100g),cupboard,cereals,2025-05-29
FUEL10K Protein Boosted Peanut Crunch Granola,£1.35,(£1.93/100g),cupboard,cereals,2025-05-29
Quaker High in Protein Peanut Butter Porridge Sachets 8x43g,£3.50,(£1.35/100g),cupboard,cereals,2025-05-29
Quaker Oat So Simple Original Porridge Big Pot 60g,£1.49,(£2.47/100g),cupboard,cereals,2025-05-29
FUEL10K High Protein Banana Breakfast Milk Drink,£1.35,(40.9p/100ml),cupboard,cereals,2025-05-29
Quaker Protein Golden Syrup Porridge Pot 63g,£1.29,(£2.05/100g),cupboard,cereals,2025-05-29
Quaker Oat So Simple Golden Syrup Porridge Pot,£1.29,(£2.26/100g),cupboard,cereals,2025-05-29
Quaker Golden Syrup Porridge Big Pot 76g,£1.49,(£1.96/100g),cupboard,cereals,2025-05-29
FUEL10K Double Chocolate High Protein Oat Muffin Pot,£1.35,(£2.60/100g),cupboard,cereals,2025-05-29
Quaker Summer Berries Porridge Pot 58g,£1.29,(£2.22/100g),cupboard,cereals,2025-05-29
Quaker Oat So Simple Mixed Berries Porridge,£3.50,(£1.06/100g),cupboard,cereals,2025-05-29
FUEL10K High Fibre Chocolate Breakfast Oat Drink,£1.35,(40.9p/100ml),cupboard,cereals,2025-05-29
Quaker Oat So Simple Sweet Cinnamon Porridge 10 Pack,£3.50,(£1.06/100g),cupboard,cereals,2025-05-29
Quaker Porridge Jumbo Oats,£2.75,(27.5p/100g),cupboard,cereals,2025-05-29
Up & Go Breakfast Shake Banana & Honey 300ml,£0.98,(32.7p/100ml),cupboard,cereals,2025-05-29
FUEL10K Double Chocolate Oat Square 50g,£1.35,(£2.70/100g),cupboard,cereals,2025-05-29
Up & Go Breakfast Shake Chocolate 300ml,£0.98,(32.7p/100ml),cupboard,cereals,2025-05-29
Quaker Oat So Simple Sultanas & Raisins Porridge 10 Pack,£3.50,(90.9p/100g),cupboard,cereals,2025-05-29
Quaker Oat So Simple Apple & Blueberry Porridge 10 Pack,£3.50,(97.2p/100g),cupboard,cereals,2025-05-29
FUEL10K High Protein Vanilla Breakfast Milk Drink,£1.35,(40.9p/100ml),cupboard,cereals,2025-05-29
FUEL10K High Protein Strawberry Breakfast Milk Drink,£1.35,(40.9p/100ml),cupboard,cereals,2025-05-29
Quaker Oats High Protein Strawberries & Cream Porridge Pot 58g,£1.29,(£2.18/100g),cupboard,cereals,2025-05-29
Quaker Oat So Simple Apple & Blueberry Porridge Pot,£1.29,(£2.26/100g),cupboard,cereals,2025-05-29
Quaker Banana & Strawberry Porridge Pot 58g,£1.29,(£2.22/100g),cupboard,cereals,2025-05-29
Quaker 100% Wholegrain Rolled Porridge Oats,£2.75,(27.5p/100g),cupboard,cereals,2025-05-29
FUEL10K High Protein Chocolate Breakfast Milk Drink,£1.35,(40.9p/100ml),cupboard,cereals,2025-05-29
FUEL10K High Protein Golden Syrup Porridge Pot,£1.35,(£1.93/100g),cupboard,cereals,2025-05-29
Quaker Oats High Protein Strawberries & Cream Porridge Pot 58g,£1.29,(£2.18/100g),cupboard,cereals,2025-05-29
Quaker 100% Wholegrain Rolled Porridge Oats,£1.48,(29.6p/100g),cupboard,cereals,2025-05-29
Quaker Caramelised Biscuit Porridge Sachets 10 x 33.4g,£3.50,(£1.05/100g),cupboard,cereals,2025-05-29
Flahavan's Irish Porridge Oats Original,£2.75,(18.3p/100g),cupboard,cereals,2025-05-29
Quaker Oat So Simple Original Porridge Pot,£1.29,(£2.87/100g),cupboard,cereals,2025-05-29
Quaker Banana & Strawberry Porridge Pot 58g,£1.29,(£2.22/100g),cupboard,cereals,2025-05-29
Quaker Heavenly Oats Caramel Fudge Porridge Pot,£1.29,(£2.19/100g),cupboard,cereals,2025-05-29
Scott's Original Scottish Porridge Oats,£2.75,(27.5p/100g),cupboard,cereals,2025-05-29
ASDA Jumbo British Porridge Oats 1kg,£1.29,(12.9p/100g),cupboard,cereals,2025-05-29
Quaker Caramelised Biscuit Porridge Pot 57g,£1.29,(£2.26/100g),cupboard,cereals,2025-05-29
Mornflake Creamy Superfast Oats,£1.03,(20.6p/100g),cupboard,cereals,2025-05-29
FUEL10K High Protein Double Chocolate Oat Muffin Pot,£1.35,(£2.60/100g),cupboard,cereals,2025-05-29
FUEL10K High Protein Apple & Cinnamon Porridge Pot,£1.35,(£1.93/100g),cupboard,cereals,2025-05-29
Quaker 100% Wholegrain Rolled Porridge Oats,£2.75,(27.5p/100g),cupboard,cereals,2025-05-29
Quaker Oat So Simple Apple & Blueberry Porridge Pot,£1.29,(£2.26/100g),cupboard,cereals,2025-05-29
FUEL10K High Protein Super Berry Porridge Pot,£1.35,(£1.93/100g),cupboard,cereals,2025-05-29
Quaker Oat So Simple Classic Banana Porridge Sachets,£3.50,(£1.01/100g),cupboard,cereals,2025-05-29
Ambrosia Ready to Eat Sweet Cinnamon Flavour Porridge 210g,£0.98,(46.7p/100g),cupboard,cereals,2025-05-29
ASDA Apple & Blueberry Porridge Pot,£0.50,(87.7p/100g),cupboard,cereals,2025-05-29
FUEL10K High Protein Chocolate Porridge Pot,£1.35,(£1.93/100g),cupboard,cereals,2025-05-29
ASDA Protein Porridge Pot Cinnamon & Pecan 70g,£0.88,(£1.26/100g),cupboard,cereals,2025-05-29
Quaker Oat So Simple Protein Golden Syrup Porridge,£3.50,(£1.02/100g),cupboard,cereals,2025-05-29
"Quaker Porridge To Go Strawberry, Raspberry & Cranberry Breakfast Bars 2x55g",£1.60,(£1.45/100g),cupboard,cereals,2025-05-29
FUEL10K High Protein Chocolate Breakfast Milk Drink,£1.35,(40.9p/100ml),cupboard,cereals,2025-05-29
Quaker Oats High Protein Peanut Butter Porridge Pot 59g,£1.29,(£2.22/100g),cupboard,cereals,2025-05-29
FUEL10K High Protein Golden Syrup Porridge Pot,£1.35,(£1.93/100g),cupboard,cereals,2025-05-29
Ambrosia Porridge with Apple & Blueberry Layer 210g,£1.35,(64.3p/100g),cupboard,cereals,2025-05-29
ASDA Original Porridge Pot,£0.50,(£1.00/100g),cupboard,cereals,2025-05-29
Quaker Porridge To Go Cinnamon Breakfast Bars,£1.60,(£1.45/100g),cupboard,cereals,2025-05-29
Quaker Hazelnut Chocolate Porridge Sachets Oats So Simple 10 x 36g,£3.50,(£9.59/100g),cupboard,cereals,2025-05-29
Quaker Oat So Simple Sweet Cinnamon Porridge Pot,£1.29,(£2.26/100g),cupboard,cereals,2025-05-29
George Home Acacia Lid Jar,£5.00,(£5.00/each),cupboard,cereals,2025-05-29
George Home Clear Glass Clip Lid Canister,£2.00,(£2.00/each),cupboard,cereals,2025-05-29
George Home Bon Bon Jar,£3.00,(£3.00/each),cupboard,cereals,2025-05-29
George Home 2.2L Clip Lid Food Storer,£2.00,(£2.00/each),cupboard,cereals,2025-05-29
Wham Crystal 11 Litre Box & Lid Clear,£3.00,(£3.00/each),cupboard,cereals,2025-05-29
Wham 5.02 Box Green,£4.00,(£4.00/each),cupboard,cereals,2025-05-29
George Home Peel Lid Food Storer - Colour May Vary,£2.75,(£2.75/each),cupboard,cereals,2025-05-29
Sistema Klip It Plus Rectangular Food Storage 2.2L 3 Pack,£12.00,(£4.00/each),cupboard,cereals,2025-05-29
George Home Ribbed Clip Lid Canister 1L,£2.50,(£2.50/each),cupboard,cereals,2025-05-29
George Home Acrylic Canister,£3.50,(£3.50/each),cupboard,cereals,2025-05-29
George Home Food Storer with Strainer,£1.50,(£1.50/each),cupboard,cereals,2025-05-29
George Home Slide and Lock Food Storer 2L,£3.50,(£3.50/each),cupboard,cereals,2025-05-29
FUEL10K Chocolate Breakfast A Day Bundle,£5.70,null,cupboard,cereals,2025-05-29
George Home Natural Geometric Storage Basket,£10.00,(£10.00/each),cupboard,cereals,2025-05-29
George Home Slide and Lock Food Storer 2L,£3.50,(£3.50/each),cupboard,cereals,2025-05-29
George Home Ribbed Clip Lid Canister 1L,£2.50,(£2.50/each),cupboard,cereals,2025-05-29
George Home Stacking Canister,£8.00,(£8.00/each),cupboard,cereals,2025-05-29
George Home Natural Geometric Storage Basket,£10.00,(£10.00/each),cupboard,cereals,2025-05-29
FUEL10K Chocolate Breakfast A Day Bundle,£5.70,null,cupboard,cereals,2025-05-29
George Home Takeaway Food Storers,£2.43,(20.2p/each),cupboard,cereals,2025-05-29
George Home Storage Can Set,£6.00,(£2.00/each),cupboard,cereals,2025-05-29
Smart Seal Food Storer 2.7L Tall,£5.00,(£5.00/each),cupboard,cereals,2025-05-29
George Home Peel Lid Food Storers - Colour May Vary,£1.00,(50.0p/each),cupboard,cereals,2025-05-29
Sistema Klip It Plus Rectangular Food Storage Essentials 6 Pack,£15.00,(£2.50/each),cupboard,cereals,2025-05-29
George Home Peel Lid Food Storer with Handle - Colour May Vary,£2.50,(£2.50/each),cupboard,cereals,2025-05-29
At Home with Stacey Solomon Clear Glass Canister Small,£4.00,(£4.00/each),cupboard,cereals,2025-05-29
George Home Wood Top Canister,£2.25,(£2.25/each),cupboard,cereals,2025-05-29
Sistema Sistema 1.15L Square Klip It Plus 3 Pack,£10.00,(£3.33/each),cupboard,cereals,2025-05-29
George Home Yellow Lemon-Shaped Sweetie Jar,£6.00,(£6.00/each),cupboard,cereals,2025-05-29
George Home Spice Jars,£2.00,(50.0p/each),cupboard,cereals,2025-05-29
Nairn's Scottish Porridge Oats,£2.20,(48.9p/100g),cupboard,cereals,2025-05-29
George Home Clip Lid Canister,£3.00,(£3.00/each),cupboard,cereals,2025-05-29
Wham 4.02 Box Green,£2.00,(£2.00/each),cupboard,cereals,2025-05-29
George Home Bento Box,£3.50,(£3.50/each),cupboard,cereals,2025-05-29
George Home Cream Bread Bin,£12.00,(£12.00/each),cupboard,cereals,2025-05-29
Wham 1.01 Cube White,£0.80,(80.0p/each),cupboard,cereals,2025-05-29
George Home Peel Lid Dry Food Storer - Colour May Vary,£2.50,(£2.50/each),cupboard,cereals,2025-05-29
George Home 7 Pack Nested Food Storers,£5.00,(71.4p/each),cupboard,cereals,2025-05-29
George Home Peel Lid Food Storer Set - Colour May Vary,£7.00,(£7.00/each),cupboard,cereals,2025-05-29
George Home Clip Lid Food Storer 900ml,£1.00,(£1.00/each),cupboard,cereals,2025-05-29
Neoflam Food Storer 3.6L,£6.50,(£6.50/each),cupboard,cereals,2025-05-29
Sistema Bento Cube to Go,£7.00,(£7.00/each),cupboard,cereals,2025-05-29
Neoflam Food Storer 3.3L,£6.00,(£6.00/each),cupboard,cereals,2025-05-29
George Home Glass Canister With Wooden Lid 750ml,£2.00,(£2.00/each),cupboard,cereals,2025-05-29
At Home with Stacey Solomon Clear Glass Canister Extra Large,£7.00,(£7.00/each),cupboard,cereals,2025-05-29
George Home Premium Rectangular Food Storer,£1.50,(£1.50/each),cupboard,cereals,2025-05-29
George Home Black Kitchen Canister - Set of 5,£20.00,(£4.00/each),cupboard,cereals,2025-05-29
At Home with Stacey Solomon Clear Glass Canister Large,£6.00,(£6.00/each),cupboard,cereals,2025-05-29
George Home Natural Laundry Bag,£6.00,(£6.00/each),cupboard,cereals,2025-05-29
George Home 250ml Plastic Food Storers 5pk,£1.00,(20.0p/each),cupboard,cereals,2025-05-29
ASDA 6 Plastic Tubs,£2.50,(41.7p/each),cupboard,cereals,2025-05-29
George Home Natural Rattan Storage Tray,£10.00,(£3.33/each),cupboard,cereals,2025-05-29
George Home Bag Clips,£2.00,(£2.00/each),cupboard,cereals,2025-05-29
George Home Spice Jar,£1.00,(£1.00/each),cupboard,cereals,2025-05-29
Wham Crystal 2.6L Box & Lid Clear,£1.50,(£1.50/each),cupboard,cereals,2025-05-29
Neoflam Food Storer 1.35L,£3.75,(£3.75/each),cupboard,cereals,2025-05-29
George Home Spice Rack,£10.00,(£10.00/each),cupboard,cereals,2025-05-29
Melvit Premium Roasted Buckwheat Groats 4 x 100g (400g),£1.38,(34.5p/100g),cupboard,cereals,2025-05-29
George Home Cereal Food Storer,£2.75,(£2.75/each),cupboard,cereals,2025-05-29
George Home Glass Storage Jar with Screw Lid,£2.00,(£2.00/each),cupboard,cereals,2025-05-29
George Home 3 Nested Food Storers,£5.00,(£1.67/each),cupboard,cereals,2025-05-29
George Home 8 Piece Clip-Lid Food Storage Set,£6.00,(75.0p/each),cupboard,cereals,2025-05-29
Sistema Klip it Food Storer,£5.00,(£5.00/each),cupboard,cereals,2025-05-29
George Home Canister Set,£20.00,(£20.00/each),cupboard,cereals,2025-05-29
George Home Grey Workstop Storage Canisters,£6.00,(£2.00/each),cupboard,cereals,2025-05-29
George Home Food Storers,£2.47,(61.8p/each),cupboard,cereals,2025-05-29
George Home Acacia Lid Canister,£4.50,(£4.50/each),cupboard,cereals,2025-05-29
Sistema Klip It Food Storers,£9.50,(£3.17/each),cupboard,cereals,2025-05-29
Free From by Asda Original Porridge Pot,£0.75,(£1.36/100g),cupboard,cereals,2025-05-29
George Home Acacia Lid Jar,£6.00,(£6.00/each),cupboard,cereals,2025-05-29
George Home Acacia Lid Jar 700ml,£3.75,(£3.75/each),cupboard,cereals,2025-05-29
Sistema Multi-Coloured Klip It Food Storer 1 Litre,£3.50,(£3.50/each),cupboard,cereals,2025-05-29
Pyrex Glass Dish With Lid,£9.00,(£9.00/each),cupboard,cereals,2025-05-29
George Home 1L Plastic Food Storers 3pk,£1.00,(33.3p/each),cupboard,cereals,2025-05-29
Neoflam Food Storer 3.6L,£6.50,(£6.50/each),cupboard,cereals,2025-05-29
George Home Spice Rack,£10.00,(£10.00/each),cupboard,cereals,2025-05-29
Melvit Premium Roasted Buckwheat Groats 4 x 100g (400g),£1.38,(34.5p/100g),cupboard,cereals,2025-05-29
George Home Canister Set,£20.00,(£20.00/each),cupboard,cereals,2025-05-29
George Home 7 Pack Nested Food Storers,£5.00,(71.4p/each),cupboard,cereals,2025-05-29
George Home Grey Workstop Storage Canisters,£6.00,(£2.00/each),cupboard,cereals,2025-05-29
George Home 8 Piece Clip-Lid Food Storage Set,£6.00,(75.0p/each),cupboard,cereals,2025-05-29
Sistema Klip it Food Storer,£5.00,(£5.00/each),cupboard,cereals,2025-05-29
George Home Peel Lid Food Storer Set - Colour May Vary,£7.00,(£7.00/each),cupboard,cereals,2025-05-29
George Home Cereal Food Storer,£2.75,(£2.75/each),cupboard,cereals,2025-05-29
George Home Glass Storage Jar with Screw Lid,£2.00,(£2.00/each),cupboard,cereals,2025-05-29
George Home Natural Rattan Storage Tray,£10.00,(£3.33/each),cupboard,cereals,2025-05-29
George Home 3 Nested Food Storers,£5.00,(£1.67/each),cupboard,cereals,2025-05-29
George Home Bag Clips,£2.00,(£2.00/each),cupboard,cereals,2025-05-29
George Home Spice Jar,£1.00,(£1.00/each),cupboard,cereals,2025-05-29
Wham Crystal 2.6L Box & Lid Clear,£1.50,(£1.50/each),cupboard,cereals,2025-05-29
Sistema Klip It Plus Rectangular Food Storage Essentials 6 Pack,£15.00,(£2.50/each),cupboard,cereals,2025-05-29
George Home Peel Lid Food Storers - Colour May Vary,£1.00,(50.0p/each),cupboard,cereals,2025-05-29
Smart Seal Food Storer 2.7L Tall,£5.00,(£5.00/each),cupboard,cereals,2025-05-29
George Home Natural Laundry Bag,£6.00,(£6.00/each),cupboard,cereals,2025-05-29
George Home 250ml Plastic Food Storers 5pk,£1.00,(20.0p/each),cupboard,cereals,2025-05-29
ASDA 6 Plastic Tubs,£2.50,(41.7p/each),cupboard,cereals,2025-05-29
At Home with Stacey Solomon Clear Glass Canister Extra Large,£7.00,(£7.00/each),cupboard,cereals,2025-05-29
George Home Wood Top Canister,£2.25,(£2.25/each),cupboard,cereals,2025-05-29
Sistema Sistema 1.15L Square Klip It Plus 3 Pack,£10.00,(£3.33/each),cupboard,cereals,2025-05-29
Pyrex Glass Dish With Lid,£6.50,(£6.50/each),cupboard,cereals,2025-05-29
George Home Acacia Lid Canister,£4.50,(£4.50/each),cupboard,cereals,2025-05-29
Smart Seal Food Storer 2.1L,£4.50,(£4.50/each),cupboard,cereals,2025-05-29
George Home Food Storers,£2.47,(61.8p/each),cupboard,cereals,2025-05-29
George Home Mini Twist Food Storers 4 Pack,£2.00,(50.0p/each),cupboard,cereals,2025-05-29
George Home Noodle Bowl,£1.04,(£1.04/each),cupboard,cereals,2025-05-29
George Home Natural Woven Fringed Storage Basket,£10.00,(£10.00/each),cupboard,cereals,2025-05-29
George Home Large Black Wire Basket,£4.50,(£4.50/each),cupboard,cereals,2025-05-29
George Home 2.5L Clip Lid Jug,£1.54,(£1.54/each),cupboard,cereals,2025-05-29
George Home Medium Glass Jar,£3.50,(£3.50/each),cupboard,cereals,2025-05-29
Neoflam Food Storer 4.5L,£7.50,(£7.50/each),cupboard,cereals,2025-05-29
George Home Peel Lid Food Storer - Colour May Vary,£1.50,(£1.50/each),cupboard,cereals,2025-05-29
Sistema Sistema 1.15L Square Klip It Plus,£3.75,(£3.75/each),cupboard,cereals,2025-05-29
Sistema Snack Box 3 Pack,£6.00,(£2.00/each),cupboard,cereals,2025-05-29
George Home 2.2L Lunch Box,£2.50,(£2.50/each),cupboard,cereals,2025-05-29
Pyrex Glass Dish With Lid,£9.00,(£9.00/each),cupboard,cereals,2025-05-29
George Home 1L Plastic Food Storers 3pk,£1.00,(33.3p/each),cupboard,cereals,2025-05-29
George Home Marble Plastic Canisters,£6.50,(£2.17/each),cupboard,cereals,2025-05-29
George Home Slide and Lock Food Storer 1.5L,£3.00,(£3.00/each),cupboard,cereals,2025-05-29
George Home Canister Set of 3 - Grey,£7.00,(£2.33/each),cupboard,cereals,2025-05-29
Quaker Oat So Simple Gluten Free Original Porridge,£3.80,(£1.09/100g),cupboard,cereals,2025-05-29
George Home Mini Food Storers 3 Pack,£2.00,(66.7p/each),cupboard,cereals,2025-05-29
George Home 1L Plastic Food Storers 5 Pack,£3.50,(70.0p/each),cupboard,cereals,2025-05-29
Quaker Gluten Free Original Porridge Oats,£3.60,(70.6p/100g),cupboard,cereals,2025-05-29
George Home Food Storers,£2.96,(98.7p/each),cupboard,cereals,2025-05-29
George Home Premium Rectangular Food Storer,£2.00,(£2.00/each),cupboard,cereals,2025-05-29
At Home with Stacey Solomon Clear Glass Canister Small,£4.00,(£4.00/each),cupboard,cereals,2025-05-29
George Home Peel Lid Food Storer with Handle - Colour May Vary,£2.50,(£2.50/each),cupboard,cereals,2025-05-29
George Home Ribbed Clip Lid Canister 2L,£3.00,(£3.00/each),cupboard,cereals,2025-05-29
George Home Ribbed Clip Lid Canister 500ml,£2.00,(£2.00/each),cupboard,cereals,2025-05-29
George Home Lunch Bag Storage Set,£8.00,(£8.00/each),cupboard,cereals,2025-05-29
George Home Clip Lid Canister,£2.50,(£2.50/each),cupboard,cereals,2025-05-29
George Home 3.6L Clip Lid Food Storer,£2.75,(£2.75/each),cupboard,cereals,2025-05-29
Heinz Baked Beans 4 x 415g,£3.74,(£2.25/kg),cupboard,canned,2025-05-29
Heinz Baked Beans in a Rich Tomato Sauce,£5.24,(£2.10/kg),cupboard,canned,2025-05-29
Heinz Beanz in A Rich Tomato Sauce with Richmond Pork Sausages 415g,£1.98,(£4.77/kg),cupboard,canned,2025-05-29
Branston Baked Beans in Tomato Sauce,£2.24,(£1.37/kg),cupboard,canned,2025-05-29
Branston Baked Beans 6 x 410g,£3.75,(15.2p/100g),cupboard,canned,2025-05-29
Heinz Beanz in a Rich Tomato Sauce Big Value Pack,£3.97,(£3.31/kg),cupboard,canned,2025-05-29
Branston Baked Beans with Sausages in Tomato Sauce,£0.98,(£2.42/kg),cupboard,canned,2025-05-29
Heinz Beanz in a Rich Tomato Sauce Great Value Pack 4 x 200g,£2.74,(£3.42/kg),cupboard,canned,2025-05-29
Heinz Baked Beans 415g,£1.38,(£3.33/kg),cupboard,canned,2025-05-29
Heinz Baked Beans Snap Pots,£3.16,(£3.95/kg),cupboard,canned,2025-05-29
Heinz No Added Sugar Tinned Baked Beans in a Rich Tomato Sauce 6 x 200g,£3.97,(£3.31/kg),cupboard,canned,2025-05-29
ASDA Baked Beans 4 x 410g,£1.61,(98.2p/kg),cupboard,canned,2025-05-29
ASDA Baked Beans in a Rich Tomato Sauce 210g,£0.23,(£1.10/kg),cupboard,canned,2025-05-29
ASDA Baked Beans & Sausages in a Rich Tomato Sauce 405g,£0.56,(£1.38/kg),cupboard,canned,2025-05-29
ASDA Reduced Salt Baked Beans in a Rich Tomato Sauce 410g,£0.42,(£1.02/kg),cupboard,canned,2025-05-29
ASDA Baked Beans in a Rich Tomato Sauce 410g,£0.42,(£1.02/kg),cupboard,canned,2025-05-29
ASDA Reduced Salt Baked Beans 4 x 410g,£1.61,(98.2p/kg),cupboard,canned,2025-05-29
Heinz Baked Beans,£0.64,(£4.27/kg),cupboard,canned,2025-05-29
Branston Baked Beans,£0.52,(£2.36/kg),cupboard,canned,2025-05-29
Heinz Beanz In a Rich Tomato Sauce With Richmond Pork Sausages 200g,£1.40,(£7.00/kg),cupboard,canned,2025-05-29
Heinz Tinned Baked Beans 200g,£1.00,(£5.00/kg),cupboard,canned,2025-05-29
Heinz Cathedral City Cheesy Tinned Baked Beans 390g,£1.58,(£4.05/kg),cupboard,canned,2025-05-29
Branston Baked Beans,£0.78,(£1.90/kg),cupboard,canned,2025-05-29
Heinz Baked Beans Barbecue,£1.38,(£3.54/kg),cupboard,canned,2025-05-29
Heinz Baked Beans Chilli,£1.38,(£3.54/kg),cupboard,canned,2025-05-29
Heinz No Added Sugar Baked Beans,£1.00,(£5.00/kg),cupboard,canned,2025-05-29
Heinz No Added Sugar Baked Beans in a Rich Tomato Sauce,£3.74,(£2.25/kg),cupboard,canned,2025-05-29
Heinz Beanz in a Rich Tomato Sauce 4 x 200g,£2.74,(£3.42/kg),cupboard,canned,2025-05-29
Heinz Five Mixed Beans,£1.38,(£3.33/kg),cupboard,canned,2025-05-29
Heinz Cupboard Fillers,£5.87,null,cupboard,canned,2025-05-29
Heinz Baked Beans Snap Pots,£3.16,(£3.95/kg),cupboard,canned,2025-05-29
Heinz No Added Sugar Baked Beans,£1.38,(£3.33/kg),cupboard,canned,2025-05-29
Heinz No Added Sugar Baked Beans in a Rich Tomato Sauce,£5.25,(£2.11/kg),cupboard,canned,2025-05-29
,,,cupboard,canned,2025-05-29
,,,cupboard,canned,2025-05-29
,,,cupboard,canned,2025-05-29
,,,cupboard,canned,2025-05-29
,,,cupboard,canned,2025-05-29
,,,cupboard,canned,2025-05-29
Heinz Spaghetti In a Rich Tomato Sauce With Richmond Pork Sausages 400g,£1.98,(£4.95/kg),cupboard,canned,2025-05-29
Heinz Spaghetti Hoops 205g,£0.90,(£4.39/kg),cupboard,canned,2025-05-29
Heinz Spaghetti in Tomato Sauce,£3.00,(£1.88/kg),cupboard,canned,2025-05-29
Heinz Spaghetti Hoops,£3.00,(£1.88/kg),cupboard,canned,2025-05-29
Heinz Spaghetti in Tomato Sauce,£0.90,(£4.50/kg),cupboard,canned,2025-05-29
Heinz Spaghetti Carbonara 400g,£1.98,(£4.95/kg),cupboard,canned,2025-05-29
Heinz Spaghetti Hoops in Tomato Sauce Snap Pots,£3.00,(£3.95/kg),cupboard,canned,2025-05-29
Heinz Peppa Pig Pasta Shapes in Tomato Sauce,£0.90,(£4.39/kg),cupboard,canned,2025-05-29
JUST ESSENTIALS by ASDA Spaghetti Loops in Tomato Sauce,£0.19,(48.1p/kg),cupboard,canned,2025-05-29
ASDA Beef Ravioli in a Rich Tomato Sauce 400g,£0.84,(£2.10/kg),cupboard,canned,2025-05-29
ASDA Macaroni Cheese in a Rich & Creamy Sauce 395g,£0.94,(£2.38/kg),cupboard,canned,2025-05-29
Heinz Despicable Me Minions Pasta Shapes in Tomato Sauce,£0.90,(£4.39/kg),cupboard,canned,2025-05-29
ASDA Spaghetti Loops & Sausages in a Rich Tomato Sauce 395g,£0.90,(£2.28/kg),cupboard,canned,2025-05-29
ASDA Spaghetti Strands in Tomato Sauce 395g,£0.42,(£1.06/kg),cupboard,canned,2025-05-29
ASDA Spaghetti Loops 210g,£0.35,(£1.67/kg),cupboard,canned,2025-05-29
ASDA Spaghetti Loops in a Rich Tomato Sauce 395g,£0.40,(£1.01/kg),cupboard,canned,2025-05-29
Heinz Beef Ravioli in Tomato Sauce,£1.98,(£4.95/kg),cupboard,canned,2025-05-29
Heinz Spaghetti Bolognese,£1.98,(£4.95/kg),cupboard,canned,2025-05-29
Heinz Beef Ravioli in Tomato Sauce,£1.40,(£7.00/kg),cupboard,canned,2025-05-29
Heinz Macaroni Cheese,£1.40,(£7.00/kg),cupboard,canned,2025-05-29
Heinz Spaghetti Hoops,£1.25,(£3.12/kg),cupboard,canned,2025-05-29
Heinz Tinned Macaroni Cheese 400g,£1.98,(£4.95/kg),cupboard,canned,2025-05-29
Heinz Spaghetti In a Rich Tomato Sauce With Richmond Pork Sausages 200g,£1.40,(£7.00/kg),cupboard,canned,2025-05-29
Heinz Spaghetti Bolognese,£1.40,(£7.00/kg),cupboard,canned,2025-05-29
Heinz Spaghetti in Tomato Sauce,£1.25,(£3.12/kg),cupboard,canned,2025-05-29
Heinz Cupboard Fillers,£5.87,null,cupboard,canned,2025-05-29
"Branston Spaghetti Loops in a Rich, Thick, Tomatoey Sauce 395g",£0.78,(£1.97/kg),cupboard,canned,2025-05-29
,,,cupboard,canned,2025-05-29
,,,cupboard,canned,2025-05-29
,,,cupboard,canned,2025-05-29
,,,cupboard,canned,2025-05-29
,,,cupboard,canned,2025-05-29
,,,cupboard,canned,2025-05-29
ASDA Skipjack Tuna Chunks in Spring Water,£2.70,(66.2p/100g),cupboard,canned,2025-05-29
ASDA Skipjack Tuna Chunks in Brine,£2.70,(66.2p/100g),cupboard,canned,2025-05-29
John West Tuna Chunks in Sunflower Oil 4 x 132g,£3.98,(£1.05/100g),cupboard,canned,2025-05-29
John West Tuna Chunks in Spring Water 125g,£3.48,(85.3p/100g),cupboard,canned,2025-05-29
John West Tuna Chunks in Brine 125g,£3.48,(69.6p/100g),cupboard,canned,2025-05-29
John West Tuna Chunks in Spring Water 4 x 132g,£3.98,(£4.28/100g),cupboard,canned,2025-05-29
John West Tuna Chunks in Sunflower Oil 125g,£3.48,(91.6p/100g),cupboard,canned,2025-05-29
Rio Mare Tuna in Olive Oil 3 x 80g,£4.98,(£3.19/100g),cupboard,canned,2025-05-29
John West Tuna Chunks in Brine 4 x 132g,£3.98,(75.4p/100g),cupboard,canned,2025-05-29
John West Tuna with an Oven Dried Tomato & Herb Dressing,£1.28,(£1.51/100g),cupboard,canned,2025-05-29
ASDA Tuna Steak in Brine 198g,£1.43,(96.0p/100g),cupboard,canned,2025-05-29
ASDA Tuna Steak in a Little Spring Water 110g,£1.20,(£1.09/100g),cupboard,canned,2025-05-29
John West No Drain Fridge Pot Tuna Steak with a Little Spring Water,£1.98,(£1.80/100g),cupboard,canned,2025-05-29
ASDA Tuna Steak in a Little Brine 3 x 110g (330g),£3.00,(90.9p/100g),cupboard,canned,2025-05-29
John West No Drain Fridge Pot Tuna Steak with a Little Sunflower Oil,£1.98,(£1.80/100g),cupboard,canned,2025-05-29
ASDA Tuna Steak in a Little Spring Water 3 x 110g (330g),£3.00,(90.9p/100g),cupboard,canned,2025-05-29
ASDA Mackerel Fillets in Olive Oil,£0.95,(£1.06/100g),cupboard,canned,2025-05-29
ASDA Skinless & Boneless Mackerel Fillets in a Rich Tomato Sauce 125g,£0.95,(76.0p/100g),cupboard,canned,2025-05-29
ASDA Pacific Pink Salmon,£1.55,(72.8p/100g),cupboard,canned,2025-05-29
ASDA Skipjack Tuna Chunks in Spring Water,£0.72,(70.6p/100g),cupboard,canned,2025-05-29
ASDA Sardines in Tomato Sauce,£0.55,(45.8p/100g),cupboard,canned,2025-05-29
ASDA Tuna Chunks in Sunflower Oil 145g,£0.72,(70.6p/100g),cupboard,canned,2025-05-29
ASDA Mackerel Fillets in Brine 125g,£0.94,(75.2p/100g),cupboard,canned,2025-05-29
ASDA Skipjack Tuna Chunks in Brine,£0.72,(70.6p/100g),cupboard,canned,2025-05-29
John West Sardines in Tomato Sauce,£1.22,(£1.02/100g),cupboard,canned,2025-05-29
Kingfisher Crab Meat Shredded 145g,£2.00,(£1.38/100g),cupboard,canned,2025-05-29
ASDA Sardines in Brine,£0.52,(61.9p/100g),cupboard,canned,2025-05-29
George Home Clear Glass Clip Lid Canister,£2.00,(£2.00/each),cupboard,canned,2025-05-29
George Home Acacia Lid Jar,£5.00,(£5.00/each),cupboard,canned,2025-05-29
George Home Stacking Canister,£8.00,(£8.00/each),cupboard,canned,2025-05-29
George Home Bon Bon Jar,£3.00,(£3.00/each),cupboard,canned,2025-05-29
George Home Ribbed Clip Lid Canister 1L,£2.50,(£2.50/each),cupboard,canned,2025-05-29
Sistema Klip It Plus Rectangular Food Storage 2.2L 3 Pack,£12.00,(£4.00/each),cupboard,canned,2025-05-29
John West Tuna with a Lime and Black Pepper Dressing,£1.28,(£1.51/100g),cupboard,canned,2025-05-29
ASDA Extra Special Chilli Crusted Hot Smoked Mackerel Fillets 110g,£2.25,(£2.05/100g),cupboard,canned,2025-05-29
Wham Crystal 11 Litre Box & Lid Clear,£3.00,(£3.00/each),cupboard,canned,2025-05-29
Wham 5.02 Box Green,£4.00,(£4.00/each),cupboard,canned,2025-05-29
Schwartz Lemongrass 6.5g,£1.86,(37.2p/10g),cupboard,canned,2025-05-29
George Home Peel Lid Food Storer - Colour May Vary,£2.75,(£2.75/each),cupboard,canned,2025-05-29
John West Infusions No Drain Tuna Chilli & Garlic,£1.78,(£2.23/100g),cupboard,canned,2025-05-29
George Home Natural Geometric Storage Basket,£10.00,(£10.00/each),cupboard,canned,2025-05-29
George Home Acacia Lid Spaghetti Canister,£5.00,(£5.00/each),cupboard,canned,2025-05-29
John West Plant Power Tuna Style Plant-Based Salad Harissa with Couscous & Lentils 220g,£2.69,(£1.22/100g),cupboard,canned,2025-05-29
George Home Round Clip Lid Food Storers,£1.50,(50.0p/each),cupboard,canned,2025-05-29
John West No Drain Fridge Pot Tuna Steak with a Little Brine,£1.98,(£1.80/100g),cupboard,canned,2025-05-29
John West Wild Pacific Pink Salmon,£2.96,(£1.39/100g),cupboard,canned,2025-05-29
Curver My Style Cube 25L Grey,£5.00,(£5.00/each),cupboard,canned,2025-05-29
John West Kippers in Sunflower Oil,£2.00,(£1.38/100g),cupboard,canned,2025-05-29
Sistema Bento Cube to Go,£7.00,(£7.00/each),cupboard,canned,2025-05-29
ASDA Mackerel Fillets in a Thai Green Curry Sauce 125g,£0.95,(76.0p/100g),cupboard,canned,2025-05-29
George Home Peel Lid Dry Food Storer - Colour May Vary,£2.50,(£2.50/each),cupboard,canned,2025-05-29
John West Tuna Chunks in Sunflower Oil 125g,£1.14,(£1.20/100g),cupboard,canned,2025-05-29
George Home 2.2L Clip Lid Food Storer,£2.00,(£2.00/each),cupboard,canned,2025-05-29
George Home Acrylic Canister,£3.50,(£3.50/each),cupboard,canned,2025-05-29
John West No Drain Fridge Pot Tuna Steak with a Little Brine 3 x 110g,£4.24,(£1.28/100g),cupboard,canned,2025-05-29
John West Mackerel Fillets in Sunflower Oil,£1.78,(£1.55/100g),cupboard,canned,2025-05-29
John West Tuna Chunks with a Little Spring Water 100g,£3.98,(£1.33/100g),cupboard,canned,2025-05-29
Disney Disney Stitch Pink Sweetie Jar,£6.98,(£6.98/each),cupboard,canned,2025-05-29
John West Infusions No Drain Tuna & Jalapeno,£1.78,(£2.23/100g),cupboard,canned,2025-05-29
George Home Slide and Lock Food Storer 2L,£3.50,(£3.50/each),cupboard,canned,2025-05-29
,,,cupboard,canned,2025-05-29
,,,cupboard,canned,2025-05-29
,,,cupboard,canned,2025-05-29
,,,cupboard,canned,2025-05-29
,,,cupboard,canned,2025-05-29
,,,cupboard,canned,2025-05-29
Cawoods Dry Salted Skinless & Boneless Saltfish,£3.25,(£1.62/100g),cupboard,canned,2025-05-29
George Home Clip Lid Food Storer 900ml,£1.00,(£1.00/each),cupboard,canned,2025-05-29
George Home Glass Storage Jar with Screw Lid,£2.00,(£2.00/each),cupboard,canned,2025-05-29
George Home 3 Nested Food Storers,£5.00,(£1.67/each),cupboard,canned,2025-05-29
Ocean Crown Cooked and Pickled Mussels,£2.00,(£2.22/100g),cupboard,canned,2025-05-29
Kingfisher Crab Meat Lump 145g,£3.12,(£2.15/100g),cupboard,canned,2025-05-29
"ASDA Extra Special Lemon, Dill & Black Pepper Brisling Sardines 105g",£1.15,(£1.10/100g),cupboard,canned,2025-05-29
George Home Natural Rattan Storage Tray,£10.00,(£3.33/each),cupboard,canned,2025-05-29
George Home Spice Jar,£1.00,(£1.00/each),cupboard,canned,2025-05-29
Wham Crystal 2.6L Box & Lid Clear,£1.50,(£1.50/each),cupboard,canned,2025-05-29
ASDA Skinless and Boneless Pink Salmon,£2.40,(£1.41/100g),cupboard,canned,2025-05-29
George Home Bag Clips,£2.00,(£2.00/each),cupboard,canned,2025-05-29
Neoflam Food Storer 3.6L,£6.50,(£6.50/each),cupboard,canned,2025-05-29
George Home 8 Piece Clip-Lid Food Storage Set,£6.00,(75.0p/each),cupboard,canned,2025-05-29
Sistema Klip it Food Storer,£5.00,(£5.00/each),cupboard,canned,2025-05-29
George Home Canister Set,£20.00,(£20.00/each),cupboard,canned,2025-05-29
George Home 7 Pack Nested Food Storers,£5.00,(71.4p/each),cupboard,canned,2025-05-29
George Home Peel Lid Food Storer Set - Colour May Vary,£7.00,(£7.00/each),cupboard,canned,2025-05-29
John West On The Go Indian Spiced Infused Tuna Salad,£2.60,(£1.18/100g),cupboard,canned,2025-05-29
ASDA Tuna Steak in a Little Sunflower Oil 3 x 110g (330g),£3.00,(90.9p/100g),cupboard,canned,2025-05-29
ASDA Pacific Pink Salmon,£1.60,(£1.52/100g),cupboard,canned,2025-05-29
John West Cracker Toppers Sweet Chilli Tuna 80g,£1.12,(£1.40/100g),cupboard,canned,2025-05-29
ASDA Skinless & Boneless Sardines in Tomato Sauce,£1.24,(£1.17/100g),cupboard,canned,2025-05-29
ASDA SARDINES IN LEMON INFUSED SUNFLOWER OIL 120g,£0.58,(65.2p/100g),cupboard,canned,2025-05-29
John West No Drain Fridge Pot Tuna Steak with a Little Spring Water 3 x 110g,£4.24,(£1.28/100g),cupboard,canned,2025-05-29
John West Fridge Pot Tuna Steak with a Little Sunflower Oil 3 x 110g,£4.24,(£1.28/100g),cupboard,canned,2025-05-29
George Home 250ml Plastic Food Storers 5pk,£1.00,(20.0p/each),cupboard,canned,2025-05-29
At Home with Stacey Solomon Clear Glass Canister Extra Large,£7.00,(£7.00/each),cupboard,canned,2025-05-29
George Home Natural Laundry Bag,£6.00,(£6.00/each),cupboard,canned,2025-05-29
ASDA 6 Plastic Tubs,£2.50,(41.7p/each),cupboard,canned,2025-05-29
George Home Black Kitchen Canister - Set of 5,£20.00,(£4.00/each),cupboard,canned,2025-05-29
At Home with Stacey Solomon Clear Glass Canister Large,£6.00,(£6.00/each),cupboard,canned,2025-05-29
John West Mackerel Fillets in Tomato Sauce,£1.78,(£1.55/100g),cupboard,canned,2025-05-29
John West Infusions Tuna Sundried Tomato 80g,£1.78,(£2.23/100g),cupboard,canned,2025-05-29
Neoflam Food Storer 3.3L,£6.00,(£6.00/each),cupboard,canned,2025-05-29
ASDA Tuna Fusions with Chilli & Garlic 80g,£1.00,(£1.25/100g),cupboard,canned,2025-05-29
Sistema Bento Cube to Go,£7.00,(£7.00/each),cupboard,canned,2025-05-29
George Home Glass Canister With Wooden Lid 750ml,£2.00,(£2.00/each),cupboard,canned,2025-05-29
John West Infusions No Drain Tuna & Jalapeno,£1.78,(£2.23/100g),cupboard,canned,2025-05-29
John West Tuna Chunks with a Little Spring Water 100g,£3.98,(£1.33/100g),cupboard,canned,2025-05-29
Disney Disney Stitch Pink Sweetie Jar,£6.98,(£6.98/each),cupboard,canned,2025-05-29
George Home Acacia Lid Spaghetti Canister,£5.00,(£5.00/each),cupboard,canned,2025-05-29
John West Plant Power Tuna Style Plant-Based Salad Harissa with Couscous & Lentils 220g,£2.69,(£1.22/100g),cupboard,canned,2025-05-29
George Home Round Clip Lid Food Storers,£1.50,(50.0p/each),cupboard,canned,2025-05-29
John West Sild in Tomato Sauce,£1.52,(£1.38/100g),cupboard,canned,2025-05-29
George Home Takeaway Food Storers,£2.43,(20.2p/each),cupboard,canned,2025-05-29
ASDA Tuna Fusions with Mango & Chilli 80g,£1.00,(£1.25/100g),cupboard,canned,2025-05-29
ASDA Anchovy Fillets in Olive Oil,£0.75,(£1.50/100g),cupboard,canned,2025-05-29
John West No Drain Tuna Steak with a Little Brine,£3.38,(£1.88/100g),cupboard,canned,2025-05-29
George Home Spice Jars,£2.00,(50.0p/each),cupboard,canned,2025-05-29
Wham 4.02 Box Green,£2.00,(£2.00/each),cupboard,canned,2025-05-29
George Home Peel Lid Food Storer with Handle - Colour May Vary,£2.50,(£2.50/each),cupboard,canned,2025-05-29
ASDA Mackerel Fillets in Korma Sauce 125g,£0.95,(76.0p/100g),cupboard,canned,2025-05-29
At Home with Stacey Solomon Clear Glass Canister Small,£4.00,(£4.00/each),cupboard,canned,2025-05-29
ASDA Sardines in Sunflower Oil 120g,£0.49,(58.3p/100g),cupboard,canned,2025-05-29
ASDA Mackerel Fillets in a Sweet Chilli Sauce 125g,£0.95,(76.0p/100g),cupboard,canned,2025-05-29
George Home Wood Top Canister,£2.25,(£2.25/each),cupboard,canned,2025-05-29
ASDA Mackerel Fillets in a Smoky Barbecue Sauce 125g,£0.95,(76.0p/100g),cupboard,canned,2025-05-29
Sistema Sistema 1.15L Square Klip It Plus 3 Pack,£10.00,(£3.33/each),cupboard,canned,2025-05-29
George Home Peel Lid Food Storers - Colour May Vary,£1.00,(50.0p/each),cupboard,canned,2025-05-29
,,,cupboard,canned,2025-05-29
,,,cupboard,canned,2025-05-29
,,,cupboard,canned,2025-05-29
,,,cupboard,canned,2025-05-29
,,,cupboard,canned,2025-05-29
,,,cupboard,canned,2025-05-29
ASDA Sardines in Sunflower Oil 120g,£0.49,(58.3p/100g),cupboard,canned,2025-05-29
Loma Linda Spring Water Tuno 142g,£1.18,(83.1p/100g),cupboard,canned,2025-05-29
George Home Mini Food Storers,£2.00,(50.0p/each),cupboard,canned,2025-05-29
ASDA Extra Special Peppered Hot Smoked Mackerel Fillets 110g,£2.25,(£2.05/100g),cupboard,canned,2025-05-29
ASDA Sardines in a Spicy Tomato Sauce 120g,£0.55,(65.5p/100g),cupboard,canned,2025-05-29
George Home 3 Piece Rectangular Food Storage Set,£4.50,(£1.50/each),cupboard,canned,2025-05-29
John West Tuna Chunks with a Little Sunflower Oil 100g,£3.98,(£1.33/100g),cupboard,canned,2025-05-29
George Home 1.3L Clip Lid Food Storer,£1.25,(£1.25/each),cupboard,canned,2025-05-29
Wham Crystal 25L Box & Lid Clear,£4.00,(£4.00/each),cupboard,canned,2025-05-29
Ocean Crown Cooked and Pickled Cockles,£2.50,(£2.78/100g),cupboard,canned,2025-05-29
George Home Food Storers,£7.00,(33.3p/each),cupboard,canned,2025-05-29
George Home Storage Can Set,£6.00,(£2.00/each),cupboard,canned,2025-05-29
ASDA Anchovy Fillets in Olive Oil,£0.75,(£1.50/100g),cupboard,canned,2025-05-29
ASDA Tuna Fusions with Mango & Chilli 80g,£1.00,(£1.25/100g),cupboard,canned,2025-05-29
John West Tuna Chunks with a Little Brine 100g,£3.98,(£1.33/100g),cupboard,canned,2025-05-29
Wham 1.01 Cube White,£0.80,(80.0p/each),cupboard,canned,2025-05-29
John West Lunch on the Go Mexican Style Tuna Salad,£2.59,(£1.18/100g),cupboard,canned,2025-05-29
George Home Clip Lid Canister,£3.00,(£3.00/each),cupboard,canned,2025-05-29
Sistema Bento Cube to Go,£7.00,(£7.00/each),cupboard,canned,2025-05-29
John West Tuna Chunks in Sunflower Oil 125g,£1.14,(£1.20/100g),cupboard,canned,2025-05-29
ASDA Mackerel Fillets in a Thai Green Curry Sauce 125g,£0.95,(76.0p/100g),cupboard,canned,2025-05-29
ASDA Tuna Fusions with Chilli & Garlic 80g,£1.00,(£1.25/100g),cupboard,canned,2025-05-29
John West Infusions Tuna Sundried Tomato 80g,£1.78,(£2.23/100g),cupboard,canned,2025-05-29
Neoflam Food Storer 3.3L,£6.00,(£6.00/each),cupboard,canned,2025-05-29
George Home Glass Canister With Wooden Lid 750ml,£2.00,(£2.00/each),cupboard,canned,2025-05-29
John West Cracker Toppers Sweet Chilli Tuna 80g,£1.12,(£1.40/100g),cupboard,canned,2025-05-29
ASDA Skinless & Boneless Sardines in Tomato Sauce,£1.24,(£1.17/100g),cupboard,canned,2025-05-29
Kingfisher Crab Meat Lump 145g,£3.12,(£2.15/100g),cupboard,canned,2025-05-29
ASDA Pacific Pink Salmon,£1.60,(£1.52/100g),cupboard,canned,2025-05-29
John West Sild in Tomato Sauce,£1.52,(£1.38/100g),cupboard,canned,2025-05-29
George Home Clip Lid Food Storer 900ml,£1.00,(£1.00/each),cupboard,canned,2025-05-29
Cawoods Dry Salted Skinless & Boneless Saltfish,£3.25,(£1.62/100g),cupboard,canned,2025-05-29
Neoflam Food Storer 3.6L,£6.50,(£6.50/each),cupboard,canned,2025-05-29
George Home Spice Rack,£10.00,(£10.00/each),cupboard,canned,2025-05-29
John West On The Go Indian Spiced Infused Tuna Salad,£2.60,(£1.18/100g),cupboard,canned,2025-05-29
George Home Canister Set,£20.00,(£20.00/each),cupboard,canned,2025-05-29
Ocean Crown Cooked and Pickled Mussels,£2.00,(£2.22/100g),cupboard,canned,2025-05-29
George Home 7 Pack Nested Food Storers,£5.00,(71.4p/each),cupboard,canned,2025-05-29
ASDA Tuna Steak in a Little Sunflower Oil 3 x 110g (330g),£3.00,(90.9p/100g),cupboard,canned,2025-05-29
George Home Grey Workstop Storage Canisters,£6.00,(£2.00/each),cupboard,canned,2025-05-29
George Home 8 Piece Clip-Lid Food Storage Set,£6.00,(75.0p/each),cupboard,canned,2025-05-29
Sistema Klip it Food Storer,£5.00,(£5.00/each),cupboard,canned,2025-05-29
George Home Peel Lid Food Storer Set - Colour May Vary,£7.00,(£7.00/each),cupboard,canned,2025-05-29
George Home Cereal Food Storer,£2.75,(£2.75/each),cupboard,canned,2025-05-29
ASDA Mackerel Fillets in a Rich Sun-Dried Tomato and Basil Sauce 125g,£0.95,(76.0p/100g),cupboard,canned,2025-05-29
George Home Glass Storage Jar with Screw Lid,£2.00,(£2.00/each),cupboard,canned,2025-05-29
George Home Natural Rattan Storage Tray,£10.00,(£3.33/each),cupboard,canned,2025-05-29
George Home 3 Nested Food Storers,£5.00,(£1.67/each),cupboard,canned,2025-05-29
"ASDA Extra Special Lemon, Dill & Black Pepper Brisling Sardines 105g",£1.15,(£1.10/100g),cupboard,canned,2025-05-29
George Home Bag Clips,£2.00,(£2.00/each),cupboard,canned,2025-05-29
George Home Spice Jar,£1.00,(£1.00/each),cupboard,canned,2025-05-29
Wham Crystal 2.6L Box & Lid Clear,£1.50,(£1.50/each),cupboard,canned,2025-05-29
ASDA Skinless and Boneless Pink Salmon,£2.40,(£1.41/100g),cupboard,canned,2025-05-29
Sistema Klip It Plus Rectangular Food Storage Essentials 6 Pack,£15.00,(£2.50/each),cupboard,canned,2025-05-29
George Home Peel Lid Food Storers - Colour May Vary,£1.00,(50.0p/each),cupboard,canned,2025-05-29
Smart Seal Food Storer 2.7L Tall,£5.00,(£5.00/each),cupboard,canned,2025-05-29
John West Specialities Smoked Mussels in Sunflower Oil,£2.50,(£3.85/100g),cupboard,canned,2025-05-29
John West No Drain Fridge Pot Tuna Steak with a Little Spring Water 3 x 110g,£4.24,(£1.28/100g),cupboard,canned,2025-05-29
George Home Natural Laundry Bag,£6.00,(£6.00/each),cupboard,canned,2025-05-29
John West Fridge Pot Tuna Steak with a Little Sunflower Oil 3 x 110g,£4.24,(£1.28/100g),cupboard,canned,2025-05-29
,,,cupboard,canned,2025-05-29
,,,cupboard,canned,2025-05-29
,,,cupboard,canned,2025-05-29
,,,cupboard,canned,2025-05-29
,,,cupboard,canned,2025-05-29
,,,cupboard,canned,2025-05-29
George Home 250ml Plastic Food Storers 5pk,£1.00,(20.0p/each),cupboard,canned,2025-05-29
ASDA 6 Plastic Tubs,£2.50,(41.7p/each),cupboard,canned,2025-05-29
At Home with Stacey Solomon Clear Glass Canister Extra Large,£7.00,(£7.00/each),cupboard,canned,2025-05-29
John West Mackerel Fillets in Tomato Sauce,£1.78,(£1.55/100g),cupboard,canned,2025-05-29
ASDA Mackerel Fillets in a Smoky Barbecue Sauce 125g,£0.95,(76.0p/100g),cupboard,canned,2025-05-29
ASDA Mackerel Fillets in a Sweet Chilli Sauce 125g,£0.95,(76.0p/100g),cupboard,canned,2025-05-29
George Home Wood Top Canister,£2.25,(£2.25/each),cupboard,canned,2025-05-29
Sistema Sistema 1.15L Square Klip It Plus 3 Pack,£10.00,(£3.33/each),cupboard,canned,2025-05-29
ASDA SARDINES IN LEMON INFUSED SUNFLOWER OIL 120g,£0.58,(65.2p/100g),cupboard,canned,2025-05-29
Pyrex Glass Dish With Lid,£6.50,(£6.50/each),cupboard,canned,2025-05-29
ASDA Tuna Fusions with Lemon & Thyme 80g,£1.00,(£1.25/100g),cupboard,canned,2025-05-29
ASDA Extra Special Cantabrian Anchovy Fillets in Extra Virgin Olive Oil 100g,£2.90,(£4.83/100g),cupboard,canned,2025-05-29
John West No Drain Tuna Steak with a Little Spring Water,£3.38,(£1.88/100g),cupboard,canned,2025-05-29
George Home Acacia Lid Canister,£4.50,(£4.50/each),cupboard,canned,2025-05-29
Smart Seal Food Storer 2.1L,£4.50,(£4.50/each),cupboard,canned,2025-05-29
John West Tuna Chunks in Spring Water 125g,£1.14,(£1.12/100g),cupboard,canned,2025-05-29
John West Skinless & Boneless Wild Pink Salmon,£3.47,(£1.45/100g),cupboard,canned,2025-05-29
George Home Food Storers,£2.47,(61.8p/each),cupboard,canned,2025-05-29
George Home Mini Twist Food Storers 4 Pack,£2.00,(50.0p/each),cupboard,canned,2025-05-29
George Home Noodle Bowl,£1.04,(£1.04/each),cupboard,canned,2025-05-29
George Home Natural Woven Fringed Storage Basket,£10.00,(£10.00/each),cupboard,canned,2025-05-29
George Home Large Black Wire Basket,£4.50,(£4.50/each),cupboard,canned,2025-05-29
John West Infusions No Drain Tuna Lemon & Thyme,£1.78,(£2.23/100g),cupboard,canned,2025-05-29
George Home 2.5L Clip Lid Jug,£1.54,(£1.54/each),cupboard,canned,2025-05-29
George Home Medium Glass Jar,£3.50,(£3.50/each),cupboard,canned,2025-05-29
ASDA Skinless & Boneless Sardines in Sunflower Oil,£0.94,(£1.25/100g),cupboard,canned,2025-05-29
Neoflam Food Storer 4.5L,£7.50,(£7.50/each),cupboard,canned,2025-05-29
George Home Peel Lid Food Storer - Colour May Vary,£1.50,(£1.50/each),cupboard,canned,2025-05-29
Sistema Sistema 1.15L Square Klip It Plus,£3.75,(£3.75/each),cupboard,canned,2025-05-29
Sistema Snack Box 3 Pack,£6.00,(£2.00/each),cupboard,canned,2025-05-29
George Home 2.2L Lunch Box,£2.50,(£2.50/each),cupboard,canned,2025-05-29
ASDA Mackerel Fillets in a Fiery Hot and Spicy Sauce 125g,£0.95,(76.0p/100g),cupboard,canned,2025-05-29
Pyrex Glass Dish With Lid,£9.00,(£9.00/each),cupboard,canned,2025-05-29
George Home 1L Plastic Food Storers 3pk,£1.00,(33.3p/each),cupboard,canned,2025-05-29
George Home Marble Plastic Canisters,£6.50,(£2.17/each),cupboard,canned,2025-05-29
George Home Slide and Lock Food Storer 1.5L,£3.00,(£3.00/each),cupboard,canned,2025-05-29
ASDA Skipjack Tuna Steaks in A Litte Brine,£1.20,(£1.09/100g),cupboard,canned,2025-05-29
George Home Canister Set of 3 - Grey,£7.00,(£2.33/each),cupboard,canned,2025-05-29
George Home Mini Food Storers 3 Pack,£2.00,(66.7p/each),cupboard,canned,2025-05-29
ASDA Tuna Mayo Paste 75g,£0.55,(73.3p/100g),cupboard,canned,2025-05-29
John West Herring Fillets in Tomato Sauce,£1.90,(£1.31/100g),cupboard,canned,2025-05-29
ASDA Mackerel Fillets in Sunflower Oil 125g,£0.94,(75.2p/100g),cupboard,canned,2025-05-29
George Home 1L Plastic Food Storers 5 Pack,£3.50,(70.0p/each),cupboard,canned,2025-05-29
John West Skippers Brisling in Tomato Sauce,£1.42,(£1.34/100g),cupboard,canned,2025-05-29
John West Sardines in Spicy Tomato Sauce,£1.22,(£1.02/100g),cupboard,canned,2025-05-29
ASDA Tuna Chunks in Spring Water 3 x 80g (240g),£2.20,(£1.31/100g),cupboard,canned,2025-05-29
John West Mackerel Fillets in Olive Oil,£1.78,(£1.55/100g),cupboard,canned,2025-05-29
George Home Food Storers,£2.96,(98.7p/each),cupboard,canned,2025-05-29
ASDA Extra Special Spring Water & Sea Salt Brisling Sardines 105g,£1.15,(£1.10/100g),cupboard,canned,2025-05-29
John West Mackerel Fillets in Spicy Tomato & Chilli Sauce,£1.78,(£1.55/100g),cupboard,canned,2025-05-29
George Home Premium Rectangular Food Storer,£2.00,(£2.00/each),cupboard,canned,2025-05-29
ASDA Extra Special Cantabrian Anchovy Fillets 50g,£1.38,(£4.60/100g),cupboard,canned,2025-05-29
At Home with Stacey Solomon Clear Glass Canister Small,£4.00,(£4.00/each),cupboard,canned,2025-05-29
John West Boneless Sardines in Tomato Sauce,£1.62,(£1.71/100g),cupboard,canned,2025-05-29
George Home Peel Lid Food Storer with Handle - Colour May Vary,£2.50,(£2.50/each),cupboard,canned,2025-05-29
ASDA Mackerel Fillets in Korma Sauce 125g,£0.95,(76.0p/100g),cupboard,canned,2025-05-29
George Home Ribbed Clip Lid Canister 2L,£3.00,(£3.00/each),cupboard,canned,2025-05-29
George Home Ribbed Clip Lid Canister 500ml,£2.00,(£2.00/each),cupboard,canned,2025-05-29
George Home Lunch Bag Storage Set,£8.00,(£8.00/each),cupboard,canned,2025-05-29
George Home Clip Lid Canister,£2.50,(£2.50/each),cupboard,canned,2025-05-29
,,,cupboard,canned,2025-05-29
,,,cupboard,canned,2025-05-29
,,,cupboard,canned,2025-05-29
,,,cupboard,canned,2025-05-29
,,,cupboard,canned,2025-05-29
,,,cupboard,canned,2025-05-29
George Home 3.6L Clip Lid Food Storer,£2.75,(£2.75/each),cupboard,canned,2025-05-29
ASDA Tuna Steak in Sunflower Oil 198g,£1.43,(96.0p/100g),cupboard,canned,2025-05-29
,,,cupboard,canned,2025-05-29
,,,cupboard,canned,2025-05-29
,,,cupboard,canned,2025-05-29
,,,cupboard,canned,2025-05-29
,,,cupboard,canned,2025-05-29
,,,cupboard,canned,2025-05-29
Heinz Tinned Classic Pizza Sauce Base 400g,£1.66,(41.5p/100g),cupboard,canned,2025-05-29
ASDA Chopped Tomatoes with Garlic in Tomato Juice,£0.87,(£2.17/kg),cupboard,canned,2025-05-29
Napolina Peeled Plum Tomatoes in Rich Tomato Juice,£2.48,(£1.55/kg),cupboard,canned,2025-05-29
Napolina Chopped Tomatoes in Rich Tomato Juice,£2.48,(£1.55/kg),cupboard,canned,2025-05-29
ASDA Chopped Tomatoes 400g,£0.49,(£1.23/kg),cupboard,canned,2025-05-29
ASDA Chopped Tomatoes with Chilli & Peppers 400g,£0.87,(£2.17/kg),cupboard,canned,2025-05-29
ASDA Chopped Tomatoes with Herbs 400g,£0.82,(£2.05/kg),cupboard,canned,2025-05-29
Cook Italian Chopped Tomatoes in a Rich Tomato Juice,£0.65,(£1.62/kg),cupboard,canned,2025-05-29
Napolina Peeled Plum Tomatoes in Rich Tomato Juice,£0.74,(£1.85/kg),cupboard,canned,2025-05-29
Cook Italian Peeled Plum Tomatoes,£0.70,(£1.75/kg),cupboard,canned,2025-05-29
Napolina Chopped Tomatoes in a Rich Tomato Juice,£0.74,(£1.85/kg),cupboard,canned,2025-05-29
Mutti Polpa Finely Chopped Tomatoes,£1.48,(£3.70/kg),cupboard,canned,2025-05-29
Mutti Polpa Finely Chopped Tomatoes,£5.56,(£3.48/kg),cupboard,canned,2025-05-29
Mutti Peeled Tomatoes,£1.28,(£3.20/kg),cupboard,canned,2025-05-29
Heinz Peeled Tinned Tomatoes 400g,£1.25,(£3.12/kg),cupboard,canned,2025-05-29
ASDA Organic Chopped Tomatoes in Concentrated Tomato Juice,£1.33,(33.2p/100g),cupboard,canned,2025-05-29
Napolina Chopped Tomatoes with Garlic,£0.98,(£2.45/kg),cupboard,canned,2025-05-29
KTC Plum Tomatoes in Tomato Juice,£0.44,(£1.10/kg),cupboard,canned,2025-05-29
KTC Chopped Tomatoes in Tomato Juice,£0.44,(£1.10/kg),cupboard,canned,2025-05-29
ASDA Peeled Plum Tomatoes in Tomato Juice 400g,£0.47,(£1.81/kg),cupboard,canned,2025-05-29
Cook Italian Chopped Tomatoes in a Rich Tomato Juice,£2.02,(£1.26/kg),cupboard,canned,2025-05-29
Napolina Chopped Tomatoes in Rich Tomato Juice,£0.58,(£2.56/kg),cupboard,canned,2025-05-29
Heinz Chopped Tomatoes,£2.48,(£1.55/kg),cupboard,canned,2025-05-29
ASDA Chopped Tomatoes in Tomato Juice 4 x 400g,£1.80,(£1.12/kg),cupboard,canned,2025-05-29
,,,cupboard,canned,2025-05-29
,,,cupboard,canned,2025-05-29
,,,cupboard,canned,2025-05-29
,,,cupboard,canned,2025-05-29
,,,cupboard,canned,2025-05-29
,,,cupboard,canned,2025-05-29
Green Giant Original Sweetcorn,£3.34,(£5.06/kg),cupboard,canned,2025-05-29
ASDA Sweetcorn in Water 198g,£0.49,(£3.10/kg),cupboard,canned,2025-05-29
ASDA Garden Peas in Water 290g,£0.55,(£3.14/kg),cupboard,canned,2025-05-29
ASDA Sliced Carrots in Water 300g,£0.50,(£3.12/kg),cupboard,canned,2025-05-29
Batchelors Bigga Marrowfat Peas,£0.62,(£2.07/kg),cupboard,canned,2025-05-29
Batchelors Chip Shop Style Mushy Peas,£0.62,(£2.07/kg),cupboard,canned,2025-05-29
Batchelors Mixed Vegetables in Water,£1.00,(£2.50/kg),cupboard,canned,2025-05-29
ASDA Marrowfat Peas 300g,£0.47,(£2.61/kg),cupboard,canned,2025-05-29
ASDA Whole Button Mushrooms in Water 285g,£1.40,(£4.91/kg),cupboard,canned,2025-05-29
JUST ESSENTIALS by ASDA Mushy Peas,£0.35,(£1.17/kg),cupboard,canned,2025-05-29
JUST ESSENTIALS by ASDA Sliced Carrots,£0.47,(£2.94/kg),cupboard,canned,2025-05-29
ASDA Petits Pois in Water,£0.55,(£3.93/kg),cupboard,canned,2025-05-29
ASDA Mushy Peas 300g,£0.54,(£1.80/kg),cupboard,canned,2025-05-29
ASDA New Potatoes in Water,£0.75,(£4.55/kg),cupboard,canned,2025-05-29
Batchelors Peas & Carrots in Water 400g,£1.00,(£3.55/kg),cupboard,canned,2025-05-29
Batchelors Potatoes in Water 400g,£1.00,(£3.77/kg),cupboard,canned,2025-05-29
ASDA Sweetcorn in Water 326g,£0.80,(£3.08/kg),cupboard,canned,2025-05-29
JUST ESSENTIALS by ASDA Sliced Mushrooms,£0.70,(£4.49/kg),cupboard,canned,2025-05-29
Batchelors Original Mushy Peas,£1.44,(£1.60/kg),cupboard,canned,2025-05-29
Green Giant Original Sweetcorn,£1.00,(£6.06/kg),cupboard,canned,2025-05-29
ASDA Spinach Leaves in Water 380g,£0.85,(£3.21/kg),cupboard,canned,2025-05-29
ASDA Petits Pois in Water,£1.00,(£3.77/kg),cupboard,canned,2025-05-29
Batchelors Original Mushy Peas,£0.62,(£2.07/kg),cupboard,canned,2025-05-29
Farrows Giant Marrowfat Peas in Water,£0.90,(£3.00/kg),cupboard,canned,2025-05-29
Green Giant Salt Free Sweetcorn,£3.34,(£5.06/kg),cupboard,canned,2025-05-29
Green Giant Original Sweetcorn,£3.10,(£3.63/kg),cupboard,canned,2025-05-29
Peppadew Sweet Piquanté Peppers Mild Whole,£2.23,(55.8p/100g),cupboard,canned,2025-05-29
Batchelors Quick Soak Dried Peas,£0.85,(£3.40/kg),cupboard,canned,2025-05-29
Green Giant Original Sweetcorn,£1.25,(£4.39/kg),cupboard,canned,2025-05-29
Merchant Gourmet Porcini Mushrooms Simply Dried,£3.00,(£10.00/100g),cupboard,canned,2025-05-29
Green Giant Salt Free Sweetcorn,£0.98,(£5.94/kg),cupboard,canned,2025-05-29
Bucegi Vegetable 200g,£1.50,(75.0p/100g),cupboard,canned,2025-05-29
Pork Pie & Peas Bundle,£3.02,null,cupboard,canned,2025-05-29
Foresight Pease Pudding,£0.50,(£2.27/kg),cupboard,canned,2025-05-29
Batchelors Bigga Dried Marrowfat Peas,£0.85,(£3.40/kg),cupboard,canned,2025-05-29
JUST ESSENTIALS by ASDA Sweetcorn 326g,£0.57,(£2.19/kg),cupboard,canned,2025-05-29
,,,cupboard,canned,2025-05-29
,,,cupboard,canned,2025-05-29
,,,cupboard,canned,2025-05-29
,,,cupboard,canned,2025-05-29
,,,cupboard,canned,2025-05-29
Knorr Super Chicken Noodle Dry Soup,£1.25,(£2.45/100g),cupboard,canned,2025-05-29
Heinz Cream of Tomato Soup 400g,£1.68,(42.0p/100g),cupboard,canned,2025-05-29
Heinz Cream of Chicken Soup,£1.68,(42.0p/100g),cupboard,canned,2025-05-29
ASDA Hearty Scotch Broth 400g,£0.75,(18.8p/100g),cupboard,canned,2025-05-29
ASDA Cream of Chicken Soup,£0.75,(18.8p/100g),cupboard,canned,2025-05-29
ASDA Hearty Vegetable Soup 400g,£0.75,(18.8p/100g),cupboard,canned,2025-05-29
ASDA Classic Chicken Noodle Soup,£0.75,(18.8p/100g),cupboard,canned,2025-05-29
ASDA Lentil Soup,£0.75,(18.8p/100g),cupboard,canned,2025-05-29
ASDA Cream of Tomato Soup 400g,£0.75,(18.8p/100g),cupboard,canned,2025-05-29
ASDA Cream of Mushroom Soup,£0.75,(18.8p/100g),cupboard,canned,2025-05-29
ASDA Cream of Tomato Soup 400g,£0.75,(18.8p/100g),cupboard,canned,2025-05-29
Heinz Oxtail Soup,£1.68,(42.0p/100g),cupboard,canned,2025-05-29
ASDA Chunky Chicken & Veg Soup 400g,£1.20,(30.0p/100g),cupboard,canned,2025-05-29
ASDA Chunky Beef & Veg Soup 400g,£1.20,(30.0p/100g),cupboard,canned,2025-05-29
Heinz Classic Vegetable Soup,£3.75,(23.4p/100g),cupboard,canned,2025-05-29
Heinz Cream of Tomato Soup,£3.75,(23.4p/100g),cupboard,canned,2025-05-29
ASDA Chunky Vegetable Soup 400g,£1.20,(30.0p/100g),cupboard,canned,2025-05-29
Crosse & Blackwell Winter Vegetable,£1.24,(31.0p/100g),cupboard,canned,2025-05-29
Crosse & Blackwell Roast Chicken & Vegetable,£1.24,(31.0p/100g),cupboard,canned,2025-05-29
Campbell's Condensed Cream of Mushroom Soup,£1.50,(50.8p/100g),cupboard,canned,2025-05-29
Batchelors Cup a Soup Cream of Vegetable with Croutons 4 Instant Soup Sachets,£1.64,(£1.37/100g),cupboard,canned,2025-05-29
Heinz Cream of Tomato Soup 6 x 400g,£5.24,(21.8p/100g),cupboard,canned,2025-05-29
Campbell's Condensed Soup Cream of Chicken 295g,£1.50,(50.8p/100g),cupboard,canned,2025-05-29
Batchelors Cup a Soup Chicken 4 Instant Soup Sachets,£1.64,(£2.02/100g),cupboard,canned,2025-05-29
Batchelors Cup a Soup Chicken & Vegetable with Croutons 4 Instant Soup Sachets,£1.64,(£1.49/100g),cupboard,canned,2025-05-29
Knorr Chicken & Leek Dry Soup,£1.25,(£2.08/100g),cupboard,canned,2025-05-29
Baxters Favourites Chicken Broth,£1.88,(47.0p/100g),cupboard,canned,2025-05-29
Heinz Classic Cream of Tomato Cup Soup,£1.50,(£1.70/100g),cupboard,canned,2025-05-29
Batchelors Cup a Soup Potato & Leek 4 Instant Soup Sachets 107g,£1.64,(£1.53/100g),cupboard,canned,2025-05-29
ASDA Warming Oxtail Soup 400g,£0.75,(18.8p/100g),cupboard,canned,2025-05-29
Heinz Cream of Mushroom Soup,£1.68,(42.0p/100g),cupboard,canned,2025-05-29
Heinz Vegetable Soup,£1.68,(42.0p/100g),cupboard,canned,2025-05-29
ASDA Minestrone Warming Soup 400g,£0.75,(18.8p/100g),cupboard,canned,2025-05-29
Heinz Potato & Leek Soup,£1.68,(42.0p/100g),cupboard,canned,2025-05-29
JUST ESSENTIALS by ASDA Tomato Soup,£0.55,(13.8p/100g),cupboard,canned,2025-05-29
Heinz Mulligatawny Soup,£1.68,(42.0p/100g),cupboard,canned,2025-05-29
Heinz Chicken & Mushroom Soup,£1.68,(42.0p/100g),cupboard,canned,2025-05-29
ASDA Smoky Pea & Ham Soup 400g,£0.75,(18.8p/100g),cupboard,canned,2025-05-29
Heinz Minestrone Soup,£1.68,(42.0p/100g),cupboard,canned,2025-05-29
ASDA Chunky Minted Lamb Soup 400g,£1.10,(27.5p/100g),cupboard,canned,2025-05-29
Heinz Chicken & Vegetable Chunky Big Soup,£2.00,(50.0p/100g),cupboard,canned,2025-05-29
Heinz Lentil Soup,£1.68,(42.0p/100g),cupboard,canned,2025-05-29
Heinz Carrot & Coriander Soup,£1.68,(42.0p/100g),cupboard,canned,2025-05-29
Heinz Beef Broth Soup,£1.68,(42.0p/100g),cupboard,canned,2025-05-29
JUST ESSENTIALS by ASDA Chicken Soup,£0.55,(13.8p/100g),cupboard,canned,2025-05-29
Heinz Scotch Broth Soup 400g,£1.68,(42.0p/100g),cupboard,canned,2025-05-29
Heinz Beef & Vegetable Chunky Big Soup,£2.00,(50.0p/100g),cupboard,canned,2025-05-29
The Health Menu by ASDA Warming Mexican Style Chicken & Bean Soup 400g,£0.75,(18.8p/100g),cupboard,canned,2025-05-29
Heinz Chicken Noodle Soup,£1.68,(42.0p/100g),cupboard,canned,2025-05-29
JUST ESSENTIALS by ASDA Vegetable Soup,£0.55,(13.8p/100g),cupboard,canned,2025-05-29
The Health Menu by ASDA Aromatic Spiced Chickpea & Spinach Soup 400g,£0.75,(18.8p/100g),cupboard,canned,2025-05-29
ASDA Hearty Minestrone with Croutons Soup in a Cup 4x23.5g (94g),£0.70,(74.5p/100g),cupboard,canned,2025-05-29
Crosse & Blackwell Broccoli & Stilton,£1.24,(31.0p/100g),cupboard,canned,2025-05-29
Heinz Lamb & Vegetable Chunky Big Soup,£2.00,(50.0p/100g),cupboard,canned,2025-05-29
ASDA Classic Chicken Mug Soup (4 x 28g) 112g,£0.75,(67.0p/100g),cupboard,canned,2025-05-29
Heinz Lentil & Bacon Soup,£1.68,(42.0p/100g),cupboard,canned,2025-05-29
Heinz Cream of Chicken Soup,£3.00,(18.8p/100g),cupboard,canned,2025-05-29
ASDA Classic Tomato Soup in a Cup 4 x 23g (92g),£0.70,(76.1p/100g),cupboard,canned,2025-05-29
ASDA Golden Vegetable Soup in a Cup with Croutons 4 x 23g (92g),£0.70,(76.1p/100g),cupboard,canned,2025-05-29
Crosse & Blackwell Spicy Parsnip & Carrot,£1.24,(31.0p/100g),cupboard,canned,2025-05-29
,,,cupboard,canned,2025-05-29
,,,cupboard,canned,2025-05-29
,,,cupboard,canned,2025-05-29
,,,cupboard,canned,2025-05-29
,,,cupboard,canned,2025-05-29
,,,cupboard,canned,2025-05-29
Knorr Super Chicken Noodle Dry Soup,£1.25,(£2.45/100g),cupboard,canned,2025-05-29
Heinz Cream of Chicken Soup,£1.68,(42.0p/100g),cupboard,canned,2025-05-29
Heinz Cream of Tomato Soup 400g,£1.68,(42.0p/100g),cupboard,canned,2025-05-29
The Health Menu by ASDA Aromatic Spiced Chickpea & Spinach Soup 400g,£0.75,(18.8p/100g),cupboard,canned,2025-05-29
Heinz Steak and Onion Chunky Big Soup,£2.00,(50.0p/100g),cupboard,canned,2025-05-29
George Home Acacia Lid Jar,£5.00,(£5.00/each),cupboard,canned,2025-05-29
George Home Stacking Canister,£8.00,(£8.00/each),cupboard,canned,2025-05-29
George Home Bon Bon Jar,£3.00,(£3.00/each),cupboard,canned,2025-05-29
Batchelors Cup a Soup Cream of Mushroom 4 Instant Soup Sachets,£1.64,(£1.66/100g),cupboard,canned,2025-05-29
Heinz Chunky Vegetable Big Soup,£2.00,(50.0p/100g),cupboard,canned,2025-05-29
Vifon Golden Chicken Flavour Instant Noodle Soup Mild 70g,£0.68,(£9.71/kg),cupboard,canned,2025-05-29
Batchelors Slim a Soup Creamy Asparagus 4 Sachets 59g,£1.64,(£2.78/100g),cupboard,canned,2025-05-29
George Home 2.2L Clip Lid Food Storer,£2.00,(£2.00/each),cupboard,canned,2025-05-29
George Home Ribbed Clip Lid Canister 1L,£2.50,(£2.50/each),cupboard,canned,2025-05-29
Wham Crystal 11 Litre Box & Lid Clear,£3.00,(£3.00/each),cupboard,canned,2025-05-29
Wham 5.02 Box Green,£4.00,(£4.00/each),cupboard,canned,2025-05-29
George Home Peel Lid Food Storer - Colour May Vary,£2.75,(£2.75/each),cupboard,canned,2025-05-29
"Baxters Super Good Pea, Broccoli and Basil Pesto 400g",£2.20,(55.0p/100g),cupboard,canned,2025-05-29
Crosse & Blackwell Cream of Chicken Condensed Soup 295g,£1.24,(42.0p/100g),cupboard,canned,2025-05-29
Sistema Klip It Plus Rectangular Food Storage 2.2L 3 Pack,£12.00,(£4.00/each),cupboard,canned,2025-05-29
Vifon Mild Chicken Flavour Instant Noodle Soup 65g,£0.64,(£9.14/kg),cupboard,canned,2025-05-29
Heinz Cupboard Fillers,£5.87,null,cupboard,canned,2025-05-29
Curver My Style Cube 25L Grey,£5.00,(£5.00/each),cupboard,canned,2025-05-29
Kucharek Silesian Sour Soup 46g,£0.60,(£1.30/100g),cupboard,canned,2025-05-29
George Home Food Storer with Strainer,£1.50,(£1.50/each),cupboard,canned,2025-05-29
Vifon Broth Flavour Instant Noodle Soup 65g,£0.60,(£9.23/kg),cupboard,canned,2025-05-29
George Home Slide and Lock Food Storer 2L,£3.50,(£3.50/each),cupboard,canned,2025-05-29
George Home Clear Glass Clip Lid Canister,£2.00,(£2.00/each),cupboard,canned,2025-05-29
George Home Acrylic Canister,£3.50,(£3.50/each),cupboard,canned,2025-05-29
Heinz Beef Broth Chunky Big Soup,£2.00,(50.0p/100g),cupboard,canned,2025-05-29
Ainsley Harriott Szechuan Hot & Sour Cup Soup,£0.98,(£1.63/100g),cupboard,canned,2025-05-29
Batchelors Cup a Soup Minestrone with Croutons 4 Instant Soup Sachets,£1.64,(£1.74/100g),cupboard,canned,2025-05-29
Sistema Bento Cube to Go,£7.00,(£7.00/each),cupboard,canned,2025-05-29
Neoflam Food Storer 3.3L,£6.00,(£6.00/each),cupboard,canned,2025-05-29
Batchelors Cup a Soup Tomato Soup 4 Instant Soup Sachets,£1.64,(£1.76/100g),cupboard,canned,2025-05-29
Batchelors Cup a Soup Beef & Tomato 4 Sachets 88g,£1.64,(£1.86/100g),cupboard,canned,2025-05-29
Heinz Plant Based Creamy Vegan Tomato Soup,£1.68,(42.0p/100g),cupboard,canned,2025-05-29
George Home Glass Canister With Wooden Lid 750ml,£2.00,(£2.00/each),cupboard,canned,2025-05-29
Batchelors Cup a Soup Cheese & Broccoli 4 Sachets 92g,£1.64,(£1.78/100g),cupboard,canned,2025-05-29
Heinz Sausage & Vegetable Chunky Big Soup,£2.00,(50.0p/100g),cupboard,canned,2025-05-29
George Home Peel Lid Dry Food Storer - Colour May Vary,£2.50,(£2.50/each),cupboard,canned,2025-05-29
George Home Natural Geometric Storage Basket,£10.00,(£10.00/each),cupboard,canned,2025-05-29
George Home 1L Plastic Food Storers 3pk,£1.00,(33.3p/each),cupboard,canned,2025-05-29
Batchelors Cup a Soup Tomato & Vegetable with Croutons 4 Sachets 104g,£1.64,(£1.58/100g),cupboard,canned,2025-05-29
Heinz Steak & Potato Big Soup,£2.00,(50.0p/100g),cupboard,canned,2025-05-29
Sistema Sistema 1.15L Square Klip It Plus,£3.75,(£3.75/each),cupboard,canned,2025-05-29
Neoflam Food Storer 4.5L,£7.50,(£7.50/each),cupboard,canned,2025-05-29
George Home Peel Lid Food Storer - Colour May Vary,£1.50,(£1.50/each),cupboard,canned,2025-05-29
George Home Ribbed Clip Lid Canister 2L,£3.00,(£3.00/each),cupboard,canned,2025-05-29
George Home Large Black Wire Basket,£4.50,(£4.50/each),cupboard,canned,2025-05-29
George Home Food Storers,£2.47,(61.8p/each),cupboard,canned,2025-05-29
Weight Watchers from Heinz Tomato Soup,£1.40,(47.5p/100g),cupboard,canned,2025-05-29
ASDA Chicken Noodle Soup in a Cup 4 x 13g (52g),£0.75,(£1.44/100g),cupboard,canned,2025-05-29
Naked Noodle Ramen Noodles Chinese Hot & Sour Soup,£0.36,(£14.40/kg),cupboard,canned,2025-05-29
George Home Mini Twist Food Storers 4 Pack,£2.00,(50.0p/each),cupboard,canned,2025-05-29
Vifon Curry Chicken Flavour Instant Noodle Soup Hot 70g,£0.68,(£9.71/kg),cupboard,canned,2025-05-29
George Home Natural Woven Fringed Storage Basket,£10.00,(£10.00/each),cupboard,canned,2025-05-29
George Home Noodle Bowl,£1.04,(£1.04/each),cupboard,canned,2025-05-29
Sistema Multi-Coloured Klip It Food Storer 1 Litre,£3.50,(£3.50/each),cupboard,canned,2025-05-29
Smart Seal Food Storer 2.1L,£4.50,(£4.50/each),cupboard,canned,2025-05-29
,,,cupboard,canned,2025-05-29
,,,cupboard,canned,2025-05-29
,,,cupboard,canned,2025-05-29
,,,cupboard,canned,2025-05-29
,,,cupboard,canned,2025-05-29
,,,cupboard,canned,2025-05-29
Knorr Super Chicken Noodle Dry Soup,£1.25,(£2.45/100g),cupboard,canned,2025-05-29
Heinz Cream of Chicken Soup,£1.68,(42.0p/100g),cupboard,canned,2025-05-29
Heinz Cream of Tomato Soup 400g,£1.68,(42.0p/100g),cupboard,canned,2025-05-29
Disney Mickey Mouse Red Earthenware Cookie Jar,£12.00,(£12.00/each),cupboard,canned,2025-05-29
Batchelors Cup a Soup Golden Vegetable Soup 4 Instant Soup Sachets,£1.64,(£2.00/100g),cupboard,canned,2025-05-29
George Home Cream Bread Bin,£12.00,(£12.00/each),cupboard,canned,2025-05-29
George Home Yellow Lemon-Shaped Sweetie Jar,£6.00,(£6.00/each),cupboard,canned,2025-05-29
Knorr Spring Vegetable Dry Soup,£1.25,(£2.60/100g),cupboard,canned,2025-05-29
Wham 4.02 Box Green,£2.00,(£2.00/each),cupboard,canned,2025-05-29
George Home Wood Top Canister,£2.25,(£2.25/each),cupboard,canned,2025-05-29
Sistema Sistema 1.15L Square Klip It Plus 3 Pack,£10.00,(£3.33/each),cupboard,canned,2025-05-29
Sistema Microwaveable Noodle Bowl,£5.50,(£5.50/each),cupboard,canned,2025-05-29
George Home Acacia Lid Spaghetti Canister,£5.00,(£5.00/each),cupboard,canned,2025-05-29
Kucharek Instant Red Borsch 48g,£0.60,(£1.25/100g),cupboard,canned,2025-05-29
Campbell's Condensed Cream of Tomato Soup,£1.50,(50.8p/100g),cupboard,canned,2025-05-29
George Home Round Clip Lid Food Storers,£1.50,(50.0p/each),cupboard,canned,2025-05-29
Heinz No Added Sugar Cream of Tomato Soup,£1.68,(42.0p/100g),cupboard,canned,2025-05-29
Batchelors 4 Cup a Soup Broccoli & Cauliflower 101g,£1.64,(£1.62/100g),cupboard,canned,2025-05-29
Heinz Spring Vegetable Soup,£1.68,(42.0p/100g),cupboard,canned,2025-05-29
Neoflam Food Storer 3.6L,£6.50,(£6.50/each),cupboard,canned,2025-05-29
Batchelors Slim a Soup Minestrone with Croutons 4 Sachets 61g,£1.64,(£2.69/100g),cupboard,canned,2025-05-29
George Home 8 Piece Clip-Lid Food Storage Set,£6.00,(75.0p/each),cupboard,canned,2025-05-29
Sistema Klip it Food Storer,£5.00,(£5.00/each),cupboard,canned,2025-05-29
George Home Grey Workstop Storage Canisters,£6.00,(£2.00/each),cupboard,canned,2025-05-29
George Home Canister Set,£20.00,(£20.00/each),cupboard,canned,2025-05-29
George Home Cereal Food Storer,£2.75,(£2.75/each),cupboard,canned,2025-05-29
George Home 3 Nested Food Storers,£5.00,(£1.67/each),cupboard,canned,2025-05-29
Wham Crystal 2.6L Box & Lid Clear,£1.50,(£1.50/each),cupboard,canned,2025-05-29
George Home Spice Jar,£1.00,(£1.00/each),cupboard,canned,2025-05-29
George Home Bag Clips,£2.00,(£2.00/each),cupboard,canned,2025-05-29
George Home Natural Rattan Storage Tray,£10.00,(£3.33/each),cupboard,canned,2025-05-29
Heinz Classic Minestrone Cup Soup with Croutons,£1.50,(£2.08/100g),cupboard,canned,2025-05-29
George Home Clip Lid Food Storer 900ml,£1.00,(£1.00/each),cupboard,canned,2025-05-29
Neoflam Food Storer 1.35L,£3.75,(£3.75/each),cupboard,canned,2025-05-29
George Home Spice Rack,£10.00,(£10.00/each),cupboard,canned,2025-05-29
Heinz Cream of Tomato & Basil Soup 400g,£1.68,(42.0p/100g),cupboard,canned,2025-05-29
Smart Seal Food Storer 2.7L Tall,£5.00,(£5.00/each),cupboard,canned,2025-05-29
Crosse & Blackwell Cream of Roast Chicken 400g,£1.24,(31.0p/100g),cupboard,canned,2025-05-29
George Home Peel Lid Food Storer Set - Colour May Vary,£7.00,(£7.00/each),cupboard,canned,2025-05-29
George Home 7 Pack Nested Food Storers,£5.00,(71.4p/each),cupboard,canned,2025-05-29
Batchelors Cup a Soup Chicken & Leek 4 Sachets 86g,£1.64,(£1.91/100g),cupboard,canned,2025-05-29
George Home Glass Storage Jar with Screw Lid,£2.00,(£2.00/each),cupboard,canned,2025-05-29
Sistema Klip It Plus Rectangular Food Storage Essentials 6 Pack,£15.00,(£2.50/each),cupboard,canned,2025-05-29
Crosse & Blackwell Cream of Tomato Condensed Soup 295g,£1.24,(42.0p/100g),cupboard,canned,2025-05-29
George Home Peel Lid Food Storers - Colour May Vary,£1.00,(50.0p/each),cupboard,canned,2025-05-29
Heinz Sausage & Vegetable Chunky Big Soup,£2.00,(50.0p/100g),cupboard,canned,2025-05-29
Disney Disney Stitch Pink Sweetie Jar,£6.98,(£6.98/each),cupboard,canned,2025-05-29
Batchelors Cup a Soup Cheese & Broccoli 4 Sachets 92g,£1.64,(£1.78/100g),cupboard,canned,2025-05-29
Heinz Plant Based Creamy Vegan Tomato Soup,£1.68,(42.0p/100g),cupboard,canned,2025-05-29
Batchelors Cup a Soup Tomato Soup 4 Instant Soup Sachets,£1.64,(£1.76/100g),cupboard,canned,2025-05-29
Sistema Bento Cube to Go,£7.00,(£7.00/each),cupboard,canned,2025-05-29
George Home Glass Canister With Wooden Lid 750ml,£2.00,(£2.00/each),cupboard,canned,2025-05-29
At Home with Stacey Solomon Clear Glass Canister Medium,£5.50,(£5.50/each),cupboard,canned,2025-05-29
George Home Slide and Lock Food Storer 1.5L,£3.00,(£3.00/each),cupboard,canned,2025-05-29
Pyrex Glass Dish With Lid,£9.00,(£9.00/each),cupboard,canned,2025-05-29
George Home 1L Plastic Food Storers 3pk,£1.00,(33.3p/each),cupboard,canned,2025-05-29
George Home Marble Plastic Canisters,£6.50,(£2.17/each),cupboard,canned,2025-05-29
Heinz No Added Sugar Cream of Tomato Soup,£3.75,(23.4p/100g),cupboard,canned,2025-05-29
George Home Canister Set of 3 - Grey,£7.00,(£2.33/each),cupboard,canned,2025-05-29
George Home Ribbed Clip Lid Canister 2L,£3.00,(£3.00/each),cupboard,canned,2025-05-29
,,,cupboard,canned,2025-05-29
,,,cupboard,canned,2025-05-29
,,,cupboard,canned,2025-05-29
,,,cupboard,canned,2025-05-29
,,,cupboard,canned,2025-05-29
,,,cupboard,canned,2025-05-29
Knorr Super Chicken Noodle Dry Soup,£1.25,(£2.45/100g),cupboard,canned,2025-05-29
Heinz Cream of Chicken Soup,£1.68,(42.0p/100g),cupboard,canned,2025-05-29
Heinz Cream of Tomato Soup 400g,£1.68,(42.0p/100g),cupboard,canned,2025-05-29
George Home Canister Set of 3 - Grey,£7.00,(£2.33/each),cupboard,canned,2025-05-29
George Home 2.2L Lunch Box,£2.50,(£2.50/each),cupboard,canned,2025-05-29
George Home Premium Rectangular Food Storers,£6.00,(£1.50/each),cupboard,canned,2025-05-29
George Home 450ml Clip Lid Food Storers,£1.25,(62.5p/each),cupboard,canned,2025-05-29
Sistema Klip It Food Storer,£2.00,(£2.00/each),cupboard,canned,2025-05-29
Baxters Super Good Mexican Chicken & Lime 400g,£2.20,(55.0p/100g),cupboard,canned,2025-05-29
Naked Soup Thai Style Chilli Chicken,£0.36,(£14.40/kg),cupboard,canned,2025-05-29
George Home Glass Worktop Storage Jar,£2.00,(£2.00/each),cupboard,canned,2025-05-29
George Home Mini Twist Food Storers 4 Pack,£2.00,(50.0p/each),cupboard,canned,2025-05-29
Smart Seal Food Storer 2.1L,£4.50,(£4.50/each),cupboard,canned,2025-05-29
George Home 1L Plastic Food Storers 5 Pack,£3.50,(70.0p/each),cupboard,canned,2025-05-29
George Home Large Black Wire Basket,£4.50,(£4.50/each),cupboard,canned,2025-05-29
George Home Noodle Bowl,£1.04,(£1.04/each),cupboard,canned,2025-05-29
George Home Natural Woven Fringed Storage Basket,£10.00,(£10.00/each),cupboard,canned,2025-05-29
Vifon Curry Chicken Flavour Instant Noodle Soup Hot 70g,£0.68,(£9.71/kg),cupboard,canned,2025-05-29
George Home Screw Lid Canister,£2.00,(£2.00/each),cupboard,canned,2025-05-29
Baxters Favourites Pea & Ham Soup,£1.88,(47.0p/100g),cupboard,canned,2025-05-29
Batchelors Slim a Soup Creamy Vegetable 4 Sachets 59g,£1.64,(£2.78/100g),cupboard,canned,2025-05-29
George Home Mini Food Storers,£2.00,(50.0p/each),cupboard,canned,2025-05-29
George Home 1.3L Clip Lid Food Storer,£1.25,(£1.25/each),cupboard,canned,2025-05-29
Batchelors Cup A Soup Cream of Asparagus 4 Instant Soup Sachets,£1.64,(£1.40/100g),cupboard,canned,2025-05-29
Disney Mickey Mouse Red Earthenware Cookie Jar,£12.00,(£12.00/each),cupboard,canned,2025-05-29
George Home Clip Lid Food Storer with Scoop,£3.75,(£3.75/each),cupboard,canned,2025-05-29
Wham Crystal 25L Box & Lid Clear,£4.00,(£4.00/each),cupboard,canned,2025-05-29
George Home 10L Food Container with Handle,£3.00,(£3.00/each),cupboard,canned,2025-05-29
George Home Food Storers,£7.00,(33.3p/each),cupboard,canned,2025-05-29
Baxters Super Good Root Vegetable and Turmeric 400g,£2.20,(55.0p/100g),cupboard,canned,2025-05-29
Heinz Chicken Broth 400g,£1.68,(42.0p/100g),cupboard,canned,2025-05-29
The Health Menu by ASDA Tomato & Three Bean Soup 400g,£0.75,(18.8p/100g),cupboard,canned,2025-05-29
George Home Small Black Wire Basket,£2.75,(£2.75/each),cupboard,canned,2025-05-29
George Home Soup Mug,£0.98,(98.0p/each),cupboard,canned,2025-05-29
Crosse & Blackwell Cream of Roasted Mushroom 400g,£1.24,(31.0p/100g),cupboard,canned,2025-05-29
George Home 3 Piece Rectangular Food Storage Set,£4.50,(£1.50/each),cupboard,canned,2025-05-29
Crosse & Blackwell Cream of Mushroom Condensed Soup 295g,£1.24,(42.0p/100g),cupboard,canned,2025-05-29
ASDA Olive Oil & Sea Salt Croutons 100g,£1.10,(£1.10/100g),cupboard,canned,2025-05-29
George Home Stainless Steel Food Flask,£6.00,(£6.00/each),cupboard,canned,2025-05-29
George Home Food Storers,£1.00,(50.0p/each),cupboard,canned,2025-05-29
George Home Clear Glass Clip Lid Canister,£1.50,(£1.50/each),cupboard,canned,2025-05-29
Pyrex Glass Dish With Lid,£6.50,(£6.50/each),cupboard,canned,2025-05-29
George Home 3 Piece Square Food Storage Set,£3.00,(£1.00/each),cupboard,canned,2025-05-29
George Home Honeycomb Bee Canister,£3.50,(£3.50/each),cupboard,canned,2025-05-29
George Home Acacia Lid Jar 400ml,£2.75,(£2.75/each),cupboard,canned,2025-05-29
George Home Screw Lid Canister,£1.50,(£1.50/each),cupboard,canned,2025-05-29
Really Useful Boxes Small 3L Storage Box,£4.00,(£4.00/each),cupboard,canned,2025-05-29
George Home 600ml Plastic Food Storers 16pk,£3.00,(18.8p/each),cupboard,canned,2025-05-29
Sistema Multi-Coloured Klip it Food Storer,£8.00,(£8.00/each),cupboard,canned,2025-05-29
Heinz French Onion Soup 400g,£1.68,(42.0p/100g),cupboard,canned,2025-05-29
Neoflam Food Storer 2.7L Wide,£5.00,(£5.00/each),cupboard,canned,2025-05-29
George Home Glass Canister With Wooden Lid,£3.00,(£3.00/each),cupboard,canned,2025-05-29
At Home with Stacey Solomon Clear Glass Canister Medium,£5.50,(£5.50/each),cupboard,canned,2025-05-29
Baxters Favourites Cream of Tomato,£1.88,(47.0p/100g),cupboard,canned,2025-05-29
Ainsley Harriott Broccoli & Stilton Cup Soup,£0.98,(£1.36/100g),cupboard,canned,2025-05-29
Heinz Classic Cream of Tomato Cup Soup with a Hint of Basil,£1.50,(£1.70/100g),cupboard,canned,2025-05-29
George Home Ribbed Clip Lid Canister 2L,£3.00,(£3.00/each),cupboard,canned,2025-05-29
George Home Ribbed Clip Lid Canister 500ml,£2.00,(£2.00/each),cupboard,canned,2025-05-29
Baxters Favourites Minestrone Soup,£1.88,(47.0p/100g),cupboard,canned,2025-05-29
Neoflam Food Storer 4.5L,£7.50,(£7.50/each),cupboard,canned,2025-05-29
,,,cupboard,canned,2025-05-29
,,,cupboard,canned,2025-05-29
,,,cupboard,canned,2025-05-29
,,,cupboard,canned,2025-05-29
,,,cupboard,canned,2025-05-29
,,,cupboard,canned,2025-05-29
Knorr Super Chicken Noodle Dry Soup,£1.25,(£2.45/100g),cupboard,canned,2025-05-29
Heinz Cream of Chicken Soup,£1.68,(42.0p/100g),cupboard,canned,2025-05-29
Heinz Cream of Tomato Soup 400g,£1.68,(42.0p/100g),cupboard,canned,2025-05-29
ASDA Classic Mushroom Flavour Soup in a Cup 4 x 20g (80g),£0.70,(87.5p/100g),cupboard,canned,2025-05-29
Batchelors Cup a Soup Chicken Noodle 4 Sachets 94g,£1.64,(£1.74/100g),cupboard,canned,2025-05-29
Batchelors Cup a Soup Tomato & Vegetable with Croutons 4 Sachets 104g,£1.64,(£1.58/100g),cupboard,canned,2025-05-29
Heinz Steak & Potato Big Soup,£2.00,(50.0p/100g),cupboard,canned,2025-05-29
Sistema Sistema 1.15L Square Klip It Plus,£3.75,(£3.75/each),cupboard,canned,2025-05-29
George Home Peel Lid Food Storer - Colour May Vary,£1.50,(£1.50/each),cupboard,canned,2025-05-29
Sistema Snack Box 3 Pack,£6.00,(£2.00/each),cupboard,canned,2025-05-29
Neoflam Food Storer 4.5L,£7.50,(£7.50/each),cupboard,canned,2025-05-29
George Home Medium Glass Jar,£3.50,(£3.50/each),cupboard,canned,2025-05-29
Crosse & Blackwell Cream of Tomato 400g,£1.24,(31.0p/100g),cupboard,canned,2025-05-29
Batchelors Cup a Soup Oxtail Soup 4 Instant Soup Sachets,£1.64,(£2.10/100g),cupboard,canned,2025-05-29
George Home Premium Rectangular Food Storer,£2.00,(£2.00/each),cupboard,canned,2025-05-29
George Home Food Storers,£2.96,(98.7p/each),cupboard,canned,2025-05-29
George Home Lunch Bag Storage Set,£8.00,(£8.00/each),cupboard,canned,2025-05-29
Baxters Favourites Cream of Tomato,£1.88,(47.0p/100g),cupboard,canned,2025-05-29
George Home 3.6L Clip Lid Food Storer,£2.75,(£2.75/each),cupboard,canned,2025-05-29
,,,cupboard,canned,2025-05-29
,,,cupboard,canned,2025-05-29
,,,cupboard,canned,2025-05-29
,,,cupboard,canned,2025-05-29
,,,cupboard,canned,2025-05-29
,,,cupboard,canned,2025-05-29
Heinz Passata with Basil,£1.66,(£3.32/kg),cupboard,canned,2025-05-29
Cook Italian Tomato Purée,£0.75,(£5.36/kg),cupboard,canned,2025-05-29
Napolina Double Concentrate Tomato Purée,£1.20,(£6.00/kg),cupboard,canned,2025-05-29
ASDA Organic Tomato Purée Double Concentrate,£1.20,(60.0p/100g),cupboard,canned,2025-05-29
Mutti Double Concentrate Tomato Puree,£1.26,(£9.69/kg),cupboard,canned,2025-05-29
ASDA Passata 500g,£0.55,(£1.10/kg),cupboard,canned,2025-05-29
ASDA Tomato Passata with Garlic,£1.08,(£2.16/kg),cupboard,canned,2025-05-29
Napolina Tomato Passata,£0.94,(£1.88/kg),cupboard,canned,2025-05-29
Napolina Tomato Passata,£1.38,(£2.00/kg),cupboard,canned,2025-05-29
ASDA Tomato Passata with Basil,£1.04,(£2.08/kg),cupboard,canned,2025-05-29
Heinz Classic Passata,£1.66,(£3.32/kg),cupboard,canned,2025-05-29
ASDA Tomato Passata with Chilli & Peppers,£1.04,(£2.08/kg),cupboard,canned,2025-05-29
ASDA Tomato & Basil Pizza Sauce Topper,£2.30,(92.0p/100g),cupboard,canned,2025-05-29
Mutti Parma Passata,£1.98,(49.5p/100g),cupboard,canned,2025-05-29
Bodrum Tomato Paste,£2.58,(36.9p/100g),cupboard,canned,2025-05-29
ASDA Extra Special Sun-Dried Tomato & Basil Passata,£1.30,(£3.02/kg),cupboard,canned,2025-05-29
ASDA Extra Special Sweet Peppers & Red Chilli Passata,£1.30,(£3.02/kg),cupboard,canned,2025-05-29
ASDA Organic Passata,£1.80,(26.5p/100g),cupboard,canned,2025-05-29
ASDA Extra Special Roasted Garlic & Herb Passata,£1.30,(£3.02/kg),cupboard,canned,2025-05-29
ASDA Tomato Purée Double Concentrate 200g,£0.72,(36.0p/100g),cupboard,canned,2025-05-29
,,,cupboard,canned,2025-05-29
,,,cupboard,canned,2025-05-29
,,,cupboard,canned,2025-05-29
,,,cupboard,canned,2025-05-29
,,,cupboard,canned,2025-05-29
,,,cupboard,canned,2025-05-29
ASDA Peach Slices in Fruit Juice 213g,£0.70,(56.0p/100g),cupboard,canned,2025-05-29
ASDA Peach Slices in Fruit Juice 411g,£1.10,(44.0p/100g),cupboard,canned,2025-05-29
Del Monte Fruit Cocktail in Light Syrup,£1.08,(£4.32/kg),cupboard,canned,2025-05-29
ASDA Pineapple Slices in Fruit Juice 432g,£1.10,(£4.23/kg),cupboard,canned,2025-05-29
Del Monte Pear Halves in Juice,£1.08,(£4.70/kg),cupboard,canned,2025-05-29
ASDA Pineapple Chunks in Fruit Juice 432g,£1.10,(£4.23/kg),cupboard,canned,2025-05-29
Del Monte Peach Slices in Juice,£1.08,(£4.32/kg),cupboard,canned,2025-05-29
ASDA Pear Halves in Fruit Juice 410g,£1.10,(45.8p/100g),cupboard,canned,2025-05-29
Del Monte Mango Slices in Light Syrup,£1.08,(£4.70/kg),cupboard,canned,2025-05-29
Princes Pineapple Slices in Juice 227g,£0.98,(43.2p/100g),cupboard,canned,2025-05-29
Del Monte Peach Slices in Light Syrup,£1.08,(£4.32/kg),cupboard,canned,2025-05-29
ASDA Black Cherries in Light Syrup 425g,£1.20,(£4.62/kg),cupboard,canned,2025-05-29
ASDA Apple Slices 385g,£1.10,(£2.86/kg),cupboard,canned,2025-05-29
Del Monte Prunes in Juice,£1.08,(£4.60/kg),cupboard,canned,2025-05-29
Del Monte Mandarin Segments in Juice,£1.08,(£6.17/kg),cupboard,canned,2025-05-29
Del Monte Peach Slices in Light Syrup,£1.00,(£7.14/kg),cupboard,canned,2025-05-29
Dole Tropical Gold Premium Pineapple in Pineapple Juice 432g,£1.25,(46.0p/100g),cupboard,canned,2025-05-29
Del Monte Pear Halves in Light Syrup,£1.08,(£4.70/kg),cupboard,canned,2025-05-29
Princes Rhubarb in Light Syrup,£1.60,(65.3p/100g),cupboard,canned,2025-05-29
Dole Tropical Gold Premium Pineapple in Pineapple Juice 432g,£1.25,(46.0p/100g),cupboard,canned,2025-05-29
Del Monte Peach Halves in Juice,£1.08,(£4.32/kg),cupboard,canned,2025-05-29
ASDA Mandarin Segment in Mandarin Juice 298g,£0.80,(45.7p/100g),cupboard,canned,2025-05-29
Del Monte Fruit Cocktail in Juice,£1.08,(£4.32/kg),cupboard,canned,2025-05-29
ASDA Raspberries in Light Syrup 300g,£1.50,(£13.64/kg),cupboard,canned,2025-05-29
Princes Fruit Filling Apple,£1.68,(£4.25/kg),cupboard,canned,2025-05-29
Nature's Finest Peach in Juice 700g,£3.18,(45.4p/100g),cupboard,canned,2025-05-29
Princes Fillings & Toppings Black Cherry 410g,£1.80,(43.9p/100g),cupboard,canned,2025-05-29
Nature's Finest Mandarin in Juice 700g,£3.18,(45.4p/100g),cupboard,canned,2025-05-29
Tropical Sun Young Green Jackfruit in Water,£1.50,(£3.75/kg),cupboard,canned,2025-05-29
Princes Apple Slices 385g,£1.60,(41.6p/100g),cupboard,canned,2025-05-29
Aroy-D Coconut Milk,£1.55,(£3.88/lt),cupboard,canned,2025-05-29
Opies Lemon Slices 350g,£1.95,(£1.15/100g),cupboard,canned,2025-05-29
Princes Fillings & Toppings Summer Fruits 410g,£1.80,(43.9p/100g),cupboard,canned,2025-05-29
Opies Stem Ginger in Syrup,£2.60,(£9.29/kg),cupboard,canned,2025-05-29
Opies Cocktail Cherries Maraschino Flavour,£2.10,(£1.68/100g),cupboard,canned,2025-05-29
Nature's Finest Pitted Prunes in Juice 700g,£3.20,(45.7p/100g),cupboard,canned,2025-05-29
,,,cupboard,canned,2025-05-29
,,,cupboard,canned,2025-05-29
,,,cupboard,canned,2025-05-29
,,,cupboard,canned,2025-05-29
,,,cupboard,canned,2025-05-29
,,,cupboard,canned,2025-05-29
Dolmio Pronto Pasta Twists,£1.77,(£8.85/kg),cupboard,carbs,2025-05-29
Dolmio Pasta Pronto With Tomato and Basil,£1.77,(£8.85/kg),cupboard,carbs,2025-05-29
Dolmio Pasta Pronto with Tomato and Chilli,£1.77,(£8.85/kg),cupboard,carbs,2025-05-29
ASDA Asda Fusilli 500g,£0.75,(£1.50/kg),cupboard,carbs,2025-05-29
ASDA Penne 1kg,£1.29,(£1.29/kg),cupboard,carbs,2025-05-29
ASDA Linguine,£0.75,(£1.50/kg),cupboard,carbs,2025-05-29
ASDA Spaghetti 500g,£0.75,(£1.50/kg),cupboard,carbs,2025-05-29
ASDA Fusilli 1kg,£1.29,(£1.29/kg),cupboard,carbs,2025-05-29
ASDA Conchiglie 500g,£0.75,(£1.50/kg),cupboard,carbs,2025-05-29
ASDA Penne 500g,£0.75,(£1.50/kg),cupboard,carbs,2025-05-29
ASDA Fusilli 3kg,£3.80,(£1.27/kg),cupboard,carbs,2025-05-29
ASDA Penne 3kg,£4.03,(£1.34/kg),cupboard,carbs,2025-05-29
ASDA Macaroni 500g,£0.75,(£1.50/kg),cupboard,carbs,2025-05-29
Napolina Spaghetti,£2.25,(£2.25/kg),cupboard,carbs,2025-05-29
ASDA Rigatoni 500g,£0.75,(£1.50/kg),cupboard,carbs,2025-05-29
ASDA Tagliatelle,£0.75,(£1.50/kg),cupboard,carbs,2025-05-29
ASDA Spirali 500g,£0.75,(£1.50/kg),cupboard,carbs,2025-05-29
ASDA Tricolore Fusilli 500g,£0.75,(£1.50/kg),cupboard,carbs,2025-05-29
ASDA Farfalle 500g,£0.75,(£1.50/kg),cupboard,carbs,2025-05-29
ASDA Wholewheat Fusilli 500g,£0.75,(£1.50/kg),cupboard,carbs,2025-05-29
JUST ESSENTIALS by ASDA Lasagne Sheets,£0.64,(£1.71/kg),cupboard,carbs,2025-05-29
ASDA Wholewheat Spaghetti 500g,£0.75,(£1.50/kg),cupboard,carbs,2025-05-29
ASDA Orzo 500g,£1.00,(£2.00/kg),cupboard,carbs,2025-05-29
ASDA Wholewheat Penne 500g,£0.75,(£1.50/kg),cupboard,carbs,2025-05-29
ASDA Egg Lasagne Sheets,£0.80,(£2.13/kg),cupboard,carbs,2025-05-29
Pastificio Liguori Mezzi Rigatoni No.38 500g,£1.48,(£2.96/kg),cupboard,carbs,2025-05-29
Napolina Spaghetti,£1.08,(£2.16/kg),cupboard,carbs,2025-05-29
ASDA Mushroom & Garlic Micro Pasta 200g,£1.25,(£6.25/kg),cupboard,carbs,2025-05-29
ASDA Tomato & Chorizo Micro Pasta,£1.25,(£6.25/kg),cupboard,carbs,2025-05-29
Napolina Fusilli,£1.08,(£2.16/kg),cupboard,carbs,2025-05-29
ASDA Gnocchi Pasta,£1.95,(£3.90/kg),cupboard,carbs,2025-05-29
Napolina Macaroni 500g,£1.08,(£2.16/kg),cupboard,carbs,2025-05-29
Napolina Rigatoni,£1.08,(£2.16/kg),cupboard,carbs,2025-05-29
ASDA Tomato & Basil Micro Pasta,£1.25,(£6.25/kg),cupboard,carbs,2025-05-29
Pastificio Liguori Fusilli No.31 500g,£1.48,(£2.96/kg),cupboard,carbs,2025-05-29
Barilla Spaghetti n.5,£1.08,(£2.16/kg),cupboard,carbs,2025-05-29
Ben's Original Favourites Tomato & Italian Style Herbs Risotto 250g,£2.48,(£9.92/kg),cupboard,carbs,2025-05-29
Napolina Penne,£1.08,(£2.16/kg),cupboard,carbs,2025-05-29
ASDA Organic Penne 500g,£1.20,(£2.40/kg),cupboard,carbs,2025-05-29
Pastificio Liguori Orecchiette No.121 500g,£1.48,(£2.96/kg),cupboard,carbs,2025-05-29
La Gnoccheria Gluten Free Potato Gnocchi,£1.28,(£5.12/kg),cupboard,carbs,2025-05-29
Batchelors Pasta 'n' Sauce Carbonara 200g,£1.48,(£7.40/kg),cupboard,carbs,2025-05-29
ASDA Extra Special Traditional Fusilli,£1.74,(£3.48/kg),cupboard,carbs,2025-05-29
ASDA Extra Special Traditional Spaghetti,£1.74,(£3.48/kg),cupboard,carbs,2025-05-29
Pastificio Liguori Casarecce No.27 500g,£1.48,(£2.96/kg),cupboard,carbs,2025-05-29
George Home Clear Glass Clip Lid Canister,£2.00,(£2.00/each),cupboard,carbs,2025-05-29
Dolmio Classics Fusilli Carbonara 250g,£2.48,(£9.92/kg),cupboard,carbs,2025-05-29
Loyd Grossman Lean Turkey Lasagne Meal for 4-6,£11.32,null,cupboard,carbs,2025-05-29
Pastificio Liguori Bucatini No.6 500g,£1.48,(£2.96/kg),cupboard,carbs,2025-05-29
Barilla Linguine 500g,£1.08,(£2.16/kg),cupboard,carbs,2025-05-29
Barilla Collezione Lasagne,£1.37,(£2.74/kg),cupboard,carbs,2025-05-29
Free From by Asda Penne,£1.00,(£2.00/kg),cupboard,carbs,2025-05-29
Barilla Fusilli,£1.08,(£2.16/kg),cupboard,carbs,2025-05-29
Batchelors Tomato & Basil Pasta 'n' Sauce 200g,£1.48,(£7.40/kg),cupboard,carbs,2025-05-29
ASDA Green Pesto Micro Pasta 200g,£1.25,(£6.25/kg),cupboard,carbs,2025-05-29
ASDA Free From Lasagne Sheets,£1.25,(£5.00/kg),cupboard,carbs,2025-05-29
ASDA Organic Wholewheat Fusilli 500g,£1.20,(£2.40/kg),cupboard,carbs,2025-05-29
ASDA Extra Special Traditional Pennoni Rigati,£1.74,(£3.48/kg),cupboard,carbs,2025-05-29
Dolmio Original Sauce for Bolognese 675g,£3.00,(44.4p/100g),cupboard,carbs,2025-05-29
Dolmio Original Sauce for Bolognese 450g,£1.88,(41.8p/100g),cupboard,carbs,2025-05-29
Dolmio Tomato & Basil Sauce for Meatballs 450g,£1.88,(41.8p/100g),cupboard,carbs,2025-05-29
Dolmio Smooth Tomato Sauce for Bolognese 450g,£1.88,(41.8p/100g),cupboard,carbs,2025-05-29
Dolmio Smooth Tomato Sauce for Bolognese 675g,£3.00,(44.4p/100g),cupboard,carbs,2025-05-29
Dolmio Tomato Sauce for Lasagne 450g,£1.88,(41.8p/100g),cupboard,carbs,2025-05-29
Dolmio Sauce for Lasagne Light Creamy 440g,£1.88,(42.7p/100g),cupboard,carbs,2025-05-29
Dolmio Creamy Sauce for Lasagne 440g,£1.88,(42.7p/100g),cupboard,carbs,2025-05-29
Dolmio Tomato Sauce for Lasagne 675g,£3.00,(44.4p/100g),cupboard,carbs,2025-05-29
Dolmio Sauce for Pasta Bake Tomato & Cheese 450g,£1.88,(41.8p/100g),cupboard,carbs,2025-05-29
Dolmio Creamy Sauce for Lasagne 655g,£3.00,(45.8p/100g),cupboard,carbs,2025-05-29
Dolmio Sauce for Pasta Bake Creamy Tomato 450g,£1.88,(41.8p/100g),cupboard,carbs,2025-05-29
Dolmio Sauce for Pasta Bake Carbonara 430g,£1.88,(43.7p/100g),cupboard,carbs,2025-05-29
Dolmio Sauce for Bolognese Spicy Chilli 450g,£1.88,(41.8p/100g),cupboard,carbs,2025-05-29
Dolmio Bolognese Onion & Garlic Sauce for Bolognese 450g,£1.88,(41.8p/100g),cupboard,carbs,2025-05-29
Dolmio Low Fat Sauce for Bolognese 450g,£1.88,(41.8p/100g),cupboard,carbs,2025-05-29
Dolmio Chunky Mushroom Sauce for Bolognese 675g,£3.00,(44.4p/100g),cupboard,carbs,2025-05-29
Dolmio Onion & Garlic Sauce for Bolognese 675g,£3.00,(44.4p/100g),cupboard,carbs,2025-05-29
Napolina Penne,£1.08,(£2.16/kg),cupboard,carbs,2025-05-29
La Gnoccheria Gluten Free Potato Gnocchi,£1.28,(£5.12/kg),cupboard,carbs,2025-05-29
Napolina Rigatoni,£1.08,(£2.16/kg),cupboard,carbs,2025-05-29
Napolina Spaghetti,£1.08,(£2.16/kg),cupboard,carbs,2025-05-29
Napolina Conchiglie,£1.08,(£2.16/kg),cupboard,carbs,2025-05-29
Napolina Macaroni 500g,£1.08,(£2.16/kg),cupboard,carbs,2025-05-29
Dolmio Pronto Pasta Twists,£1.77,(£8.85/kg),cupboard,carbs,2025-05-29
Dolmio Pasta Pronto with Tomato and Chilli,£1.77,(£8.85/kg),cupboard,carbs,2025-05-29
Dolmio Pasta Pronto With Tomato and Basil,£1.77,(£8.85/kg),cupboard,carbs,2025-05-29
ASDA Green Pesto Micro Pasta 200g,£1.25,(£6.25/kg),cupboard,carbs,2025-05-29
ASDA Organic Wholewheat Fusilli 500g,£1.20,(£2.40/kg),cupboard,carbs,2025-05-29
ASDA Extra Special Traditional Pennoni Rigati,£1.74,(£3.48/kg),cupboard,carbs,2025-05-29
ASDA Free From Lasagne Sheets,£1.25,(£5.00/kg),cupboard,carbs,2025-05-29
Barilla Fusilli,£1.08,(£2.16/kg),cupboard,carbs,2025-05-29
Napolina Conchiglie,£1.08,(£2.16/kg),cupboard,carbs,2025-05-29
Sacla Creamy Pesto Pasta Pot 80g,£1.88,(£2.35/100g),cupboard,carbs,2025-05-29
Meatballs Meal Bundle for 4,£5.97,null,cupboard,carbs,2025-05-29
Napolina Linguine 500g,£1.08,(£2.16/kg),cupboard,carbs,2025-05-29
Napolina Lasagne Pasta,£1.60,(£4.27/kg),cupboard,carbs,2025-05-29
Pastificio Liguori Tofe No.48 500g,£1.48,(£2.96/kg),cupboard,carbs,2025-05-29
Pesto & Spaghetti Bundle,£4.43,null,cupboard,carbs,2025-05-29
ASDA Free From Spaghetti,£1.00,(£2.00/kg),cupboard,carbs,2025-05-29
Sacla Creamy Tomato Pasta Pot 80g,£1.88,(£2.35/100g),cupboard,carbs,2025-05-29
Ben's Plant Powered Bean Chilli Non Carne,£1.87,(£6.56/kg),cupboard,carbs,2025-05-29
Dolmio Original Sauce for Bolognese 675g,£3.00,(44.4p/100g),cupboard,carbs,2025-05-29
Dolmio Original Sauce for Bolognese 450g,£1.88,(41.8p/100g),cupboard,carbs,2025-05-29
Dolmio Tomato & Basil Sauce for Meatballs 450g,£1.88,(41.8p/100g),cupboard,carbs,2025-05-29
Dolmio Smooth Tomato Sauce for Bolognese 450g,£1.88,(41.8p/100g),cupboard,carbs,2025-05-29
Dolmio Smooth Tomato Sauce for Bolognese 675g,£3.00,(44.4p/100g),cupboard,carbs,2025-05-29
Dolmio Tomato Sauce for Lasagne 450g,£1.88,(41.8p/100g),cupboard,carbs,2025-05-29
Dolmio Sauce for Lasagne Light Creamy 440g,£1.88,(42.7p/100g),cupboard,carbs,2025-05-29
Dolmio Creamy Sauce for Lasagne 440g,£1.88,(42.7p/100g),cupboard,carbs,2025-05-29
Dolmio Tomato Sauce for Lasagne 675g,£3.00,(44.4p/100g),cupboard,carbs,2025-05-29
Dolmio Sauce for Pasta Bake Tomato & Cheese 450g,£1.88,(41.8p/100g),cupboard,carbs,2025-05-29
Dolmio Creamy Sauce for Lasagne 655g,£3.00,(45.8p/100g),cupboard,carbs,2025-05-29
Dolmio Sauce for Pasta Bake Creamy Tomato 450g,£1.88,(41.8p/100g),cupboard,carbs,2025-05-29
Dolmio Sauce for Pasta Bake Carbonara 430g,£1.88,(43.7p/100g),cupboard,carbs,2025-05-29
Dolmio Sauce for Bolognese Spicy Chilli 450g,£1.88,(41.8p/100g),cupboard,carbs,2025-05-29
Dolmio Bolognese Onion & Garlic Sauce for Bolognese 450g,£1.88,(41.8p/100g),cupboard,carbs,2025-05-29
Dolmio Low Fat Sauce for Bolognese 450g,£1.88,(41.8p/100g),cupboard,carbs,2025-05-29
Dolmio Chunky Mushroom Sauce for Bolognese 675g,£3.00,(44.4p/100g),cupboard,carbs,2025-05-29
Dolmio Onion & Garlic Sauce for Bolognese 675g,£3.00,(44.4p/100g),cupboard,carbs,2025-05-29
Napolina Penne,£1.08,(£2.16/kg),cupboard,carbs,2025-05-29
La Gnoccheria Gluten Free Potato Gnocchi,£1.28,(£5.12/kg),cupboard,carbs,2025-05-29
Napolina Rigatoni,£1.08,(£2.16/kg),cupboard,carbs,2025-05-29
Napolina Spaghetti,£1.08,(£2.16/kg),cupboard,carbs,2025-05-29
Napolina Conchiglie,£1.08,(£2.16/kg),cupboard,carbs,2025-05-29
Napolina Macaroni 500g,£1.08,(£2.16/kg),cupboard,carbs,2025-05-29
Ben's Original Boil In Bag Long Grain Rice 8 x 62.5g,£3.15,(£6.30/kg),cupboard,carbs,2025-05-29
Ben's Original Long Grain Rice,£5.25,(£5.25/kg),cupboard,carbs,2025-05-29
ASDA 4 Pack Boil in the Bag Basmati Rice,£2.00,(£4.00/kg),cupboard,carbs,2025-05-29
ASDA Brown Basmati Rice,£3.46,(£3.46/kg),cupboard,carbs,2025-05-29
ASDA 4 Pack Boil in the Bag Long Grain Rice,£1.20,(£2.40/kg),cupboard,carbs,2025-05-29
ASDA Long Grain White Rice 1kg,£1.25,(£1.25/kg),cupboard,carbs,2025-05-29
ASDA White Basmati Rice,£1.30,(£2.60/kg),cupboard,carbs,2025-05-29
ASDA Chicken Flavour Savoury Rice 105g,£0.65,(£6.19/kg),cupboard,carbs,2025-05-29
ASDA Golden Vegetable Savoury Rice 105g,£0.70,(£6.67/kg),cupboard,carbs,2025-05-29
ASDA White Basmati Rice,£3.60,(£1.80/kg),cupboard,carbs,2025-05-29
ASDA Medium Egg Noodles 250g,£1.15,(£4.60/kg),cupboard,carbs,2025-05-29
Blue Dragon Medium Egg Noodles 250g,£1.33,(£5.32/kg),cupboard,carbs,2025-05-29
ASDA Long Grain White Rice 500g,£1.06,(£2.12/kg),cupboard,carbs,2025-05-29
ASDA Orzo 500g,£1.00,(£2.00/kg),cupboard,carbs,2025-05-29
ASDA Straight to Wok Noodles 300g,£1.00,(£3.33/kg),cupboard,carbs,2025-05-29
Blue Dragon Blue Dragon Fine Egg Noodles 250g,£1.33,(£5.32/kg),cupboard,carbs,2025-05-29
ASDA Rice Noodles 250g,£1.15,(£4.60/kg),cupboard,carbs,2025-05-29
ASDA Risotto Arborio Rice 500g,£2.40,(£4.80/kg),cupboard,carbs,2025-05-29
Tilda Pure Basmati Rice,£2.88,(£5.76/kg),cupboard,carbs,2025-05-29
Sharwood's Medium Egg Noodles 226g,£1.38,(£6.11/kg),cupboard,carbs,2025-05-29
Veetee Mega Basmati Extra Long Premium Rice 5kg,£13.00,(£2.60/kg),cupboard,carbs,2025-05-29
Laila Ground Rice 1.5kg,£2.49,(£1.66/kg),cupboard,carbs,2025-05-29
ASDA Green Lentils 500g,£2.00,(£4.00/kg),cupboard,carbs,2025-05-29
ASDA Straight to Wok Wholewheat Noodles 300g,£1.15,(£3.83/kg),cupboard,carbs,2025-05-29
Indus Kala Chana Black Chick Peas 1kg,£2.50,(£2.50/kg),cupboard,carbs,2025-05-29
Tilda Boil in Bag Pure Basmati Rice 250g,£1.86,(£7.44/kg),cupboard,carbs,2025-05-29
ASDA Thai Jasmine Rice 500g,£1.76,(£3.52/kg),cupboard,carbs,2025-05-29
Batchelors Super Rice Beef Flavour 90g,£1.00,(£11.11/kg),cupboard,carbs,2025-05-29
ASDA Thai Sticky Rice 500g,£1.50,(£3.00/kg),cupboard,carbs,2025-05-29
ASDA Spanish Paella Rice 500g,£2.40,(£4.80/kg),cupboard,carbs,2025-05-29
Blue Dragon Wholewheat Noodles 250g,£1.33,(£5.32/kg),cupboard,carbs,2025-05-29
Tilda Boil in Bag Easy Long Grain Rice 250g,£1.80,(£7.20/kg),cupboard,carbs,2025-05-29
ASDA Bulgur Wheat 500g,£2.00,(£4.00/kg),cupboard,carbs,2025-05-29
Blue Dragon Black Bean Stir Fry Sauce,£0.83,(69.2p/100g),cupboard,carbs,2025-05-29
Tilda Brown Wholegrain Basmati Rice,£2.88,(£5.76/kg),cupboard,carbs,2025-05-29
ASDA Giant Cous Cous 300g,£1.60,(£5.33/kg),cupboard,carbs,2025-05-29
ASDA Basmati & Wild Rice 500g,£2.40,(£4.80/kg),cupboard,carbs,2025-05-29
Badshah Basmati Rice,£11.98,(£2.40/kg),cupboard,carbs,2025-05-29
Badshah Basmati Rice 2kg,£5.00,(£2.50/kg),cupboard,carbs,2025-05-29
Tropical Sun Pre-Fluffed American Easy Cook Rice,£9.00,(£1.80/kg),cupboard,carbs,2025-05-29
Kohinoor Gold Basmati Rice,£13.50,(£2.70/kg),cupboard,carbs,2025-05-29
Amoy Straight To Wok Singapore Curry Noodles,£2.15,(£7.17/kg),cupboard,carbs,2025-05-29
Trophy Basmati Rice,£12.50,(£2.50/kg),cupboard,carbs,2025-05-29
Laila Kala Chana 2kg,£3.00,(£1.50/kg),cupboard,carbs,2025-05-29
ASDA Broth Mix 500g,£2.00,(£4.00/kg),cupboard,carbs,2025-05-29
Sharwood's Fine Egg Noodles 226g,£1.38,(£6.11/kg),cupboard,carbs,2025-05-29
Tilda Everyday Long Grain Rice,£1.48,(£2.96/kg),cupboard,carbs,2025-05-29
ASDA Long Grain White Rice 4kg,£4.74,(£1.19/kg),cupboard,carbs,2025-05-29
ASDA Quinoa 300g,£2.97,(£9.90/kg),cupboard,carbs,2025-05-29
Blue Dragon Medium Noodles Wok Ready,£1.48,(£4.93/kg),cupboard,carbs,2025-05-29
Tilda Pure Original Basmati Rice 5kg,£11.98,(£2.40/kg),cupboard,carbs,2025-05-29
Blue Dragon Wok Ready Wide Noodles,£1.48,(£4.93/kg),cupboard,carbs,2025-05-29
Salaam Basmati Rice,£6.48,(£1.30/kg),cupboard,carbs,2025-05-29
Ben's Original Boil In Bag Wholegrain Rice,£3.15,(£6.30/kg),cupboard,carbs,2025-05-29
Shahi Finest Long Gran Matured Basmati Rice 5kg,£7.00,(£1.40/kg),cupboard,carbs,2025-05-29
,,,cupboard,carbs,2025-05-29
,,,cupboard,carbs,2025-05-29
,,,cupboard,carbs,2025-05-29
,,,cupboard,carbs,2025-05-29
,,,cupboard,carbs,2025-05-29
Ben's Original Boil In Bag Long Grain Rice 8 x 62.5g,£3.15,(£6.30/kg),cupboard,carbs,2025-05-29
Ben's Original Long Grain Rice,£5.25,(£5.25/kg),cupboard,carbs,2025-05-29
Salaam Basmati Rice,£6.48,(£1.30/kg),cupboard,carbs,2025-05-29
Gallo Traditional Risotto Rice,£2.78,(£5.56/kg),cupboard,carbs,2025-05-29
ASDA Pearl Barley 500g,£1.10,(£2.20/kg),cupboard,carbs,2025-05-29
Ko-Lee King Prawn Tom Yum Flavour Instant Noodles 85g,£0.60,(£7.06/kg),cupboard,carbs,2025-05-29
Shahi Finest Long Gran Matured Basmati Rice 5kg,£7.00,(£1.40/kg),cupboard,carbs,2025-05-29
Laila Black Eye Beans 2kg,£3.99,(£2.00/kg),cupboard,carbs,2025-05-29
Laila Basmati Rice,£11.48,(£2.30/kg),cupboard,carbs,2025-05-29
ASDA Long Grain White Rice 4kg,£4.74,(£1.19/kg),cupboard,carbs,2025-05-29
Kohinoor Gold Basmati Rice,£15.48,(£1.55/kg),cupboard,carbs,2025-05-29
Amoy Straight to Wok Thick Udon Noodles,£2.15,(£7.17/kg),cupboard,carbs,2025-05-29
ASDA Red Lentils 500g,£2.00,(£4.00/kg),cupboard,carbs,2025-05-29
Tilda Fragrant Jasmine Rice,£2.88,(£5.76/kg),cupboard,carbs,2025-05-29
Amoy Straight to Wok Medium Noodles,£2.15,(£7.17/kg),cupboard,carbs,2025-05-29
The Gym Kitchen Barbeque Lentils 250g,£1.48,(£5.92/kg),cupboard,carbs,2025-05-29
ASDA Chickpeas 500g,£2.00,(£4.00/kg),cupboard,carbs,2025-05-29
Laila Whole Moong Beans 500g,£1.50,(£3.00/kg),cupboard,carbs,2025-05-29
Ben's Original Long Grain Rice,£2.65,(£5.30/kg),cupboard,carbs,2025-05-29
ASDA Long Grain Brown Rice 1kg,£2.64,(£2.64/kg),cupboard,carbs,2025-05-29
Tilda Pure Basmati Rice,£31.00,(£3.10/kg),cupboard,carbs,2025-05-29
The Gym Kitchen Piri Piri Grains 250g,£1.48,(£5.92/kg),cupboard,carbs,2025-05-29
Fullgreen Riced Cauliflower & Broccoli 200g,£1.86,(£9.30/kg),cupboard,carbs,2025-05-29
Laila Supreme Extra Long Rice Grains,£13.00,(£2.60/kg),cupboard,carbs,2025-05-29
Laila Mung Daal 500g,£1.39,(£2.78/kg),cupboard,carbs,2025-05-29
Badshah Basmati Rice,£11.98,(£2.40/kg),cupboard,carbs,2025-05-29
Salaam Basmati Rice,£20.00,(£2.00/kg),cupboard,carbs,2025-05-29
Veetee Mega Basmati Extra Long Premium Rice 2kg,£5.70,(£2.85/kg),cupboard,carbs,2025-05-29
Laila Xtra Long Basmati Rice 2kg,£4.98,(£2.49/kg),cupboard,carbs,2025-05-29
Batchelors Super Rice Golden Vegetable Flavour 90g,£1.00,(£11.11/kg),cupboard,carbs,2025-05-29
Tropical Sun Pre-Fluffed American Easy Cook Rice,£16.00,(£1.60/kg),cupboard,carbs,2025-05-29
Laila Basmati Rice 2kg,£4.98,(£2.49/kg),cupboard,carbs,2025-05-29
Apana Liberty Liberty Easy Cook Rice,£14.57,(£1.46/kg),cupboard,carbs,2025-05-29
ASDA Long Grain White Rice 2kg,£2.40,(£1.20/kg),cupboard,carbs,2025-05-29
ASDA Red & White Quinoa 300g,£3.00,(£10.00/kg),cupboard,carbs,2025-05-29
Trophy Basmati Rice 10kg,£12.98,(£1.30/kg),cupboard,carbs,2025-05-29
ASDA Quinoa 300g,£2.97,(£9.90/kg),cupboard,carbs,2025-05-29
Batchelor's Super Noodles Japanese Katsu Curry Flavour 90g,£0.93,(£10.33/kg),cupboard,carbs,2025-05-29
Badshah Badshah Basmati Rice,£21.00,(£2.10/kg),cupboard,carbs,2025-05-29
Nongshim Kimchi Ramyun Noodle Soup,£1.75,(£15.62/kg),cupboard,carbs,2025-05-29
Batchelors Super Rice Chicken Flavour 90g,£1.00,(£11.11/kg),cupboard,carbs,2025-05-29
JUST ESSENTIALS by ASDA Golden Vegetable Savoury Rice,£0.28,(£2.33/kg),cupboard,carbs,2025-05-29
Blue Dragon Black Bean Stir Fry Sauce,£0.83,(69.2p/100g),cupboard,carbs,2025-05-29
Blue Dragon Wholewheat Noodles 250g,£1.33,(£5.32/kg),cupboard,carbs,2025-05-29
Laila Basmati Rice,£12.48,(£1.25/kg),cupboard,carbs,2025-05-29
Blue Dragon Blue Dragon Fine Egg Noodles 250g,£1.33,(£5.32/kg),cupboard,carbs,2025-05-29
Blue Dragon Wok Ready Wide Noodles,£1.48,(£4.93/kg),cupboard,carbs,2025-05-29
Ben's Original Basmati Microwave Rice,£1.00,(£4.55/kg),cupboard,carbs,2025-05-29
Ben's Original Golden Vegetable Microwave Rice,£1.06,(£4.82/kg),cupboard,carbs,2025-05-29
Ben's Original Egg Fried Rice Microwavable Rice,£1.06,(£4.82/kg),cupboard,carbs,2025-05-29
ASDA Egg Fried Micro Rice 250g,£0.75,(£3.00/kg),cupboard,carbs,2025-05-29
ASDA Mexican Style Micro Rice 250g,£0.75,(£3.00/kg),cupboard,carbs,2025-05-29
ASDA Basmati Micro Rice,£0.60,(£2.40/kg),cupboard,carbs,2025-05-29
ASDA Golden Vegetable Micro Rice 250g,£0.75,(£3.00/kg),cupboard,carbs,2025-05-29
ASDA Long Grain Micro Rice,£0.60,(£2.40/kg),cupboard,carbs,2025-05-29
ASDA Pilau Micro Rice,£0.60,(£2.40/kg),cupboard,carbs,2025-05-29
Veetee Sticky Rice 2 Portions,£1.23,(£4.73/kg),cupboard,carbs,2025-05-29
ASDA Jasmine Micro Rice 250g,£0.75,(£3.00/kg),cupboard,carbs,2025-05-29
Tilda Pure Basmati Rice,£1.00,(£4.00/kg),cupboard,carbs,2025-05-29
Ben's Original Smokey BBQ Microwave Rice,£1.06,(£4.82/kg),cupboard,carbs,2025-05-29
Ben's Original Wholegrain Golden Vegetable Microwave Rice,£1.06,(£4.82/kg),cupboard,carbs,2025-05-29
Veetee Basmati,£1.06,(£4.24/kg),cupboard,carbs,2025-05-29
Tilda Classics Sticky Rice 250g,£1.00,(£4.00/kg),cupboard,carbs,2025-05-29
Ben's Original Cajun Spiced Microwavable Rice,£1.06,(£4.82/kg),cupboard,carbs,2025-05-29
Tilda Lime & Coriander Basmati Rice,£1.25,(£5.00/kg),cupboard,carbs,2025-05-29
Ben's Original Chinese Style Microwavable Rice,£1.06,(£4.82/kg),cupboard,carbs,2025-05-29
Ben's Original Savoury Chicken Flavour Microwave Rice,£1.06,(£4.82/kg),cupboard,carbs,2025-05-29
Ben's Original Original Katsu Curry Inspired Flavour,£1.06,(£4.82/kg),cupboard,carbs,2025-05-29
Ben's Original Caribbean Inspired Flavour Microwave Rice,£1.06,(£4.82/kg),cupboard,carbs,2025-05-29
Ben's Original Tomato & Basil Microwave Rice,£1.06,(£4.82/kg),cupboard,carbs,2025-05-29
Ben's Original Mexican Style Microwave Rice,£1.06,(£4.82/kg),cupboard,carbs,2025-05-29
Ben's Original Mixed Pepper Microwave Rice,£1.06,(£4.82/kg),cupboard,carbs,2025-05-29
Ben's Original Mushroom Microwave Rice,£1.06,(£4.82/kg),cupboard,carbs,2025-05-29
Ben's Original Special Fried Rice Microwave Rice,£1.06,(£4.82/kg),cupboard,carbs,2025-05-29
Ben's Original Peri Peri Microwave Rice,£1.06,(£4.82/kg),cupboard,carbs,2025-05-29
Ben's Original Roasted Garlic Microwave Rice,£1.06,(£4.82/kg),cupboard,carbs,2025-05-29
Ben's Original Coconut Microwave Rice,£1.06,(£4.82/kg),cupboard,carbs,2025-05-29
Ben's Original Spicy Mexican Style Microwave Rice,£1.06,(£4.82/kg),cupboard,carbs,2025-05-29
Ben's Original Thai Sweet Chilli Microwave Rice,£1.06,(£4.82/kg),cupboard,carbs,2025-05-29
Tilda Classics Golden Vegetable Rice,£1.00,(£4.00/kg),cupboard,carbs,2025-05-29
Tilda Brown Wholegrain Basmati Rice,£1.00,(£4.00/kg),cupboard,carbs,2025-05-29
Tilda Coconut Basmati Rice,£1.25,(£5.00/kg),cupboard,carbs,2025-05-29
Tilda Lemon Basmati Rice,£1.25,(£5.00/kg),cupboard,carbs,2025-05-29
Tilda Pilau Rice,£1.00,(£4.00/kg),cupboard,carbs,2025-05-29
Veetee Thai Jasmin 2 Portions,£1.06,(£3.79/kg),cupboard,carbs,2025-05-29
Tilda Egg Fried Basmati Rice,£1.25,(£5.00/kg),cupboard,carbs,2025-05-29
Ben's Original Wholegrain Microwave Rice,£1.00,(£4.55/kg),cupboard,carbs,2025-05-29
Ben's Original Long Grain Microwave Rice,£1.00,(£4.55/kg),cupboard,carbs,2025-05-29
Tilda Firecracker Hot Spicy Basmati Rice,£1.25,(£5.00/kg),cupboard,carbs,2025-05-29
Ben's Original Pilau Microwave Rice,£1.06,(£4.82/kg),cupboard,carbs,2025-05-29
Ben's Original Classic Jasmine 220g,£1.00,(£4.55/kg),cupboard,carbs,2025-05-29
Tilda Caribbean Rice and Peas Basmati Rice,£1.25,(£5.00/kg),cupboard,carbs,2025-05-29
Ben's Original Wholegrain Spicy Mexican Style Microwave Rice,£1.06,(£4.82/kg),cupboard,carbs,2025-05-29
Ben's Original Spicy Chilli Microwave Rice,£1.06,(£4.82/kg),cupboard,carbs,2025-05-29
Tilda Microwave Fragrant Jasmine Rice,£1.00,(£4.00/kg),cupboard,carbs,2025-05-29
Tilda Brown Wholegrain Pilau Basmati Rice,£1.00,(£4.00/kg),cupboard,carbs,2025-05-29
Ben's Original Onion Bhaji Microwave Rice,£1.06,(£4.82/kg),cupboard,carbs,2025-05-29
Ben's Original Original Korean BBQ Inspired Flavour,£1.06,(£4.82/kg),cupboard,carbs,2025-05-29
ASDA Sweet & Sour Micro Rice,£0.75,(£3.00/kg),cupboard,carbs,2025-05-29
ASDA Wholegrain Micro Rice 250g,£0.60,(£2.40/kg),cupboard,carbs,2025-05-29
ASDA Piri Piri Micro Rice 250g,£0.75,(£3.00/kg),cupboard,carbs,2025-05-29
ASDA Tomato & Basil Micro Pasta,£1.25,(£6.25/kg),cupboard,carbs,2025-05-29
ASDA Chicken Flavour Savoury Rice 105g,£0.65,(£6.19/kg),cupboard,carbs,2025-05-29
,,,cupboard,carbs,2025-05-29
,,,cupboard,carbs,2025-05-29
,,,cupboard,carbs,2025-05-29
,,,cupboard,carbs,2025-05-29
,,,cupboard,carbs,2025-05-29
,,,cupboard,carbs,2025-05-29
,,,cupboard,carbs,2025-05-29
,,,cupboard,carbs,2025-05-29
,,,cupboard,carbs,2025-05-29
,,,cupboard,carbs,2025-05-29
,,,cupboard,carbs,2025-05-29
,,,cupboard,carbs,2025-05-29
,,,cupboard,carbs,2025-05-29
,,,cupboard,carbs,2025-05-29
,,,cupboard,carbs,2025-05-29
,,,cupboard,carbs,2025-05-29
,,,cupboard,carbs,2025-05-29
,,,cupboard,carbs,2025-05-29
Ben's Original Mexican Style Microwave Rice,£1.06,(£4.82/kg),cupboard,carbs,2025-05-29
Ben's Original Basmati Microwave Rice,£1.00,(£4.55/kg),cupboard,carbs,2025-05-29
Dolmio Pronto Pasta Twists,£1.77,(£8.85/kg),cupboard,carbs,2025-05-29
ASDA Chicken & Sweetcorn Flavour Micro Rice 250g,£0.75,(£3.00/kg),cupboard,carbs,2025-05-29
ASDA Mushroom & Garlic Micro Pasta 200g,£1.25,(£6.25/kg),cupboard,carbs,2025-05-29
ASDA Tomato & Basil Micro Pasta,£1.25,(£6.25/kg),cupboard,carbs,2025-05-29
Veetee Long Grain,£1.06,(£4.08/kg),cupboard,carbs,2025-05-29
Ben's Original Favourites Tomato & Italian Style Herbs Risotto 250g,£2.48,(£9.92/kg),cupboard,carbs,2025-05-29
Batchelors Super Rice Beef Flavour 90g,£1.00,(£11.11/kg),cupboard,carbs,2025-05-29
Merchant Gourmet Tomatoey French Puy & Green Lentils 250g,£2.15,(£8.60/kg),cupboard,carbs,2025-05-29
Ben's Plant Powered Tikka Masala Curry,£1.87,(£6.56/kg),cupboard,carbs,2025-05-29
One Pan Creations Spanish Paella Bundle,£7.66,null,cupboard,carbs,2025-05-29
The Health Menu by ASDA Delicious Green Lentils with Mixed Vegetables 250g,£1.30,(£5.20/kg),cupboard,carbs,2025-05-29
Ben's Original Spanish Paella Style 250g,£1.64,(£6.56/kg),cupboard,carbs,2025-05-29
Ben's Original Lunch Bowl Italian Style Sundried Tomato 220g,£2.48,(£11.27/kg),cupboard,carbs,2025-05-29
Itsu itsu Stir-Fry Style Pad Thai 83g,£1.84,(£2.22/kg),cupboard,carbs,2025-05-29
Batchelors Pasta 'n' Sauce Carbonara 200g,£1.48,(£7.40/kg),cupboard,carbs,2025-05-29
ASDA Chip Shop Curry Micro Rice,£0.75,(£3.00/kg),cupboard,carbs,2025-05-29
Dolmio Classics Fusilli Carbonara 250g,£2.48,(£9.92/kg),cupboard,carbs,2025-05-29
Merchant Gourmet Smoky Spanish-Style Grains & Rice,£2.15,(£8.60/kg),cupboard,carbs,2025-05-29
Ben's Original Flavoured Microwave Rice Stock Up Bundle,£3.18,null,cupboard,carbs,2025-05-29
Ben's Original Lemon Chicken with Egg Fried Rice Meal Bundle For 4,£8.60,null,cupboard,carbs,2025-05-29
Ben's Original Street Food Thai Style Stir Fry 250g,£2.48,(£9.92/kg),cupboard,carbs,2025-05-29
ASDA Green Pesto Micro Pasta 200g,£1.25,(£6.25/kg),cupboard,carbs,2025-05-29
Merchant Gourmet Glorious Grains with Red Rice & Quinoa Cooked 250g,£2.15,(£8.60/kg),cupboard,carbs,2025-05-29
Fullgreen Riced Sweet Potato,£1.80,(£9.00/kg),cupboard,carbs,2025-05-29
Tilda Kids Cheese & Tomato Rice,£0.98,(78.4p/100g),cupboard,carbs,2025-05-29
Ben's Original Street Food Korean BBQ Style 250g,£2.48,(£9.92/kg),cupboard,carbs,2025-05-29
Tilda Brown Basmati & Quinoa Wholegrain Basmati Rice,£1.25,(£5.00/kg),cupboard,carbs,2025-05-29
Tilda Kids Mild Curry Rice,£0.98,(78.4p/100g),cupboard,carbs,2025-05-29
Batchelors Tomato & Basil Pasta 'n' Sauce 200g,£1.48,(£7.40/kg),cupboard,carbs,2025-05-29
Tilda Classics Long Grain Rice 250g,£1.00,(£4.00/kg),cupboard,carbs,2025-05-29
Fullgreen Riced Cauliflower Original,£1.86,(£9.30/kg),cupboard,carbs,2025-05-29
The Health Menu by ASDA Spicy Piri Piri Style Mixed Grains & Pulses 250g,£1.30,(£5.20/kg),cupboard,carbs,2025-05-29
Ben's Original One Pan Creations Indian Biryani Style 250g,£1.64,(£6.56/kg),cupboard,carbs,2025-05-29
One Pan Creations Prawn Nasi Goreng Bundle,£7.49,null,cupboard,carbs,2025-05-29
Ben's Original Classic Basmati 450g,£1.95,(£4.33/kg),cupboard,carbs,2025-05-29
Dolmio Pasta Pronto with Tomato and Chilli,£1.77,(£8.85/kg),cupboard,carbs,2025-05-29
Tilda Microwave Tomato and Basil Basmati Rice 250g,£1.25,(£5.00/kg),cupboard,carbs,2025-05-29
Tilda Chilli & Lemongrass Basmati Microwave Rice,£1.25,(£5.00/kg),cupboard,carbs,2025-05-29
Sacla Creamy Tomato Pasta Pot 80g,£1.88,(£2.35/100g),cupboard,carbs,2025-05-29
Tilda Sweet Chilli & Lime Basmati Rice,£1.25,(£5.00/kg),cupboard,carbs,2025-05-29
Varo Original Jollof Rice 250g,£1.80,(£7.20/kg),cupboard,carbs,2025-05-29
Tilda Brown Basmati and Wild Rice,£1.25,(£5.00/kg),cupboard,carbs,2025-05-29
Ben's Original Lunch Bowl Salsa Style 220g,£2.48,(£11.27/kg),cupboard,carbs,2025-05-29
Tilda Spicy Mexican Rice,£1.25,(£5.00/kg),cupboard,carbs,2025-05-29
Ben's Original Street Food Spicy Indonesian Style 250g,£2.48,(£9.92/kg),cupboard,carbs,2025-05-29
Sacla Creamy Pesto Pasta Pot 80g,£1.88,(£2.35/100g),cupboard,carbs,2025-05-29
Tilda Kids Sunshine Vegetable Rice,£0.98,(78.4p/100g),cupboard,carbs,2025-05-29
Tilda Microwave Limited Edition Rice,£1.25,(£5.00/kg),cupboard,carbs,2025-05-29
Tilda Garlic & Herbs Rice 250g,£1.25,(£5.00/kg),cupboard,carbs,2025-05-29
Veetee Steam Filtered Pilau,£1.06,(£4.24/kg),cupboard,carbs,2025-05-29
Tilda Microwave Peri Peri Basmati Rice,£1.25,(£5.00/kg),cupboard,carbs,2025-05-29
Ben's Plant Powered Spicy Lentil Stew,£1.87,(£6.56/kg),cupboard,carbs,2025-05-29
Tilda Mushroom Basmati Rice,£1.25,(£5.00/kg),cupboard,carbs,2025-05-29
,,,cupboard,carbs,2025-05-29
,,,cupboard,carbs,2025-05-29
,,,cupboard,carbs,2025-05-29
,,,cupboard,carbs,2025-05-29
,,,cupboard,carbs,2025-05-29
,,,cupboard,carbs,2025-05-29
,,,cupboard,carbs,2025-05-29
,,,cupboard,carbs,2025-05-29
,,,cupboard,carbs,2025-05-29
,,,cupboard,carbs,2025-05-29
,,,cupboard,carbs,2025-05-29
,,,cupboard,carbs,2025-05-29
,,,cupboard,carbs,2025-05-29
,,,cupboard,carbs,2025-05-29
,,,cupboard,carbs,2025-05-29
,,,cupboard,carbs,2025-05-29
,,,cupboard,carbs,2025-05-29
,,,cupboard,carbs,2025-05-29
Ben's Original Mexican Style Microwave Rice,£1.06,(£4.82/kg),cupboard,carbs,2025-05-29
Ben's Original Basmati Microwave Rice,£1.00,(£4.55/kg),cupboard,carbs,2025-05-29
Dolmio Pronto Pasta Twists,£1.77,(£8.85/kg),cupboard,carbs,2025-05-29
Ben's Original Classic Long Grain 450g,£1.95,(£4.33/kg),cupboard,carbs,2025-05-29
Merchant Gourmet Quinoa Red & White 250g,£2.15,(£8.60/kg),cupboard,carbs,2025-05-29
Tilda Classics White & Wholegrain Basmati Rice Blend 250g,£1.00,(£4.00/kg),cupboard,carbs,2025-05-29
Ben's Original One Pan Creations Indonesian Nasi Goreng Style 50g,£1.64,(£6.56/kg),cupboard,carbs,2025-05-29
Dolmio Pasta Pronto With Tomato and Basil,£1.77,(£8.85/kg),cupboard,carbs,2025-05-29
Ben's Original Szechuan Fried Rice Style 250g,£1.64,(£6.56/kg),cupboard,carbs,2025-05-29
Tilda Chilli & Lemongrass Basmati Microwave Rice,£1.25,(£5.00/kg),cupboard,carbs,2025-05-29
Sacla Creamy Tomato Pasta Pot 80g,£1.88,(£2.35/100g),cupboard,carbs,2025-05-29
Tilda Microwave Tomato and Basil Basmati Rice 250g,£1.25,(£5.00/kg),cupboard,carbs,2025-05-29
One Pan Creations Prawn Nasi Goreng Bundle,£7.49,null,cupboard,carbs,2025-05-29
Ben's Original One Pan Creations Indian Biryani Style 250g,£1.64,(£6.56/kg),cupboard,carbs,2025-05-29
Batchelors Super Rice Chicken Flavour 90g,£1.00,(£11.11/kg),cupboard,carbs,2025-05-29
,,,cupboard,carbs,2025-05-29
,,,cupboard,carbs,2025-05-29
,,,cupboard,carbs,2025-05-29
,,,cupboard,carbs,2025-05-29
,,,cupboard,carbs,2025-05-29
,,,cupboard,carbs,2025-05-29
,,,cupboard,carbs,2025-05-29
,,,cupboard,carbs,2025-05-29
,,,cupboard,carbs,2025-05-29
,,,cupboard,carbs,2025-05-29
,,,cupboard,carbs,2025-05-29
,,,cupboard,carbs,2025-05-29
,,,cupboard,carbs,2025-05-29
,,,cupboard,carbs,2025-05-29
,,,cupboard,carbs,2025-05-29
,,,cupboard,carbs,2025-05-29
,,,cupboard,carbs,2025-05-29
,,,cupboard,carbs,2025-05-29
Heinz Tomato Grana Padano & Mascarpone Pasta Sauce,£1.56,(44.6p/100g),cupboard,carbs,2025-05-29
Heinz Tomato & Chilli Pasta Sauce,£1.56,(44.6p/100g),cupboard,carbs,2025-05-29
Ben's Original Boil In Bag Long Grain Rice 8 x 62.5g,£3.15,(£6.30/kg),cupboard,carbs,2025-05-29
ASDA Free From Spaghetti,£1.00,(£2.00/kg),cupboard,carbs,2025-05-29
Free From by Asda Penne,£1.00,(£2.00/kg),cupboard,carbs,2025-05-29
Tilda Firecracker Hot Spicy Basmati Rice,£1.25,(£5.00/kg),cupboard,carbs,2025-05-29
Clearspring Organic Japanese Silken & Smooth Tofu,£1.75,(£5.83/kg),cupboard,carbs,2025-05-29
Tilda Pure Basmati Rice,£2.88,(£5.76/kg),cupboard,carbs,2025-05-29
Tilda Brown Wholegrain Basmati Rice,£2.88,(£5.76/kg),cupboard,carbs,2025-05-29
Tilda Boil in Bag Easy Long Grain Rice 250g,£1.80,(£7.20/kg),cupboard,carbs,2025-05-29
La Gnoccheria Gluten Free Potato Gnocchi,£1.28,(£5.12/kg),cupboard,carbs,2025-05-29
Tilda Boil in Bag Pure Basmati Rice 250g,£1.86,(£7.44/kg),cupboard,carbs,2025-05-29
Fullgreen Riced Sweet Potato,£1.80,(£9.00/kg),cupboard,carbs,2025-05-29
Yutaka Japanese Rice Vinegar,£1.68,(£1.12/100ml),cupboard,carbs,2025-05-29
Tilda Brown Wholegrain Basmati Rice,£1.00,(£4.00/kg),cupboard,carbs,2025-05-29
Tilda Pure Basmati Rice,£4.88,(£4.88/kg),cupboard,carbs,2025-05-29
Tilda Microwave Peri Peri Basmati Rice,£1.25,(£5.00/kg),cupboard,carbs,2025-05-29
Barilla Gluten-Free Spaghetti 400g,£1.98,(£4.95/kg),cupboard,carbs,2025-05-29
Naked Free From Japanese Style Katsu Curry,£1.47,(£18.85/kg),cupboard,carbs,2025-05-29
Tilda Spicy Mexican Rice,£1.25,(£5.00/kg),cupboard,carbs,2025-05-29
Tilda Classics Golden Vegetable Rice,£1.00,(£4.00/kg),cupboard,carbs,2025-05-29
Tilda Pilau Rice,£1.00,(£4.00/kg),cupboard,carbs,2025-05-29
Tilda Microwave Limited Edition Rice,£1.25,(£5.00/kg),cupboard,carbs,2025-05-29
Ben's Original Long Grain Rice,£5.25,(£5.25/kg),cupboard,carbs,2025-05-29
Fullgreen Riced Cauliflower Original,£1.86,(£9.30/kg),cupboard,carbs,2025-05-29
Tilda Everyday Long Grain Rice,£1.48,(£2.96/kg),cupboard,carbs,2025-05-29
Filippo Berio Pasta Sauce Basilico 340g,£1.48,(43.5p/100g),cupboard,carbs,2025-05-29
Tilda Pure Basmati Rice,£1.00,(£4.00/kg),cupboard,carbs,2025-05-29
Tilda Brown Basmati & Quinoa Wholegrain Basmati Rice,£1.25,(£5.00/kg),cupboard,carbs,2025-05-29
Tilda Mushroom Basmati Rice,£1.25,(£5.00/kg),cupboard,carbs,2025-05-29
Schar Gluten Free Pizza Base,£3.25,(£1.08/100g),cupboard,carbs,2025-05-29
Tilda Classics Sticky Rice 250g,£1.00,(£4.00/kg),cupboard,carbs,2025-05-29
Tilda Egg Fried Basmati Rice,£1.25,(£5.00/kg),cupboard,carbs,2025-05-29
Tilda Fragrant Jasmine Rice,£2.88,(£5.76/kg),cupboard,carbs,2025-05-29
Ben's Original Long Grain Rice,£2.65,(£5.30/kg),cupboard,carbs,2025-05-29
Tilda Sweet Chilli & Lime Basmati Rice,£1.25,(£5.00/kg),cupboard,carbs,2025-05-29
Barilla Fusilli 400g,£2.50,(£6.25/kg),cupboard,carbs,2025-05-29
Fullgreen Riced Cauliflower & Broccoli 200g,£1.86,(£9.30/kg),cupboard,carbs,2025-05-29
Filippo Berio Pasta Sauce Verdure Grigliate 340g,£1.48,(43.5p/100g),cupboard,carbs,2025-05-29
Badshah Basmati Rice,£11.98,(£2.40/kg),cupboard,carbs,2025-05-29
Tilda Microwave Fragrant Jasmine Rice,£1.00,(£4.00/kg),cupboard,carbs,2025-05-29
Tilda Lime & Coriander Basmati Rice,£1.25,(£5.00/kg),cupboard,carbs,2025-05-29
Tilda Caribbean Rice and Peas Basmati Rice,£1.25,(£5.00/kg),cupboard,carbs,2025-05-29
Yutaka Mirin Sweet Rice Seasoning,£1.58,(£1.05/100ml),cupboard,carbs,2025-05-29
Tilda Coconut Basmati Rice,£1.25,(£5.00/kg),cupboard,carbs,2025-05-29
Tilda Brown Wholegrain Pilau Basmati Rice,£1.00,(£4.00/kg),cupboard,carbs,2025-05-29
Filippo Berio Pasta Sauce Arrabbiata 340g,£1.48,(43.5p/100g),cupboard,carbs,2025-05-29
Heinz Sundried Cherry Tomato & Basil Pasta Sauce,£1.56,(44.6p/100g),cupboard,carbs,2025-05-29
Tilda Lemon Basmati Rice,£1.25,(£5.00/kg),cupboard,carbs,2025-05-29
,,,cupboard,carbs,2025-05-29
,,,cupboard,carbs,2025-05-29
,,,cupboard,carbs,2025-05-29
,,,cupboard,carbs,2025-05-29
,,,cupboard,carbs,2025-05-29
,,,cupboard,carbs,2025-05-29
Dolmio Pronto Pasta Twists,£1.77,(£8.85/kg),cupboard,carbs,2025-05-29
Dolmio Pasta Pronto With Tomato and Basil,£1.77,(£8.85/kg),cupboard,carbs,2025-05-29
Dolmio Pasta Pronto with Tomato and Chilli,£1.77,(£8.85/kg),cupboard,carbs,2025-05-29
ASDA Tomato & Basil Micro Pasta,£1.25,(£6.25/kg),cupboard,carbs,2025-05-29
ASDA Mushroom & Garlic Micro Pasta 200g,£1.25,(£6.25/kg),cupboard,carbs,2025-05-29
ASDA Tomato & Chorizo Micro Pasta,£1.25,(£6.25/kg),cupboard,carbs,2025-05-29
Batchelors Super Rice Beef Flavour 90g,£1.00,(£11.11/kg),cupboard,carbs,2025-05-29
Batchelors Super Rice Golden Vegetable Flavour 90g,£1.00,(£11.11/kg),cupboard,carbs,2025-05-29
Batchelors Super Rice Chicken Flavour 90g,£1.00,(£11.11/kg),cupboard,carbs,2025-05-29
Tilda Pure Basmati Rice,£1.00,(£4.00/kg),cupboard,carbs,2025-05-29
Tilda Firecracker Hot Spicy Basmati Rice,£1.25,(£5.00/kg),cupboard,carbs,2025-05-29
Ben's Plant Powered Tikka Masala Curry,£1.87,(£6.56/kg),cupboard,carbs,2025-05-29
One Pan Creations Spanish Paella Bundle,£7.66,null,cupboard,carbs,2025-05-29
Ben's Original Spanish Paella Style 250g,£1.64,(£6.56/kg),cupboard,carbs,2025-05-29
Tilda Egg Fried Basmati Rice,£1.25,(£5.00/kg),cupboard,carbs,2025-05-29
Tilda Brown Basmati & Quinoa Wholegrain Basmati Rice,£1.25,(£5.00/kg),cupboard,carbs,2025-05-29
John West On The Go Indian Spiced Infused Tuna Salad,£2.60,(£1.18/100g),cupboard,carbs,2025-05-29
Ben's Original One Pan Creations Indian Biryani Style 250g,£1.64,(£6.56/kg),cupboard,carbs,2025-05-29
One Pan Creations Prawn Nasi Goreng Bundle,£7.49,null,cupboard,carbs,2025-05-29
Tilda Sweet Chilli & Lime Basmati Rice,£1.25,(£5.00/kg),cupboard,carbs,2025-05-29
Tilda Microwave Tomato and Basil Basmati Rice 250g,£1.25,(£5.00/kg),cupboard,carbs,2025-05-29
Tilda Chilli & Lemongrass Basmati Microwave Rice,£1.25,(£5.00/kg),cupboard,carbs,2025-05-29
Old El Paso Mexican One Pan Chilli & Garlic Rice Meal Kit,£3.78,(£10.65/kg),cupboard,carbs,2025-05-29
Tilda Brown Basmati and Wild Rice,£1.25,(£5.00/kg),cupboard,carbs,2025-05-29
Tilda Spicy Mexican Rice,£1.25,(£5.00/kg),cupboard,carbs,2025-05-29
Tilda Classics Golden Vegetable Rice,£1.00,(£4.00/kg),cupboard,carbs,2025-05-29
Tilda Microwave Limited Edition Rice,£1.25,(£5.00/kg),cupboard,carbs,2025-05-29
Tilda Classics Sticky Rice 250g,£1.00,(£4.00/kg),cupboard,carbs,2025-05-29
Tilda Pilau Rice,£1.00,(£4.00/kg),cupboard,carbs,2025-05-29
Tilda Microwave Peri Peri Basmati Rice,£1.25,(£5.00/kg),cupboard,carbs,2025-05-29
Tilda Brown Wholegrain Basmati Rice,£1.00,(£4.00/kg),cupboard,carbs,2025-05-29
Ben's Plant Powered Spicy Lentil Stew,£1.87,(£6.56/kg),cupboard,carbs,2025-05-29
Tilda Mushroom Basmati Rice,£1.25,(£5.00/kg),cupboard,carbs,2025-05-29
Tilda Microwave Fragrant Jasmine Rice,£1.00,(£4.00/kg),cupboard,carbs,2025-05-29
Tilda Brown Wholegrain Pilau Basmati Rice,£1.00,(£4.00/kg),cupboard,carbs,2025-05-29
Tilda Coconut Basmati Rice,£1.25,(£5.00/kg),cupboard,carbs,2025-05-29
Tilda Lime & Coriander Basmati Rice,£1.25,(£5.00/kg),cupboard,carbs,2025-05-29
Ben's Original Szechuan Fried Rice Style 250g,£1.64,(£6.56/kg),cupboard,carbs,2025-05-29
Ben's Original One Pan Creations Indonesian Nasi Goreng Style 50g,£1.64,(£6.56/kg),cupboard,carbs,2025-05-29
Tilda Caribbean Rice and Peas Basmati Rice,£1.25,(£5.00/kg),cupboard,carbs,2025-05-29
Tilda Lemon Basmati Rice,£1.25,(£5.00/kg),cupboard,carbs,2025-05-29
Ben's Plant Powered Bean Chilli Non Carne,£1.87,(£6.56/kg),cupboard,carbs,2025-05-29
,,,cupboard,carbs,2025-05-29
,,,cupboard,carbs,2025-05-29
,,,cupboard,carbs,2025-05-29
,,,cupboard,carbs,2025-05-29
,,,cupboard,carbs,2025-05-29
,,,cupboard,carbs,2025-05-29
,,,cupboard,carbs,2025-05-29
,,,cupboard,carbs,2025-05-29
,,,cupboard,carbs,2025-05-29
,,,cupboard,carbs,2025-05-29
,,,cupboard,carbs,2025-05-29
,,,cupboard,carbs,2025-05-29
,,,cupboard,carbs,2025-05-29
Dolmio Sauce for Pasta Bake Creamy Tomato 450g,£1.88,(41.8p/100g),cupboard,sauce,2025-05-29
Dolmio Sauce for Pasta Bake Tomato & Cheese 450g,£1.88,(41.8p/100g),cupboard,sauce,2025-05-29
Al Fez Apricot & Coriander Tagine Sauce,£2.34,(52.0p/100g),cupboard,sauce,2025-05-29
ASDA Chinese Style Curry Cooking Sauce 500g,£1.17,(23.4p/100g),cupboard,sauce,2025-05-29
ASDA Tikka Masala Curry Sauce,£0.99,(19.4p/100g),cupboard,sauce,2025-05-29
Dolmio Original Sauce for Bolognese 450g,£1.88,(41.8p/100g),cupboard,sauce,2025-05-29
ASDA White Lasagne Sauce 480g,£0.80,(16.7p/100g),cupboard,sauce,2025-05-29
JUST ESSENTIALS by ASDA Sweet & Sour Cooking Sauce,£0.87,(19.8p/100g),cupboard,sauce,2025-05-29
ASDA Green Pesto,£0.99,(52.1p/100g),cupboard,sauce,2025-05-29
ASDA Sweet & Sour Cooking Sauce 500g,£1.20,(24.0p/100g),cupboard,sauce,2025-05-29
Homepride Pasta Bake Cheese & Bacon,£1.88,(38.8p/100g),cupboard,sauce,2025-05-29
Dolmio Bolognese Onion & Garlic Sauce for Bolognese 450g,£1.88,(41.8p/100g),cupboard,sauce,2025-05-29
ASDA Balti Cooking Sauce 500g,£0.99,(19.8p/100g),cupboard,sauce,2025-05-29
ASDA Tomato & Basil Stir-In Sauce 190g,£1.48,(77.9p/100g),cupboard,sauce,2025-05-29
Homepride Pasta Bake Sauce Creamy Tomato and Herb,£1.88,(38.8p/100g),cupboard,sauce,2025-05-29
Ben's Original Medium Chilli Con Carne Sauce,£2.12,(47.1p/100g),cupboard,sauce,2025-05-29
Dolmio Smooth Tomato Sauce for Bolognese 450g,£1.88,(41.8p/100g),cupboard,sauce,2025-05-29
Ben's Original Sweet and Sour Sauce,£2.12,(47.1p/100g),cupboard,sauce,2025-05-29
ASDA Madras Curry Sauce,£0.99,(19.8p/100g),cupboard,sauce,2025-05-29
Patak's Korma Curry Sauce,£1.77,(39.3p/100g),cupboard,sauce,2025-05-29
Dolmio Sauce for Pasta Bake Carbonara 430g,£1.88,(43.7p/100g),cupboard,sauce,2025-05-29
ASDA Red Pesto 190g,£0.99,(52.1p/100g),cupboard,sauce,2025-05-29
Homepride Pasta Bake Sauce Tomato & Bacon,£1.88,(38.8p/100g),cupboard,sauce,2025-05-29
Homepride Pasta Bake Creamy Tomato & Cheddar 485g,£1.88,(38.8p/100g),cupboard,sauce,2025-05-29
Patak's Butter Chicken Curry Sauce,£1.77,(39.3p/100g),cupboard,sauce,2025-05-29
Dolmio Tomato & Basil Sauce for Meatballs 450g,£1.88,(41.8p/100g),cupboard,sauce,2025-05-29
ASDA Extra Special Mascarpone & Tomato Pasta Sauce,£1.85,(54.4p/100g),cupboard,sauce,2025-05-29
Sharwood's Tikka Masala Medium Curry Cooking Sauce,£1.77,(42.1p/100g),cupboard,sauce,2025-05-29
Sharwood's Butter Chicken Mild Curry Cooking Sauce,£1.77,(42.1p/100g),cupboard,sauce,2025-05-29
Dolmio Creamy Sauce for Lasagne 440g,£1.88,(42.7p/100g),cupboard,sauce,2025-05-29
Dolmio Tomato Sauce for Lasagne 450g,£1.88,(41.8p/100g),cupboard,sauce,2025-05-29
Loyd Grossman Tomato & Roasted Garlic Pasta Sauce,£1.98,(56.6p/100g),cupboard,sauce,2025-05-29
Dolmio Original Sauce for Bolognese 675g,£3.00,(44.4p/100g),cupboard,sauce,2025-05-29
Ben's Original Lemon Chicken Sauce,£2.12,(47.1p/100g),cupboard,sauce,2025-05-29
Sharwood's Korma Mild Curry Cooking Sauce,£1.77,(42.1p/100g),cupboard,sauce,2025-05-29
Dolmio Intensify Mild Creamy Garlic & Black Pepper Pasta Sauce,£1.88,(48.1p/100g),cupboard,sauce,2025-05-29
Loyd Grossman Tomato & Chilli Pasta Sauce,£1.98,(56.6p/100g),cupboard,sauce,2025-05-29
Dolmio Stir in Carbonara Pasta Sauce,£1.53,(£1.02/100g),cupboard,sauce,2025-05-29
Dolmio Stir in Sundried Tomato Pasta Sauce,£1.53,(£1.02/100g),cupboard,sauce,2025-05-29
ASDA Extra Special Tomato & Grilled Pepper Stir-In Pasta Sauce,£1.86,(97.9p/100g),cupboard,sauce,2025-05-29
Heinz Tomato Grana Padano & Mascarpone Pasta Sauce,£1.56,(44.6p/100g),cupboard,sauce,2025-05-29
ASDA Extra Special Carbonara Sauce,£1.85,(54.4p/100g),cupboard,sauce,2025-05-29
Loyd Grossman Bolognese Original Pasta Sauce,£1.98,(56.6p/100g),cupboard,sauce,2025-05-29
Homepride Pasta Bake Carbonara 485g,£1.88,(38.8p/100g),cupboard,sauce,2025-05-29
Dolmio Tomato & Basil Stir in Sauce,£1.53,(£1.02/100g),cupboard,sauce,2025-05-29
Dolmio Creamy Sauce for Lasagne 655g,£3.00,(45.8p/100g),cupboard,sauce,2025-05-29
Dolmio Sweet Pepper Stir in Sauce,£1.53,(£1.02/100g),cupboard,sauce,2025-05-29
Patak's Tikka Masala Curry Sauce,£1.77,(39.3p/100g),cupboard,sauce,2025-05-29
ASDA Italian Inspired Green Pesto 190g,£1.30,(68.4p/100g),cupboard,sauce,2025-05-29
Dolmio Onion & Garlic Sauce for Bolognese 675g,£3.00,(44.4p/100g),cupboard,sauce,2025-05-29
Old El Paso Mexican Cooking Sauce for Fajitas Smoky BBQ,£2.04,(60.0p/100g),cupboard,sauce,2025-05-29
Patak's Jalfrezi Curry Sauce,£1.77,(39.3p/100g),cupboard,sauce,2025-05-29
"Homepride Pasta Bake Tomato, Garlic & Chilli",£1.88,(38.8p/100g),cupboard,sauce,2025-05-29
Dolmio Tomato Sauce for Lasagne 675g,£3.00,(44.4p/100g),cupboard,sauce,2025-05-29
Dolmio Low Fat Sauce for Bolognese 450g,£1.88,(41.8p/100g),cupboard,sauce,2025-05-29
Dolmio Chunky Mushroom Sauce for Bolognese 675g,£3.00,(44.4p/100g),cupboard,sauce,2025-05-29
Homepride Chilli Cooking Sauce,£1.88,(38.8p/100g),cupboard,sauce,2025-05-29
Patak's The Original Madras Cooking Sauce,£1.77,(39.3p/100g),cupboard,sauce,2025-05-29
Loyd Grossman Tikka Masala Curry Sauce,£2.18,(62.3p/100g),cupboard,sauce,2025-05-29
Sharwood's Rogan Josh Medium Curry Sauce,£1.77,(42.1p/100g),cupboard,sauce,2025-05-29
,,,cupboard,sauce,2025-05-29
,,,cupboard,sauce,2025-05-29
,,,cupboard,sauce,2025-05-29
,,,cupboard,sauce,2025-05-29
,,,cupboard,sauce,2025-05-29
,,,cupboard,sauce,2025-05-29
,,,cupboard,sauce,2025-05-29
,,,cupboard,sauce,2025-05-29
,,,cupboard,sauce,2025-05-29
,,,cupboard,sauce,2025-05-29
,,,cupboard,sauce,2025-05-29
,,,cupboard,sauce,2025-05-29
,,,cupboard,sauce,2025-05-29
,,,cupboard,sauce,2025-05-29
,,,cupboard,sauce,2025-05-29
,,,cupboard,sauce,2025-05-29
,,,cupboard,sauce,2025-05-29
Dolmio Sauce for Pasta Bake Creamy Tomato 450g,£1.88,(41.8p/100g),cupboard,sauce,2025-05-29
Dolmio Sauce for Pasta Bake Tomato & Cheese 450g,£1.88,(41.8p/100g),cupboard,sauce,2025-05-29
Dolmio Sauce for Pasta Bake Carbonara 430g,£1.88,(43.7p/100g),cupboard,sauce,2025-05-29
Filippo Berio Classic Pesto 190g,£2.80,(£1.47/100g),cupboard,sauce,2025-05-29
Loyd Grossman Tomato & Basil Pasta Sauce,£3.06,(46.4p/100g),cupboard,sauce,2025-05-29
Loyd Grossman Bolognese Pasta Sauce,£3.06,(46.4p/100g),cupboard,sauce,2025-05-29
Dolmio Smooth Tomato Sauce for Bolognese 675g,£3.00,(44.4p/100g),cupboard,sauce,2025-05-29
Dolmio Sauce for Bolognese Chunky Mushroom 450g,£1.88,(41.8p/100g),cupboard,sauce,2025-05-29
Filippo Berio Sun-Dried Tomato Pesto 190g,£2.80,(£1.47/100g),cupboard,sauce,2025-05-29
Filippo Berio Pasta Sauce Verdure Grigliate 340g,£1.48,(43.5p/100g),cupboard,sauce,2025-05-29
Heinz Tomato Sauce for Bolognese,£1.56,(44.6p/100g),cupboard,sauce,2025-05-29
ASDA Extra Special Royal Tikka Makhani Curry Sauce,£2.50,(73.5p/100g),cupboard,sauce,2025-05-29
Sacla Classic Basil Pesto,£3.35,(£1.76/100g),cupboard,sauce,2025-05-29
Heinz Tomato & Chilli Pasta Sauce,£1.56,(44.6p/100g),cupboard,sauce,2025-05-29
ASDA Extra Special Pesto Alla Genovese 190g,£2.20,(£1.16/100g),cupboard,sauce,2025-05-29
Loyd Grossman No Added Sugar Tomato & Basil,£1.98,(56.6p/100g),cupboard,sauce,2025-05-29
Loyd Grossman Loyd Grossman No Added Sugar Bolognese Pasta Sauce,£1.98,(56.6p/100g),cupboard,sauce,2025-05-29
ASDA Extra Special Chilli and Tomato Pasta Sauce,£1.85,(54.4p/100g),cupboard,sauce,2025-05-29
Patak's Bhuna Cooking Sauce,£1.77,(39.3p/100g),cupboard,sauce,2025-05-29
Filippo Berio Pasta Sauce Arrabbiata 340g,£1.48,(43.5p/100g),cupboard,sauce,2025-05-29
Patak's Balti Cooking Sauce,£1.77,(39.3p/100g),cupboard,sauce,2025-05-29
Loyd Grossman Tomato & Smoked Bacon Pasta Sauce,£1.98,(56.6p/100g),cupboard,sauce,2025-05-29
Sharwood's 30% Less Fat Korma Curry Sauce,£1.77,(42.1p/100g),cupboard,sauce,2025-05-29
Filippo Berio Pasta Sauce Basilico 340g,£1.48,(43.5p/100g),cupboard,sauce,2025-05-29
Loyd Grossman Tomato & Chilli Pasta Sauce,£3.06,(46.4p/100g),cupboard,sauce,2025-05-29
Ben's Original Sweet and Sour Original No Added Sugar Sauce,£2.12,(48.2p/100g),cupboard,sauce,2025-05-29
Dolmio Intensify Fiery Sun-Ripened Tomato & Chilli Pasta Sauce,£1.88,(47.0p/100g),cupboard,sauce,2025-05-29
Loyd Grossman Tomato Spinach and Ricotta Pasta Sauce,£1.98,(56.6p/100g),cupboard,sauce,2025-05-29
Dolmio Stir In Pasta Sauce Smoked Bacon & Tomato,£1.53,(£1.02/100g),cupboard,sauce,2025-05-29
Sharwood's Rogan Josh Medium Curry Sauce,£1.77,(42.1p/100g),cupboard,sauce,2025-05-29
Sharwood's Balti Medium Curry Sauce,£1.77,(42.1p/100g),cupboard,sauce,2025-05-29
Loyd Grossman Balti Curry Sauce,£2.18,(62.3p/100g),cupboard,sauce,2025-05-29
ASDA Extra Special Bolognese Sauce,£1.85,(54.4p/100g),cupboard,sauce,2025-05-29
ASDA Extra Special Tomato & Mascarpone Stir-In Sauce 190g,£1.86,(97.9p/100g),cupboard,sauce,2025-05-29
Homepride Pasta Bake Sauce Tomato & Herb 485g,£1.88,(38.8p/100g),cupboard,sauce,2025-05-29
"Dolmio Intensify Spicy Red Pepper, Smoked Paprika & Chilli Pasta Sauce",£1.68,(42.0p/100g),cupboard,sauce,2025-05-29
Mutti Simply Sugo Basil Pasta Sauce,£2.36,(59.0p/100g),cupboard,sauce,2025-05-29
Sharwood's Bhuna Medium Curry Sauce,£1.77,(42.1p/100g),cupboard,sauce,2025-05-29
Loyd Grossman Korma Curry Sauce,£2.18,(62.3p/100g),cupboard,sauce,2025-05-29
Mutti Simply Sugo Chilli Pasta Sauce,£2.36,(59.0p/100g),cupboard,sauce,2025-05-29
Heinz Sundried Cherry Tomato & Basil,£2.18,(44.5p/100g),cupboard,sauce,2025-05-29
Sacla Fiery Chilli Pesto,£3.35,(£1.76/100g),cupboard,sauce,2025-05-29
ASDA Extra Special Sun-Dried Tomato Pesto 190g,£2.20,(£1.16/100g),cupboard,sauce,2025-05-29
Dolmio Sauce for Bolognese Spicy Chilli 450g,£1.88,(41.8p/100g),cupboard,sauce,2025-05-29
Loyd Grossman Tomato & Basil Pasta Sauce,£1.98,(56.6p/100g),cupboard,sauce,2025-05-29
Heinz Sundried Cherry Tomato & Basil Pasta Sauce,£1.56,(44.6p/100g),cupboard,sauce,2025-05-29
Homepride Classic Curry Cooking Sauce,£2.58,(64.5p/100g),cupboard,sauce,2025-05-29
ASDA Mild Chilli Cooking Sauce 500g,£0.99,(19.6p/100g),cupboard,sauce,2025-05-29
ASDA Hunter's Chicken Cooking Sauce 510g,£1.27,(24.9p/100g),cupboard,sauce,2025-05-29
Chicken Tonight Honey & Dijon Mustard Cooking Sauce,£1.75,(35.0p/100g),cupboard,sauce,2025-05-29
ASDA Creamy Mushroom Cooking Sauce 480g,£1.27,(26.5p/100g),cupboard,sauce,2025-05-29
Chicken Tonight Rich & Creamy Mushroom Cooking Sauce,£1.75,(35.0p/100g),cupboard,sauce,2025-05-29
ASDA Fajita Cooking Sauce 500g,£0.99,(19.6p/100g),cupboard,sauce,2025-05-29
JUST ESSENTIALS by ASDA Cheese & Broccoli Pasta & Sauce,£0.56,(£5.09/kg),cupboard,sauce,2025-05-29
ASDA Memphis Style BBQ Cooking Sauce 525g,£1.20,(22.9p/100g),cupboard,sauce,2025-05-29
Chicken Tonight Spanish Chicken Cooking Sauce,£1.75,(35.0p/100g),cupboard,sauce,2025-05-29
ASDA Chow Mein Stir-Fry Sauce,£0.65,(54.2p/100g),cupboard,sauce,2025-05-29
ASDA Ricotta & Red Pepper Pesto,£0.99,(52.1p/100g),cupboard,sauce,2025-05-29
ASDA Hot Chilli Cooking Sauce 500g,£0.99,(19.6p/100g),cupboard,sauce,2025-05-29
ASDA Sweet Chilli & Garlic Stir-Fry Sauce 120g,£0.65,(54.2p/100g),cupboard,sauce,2025-05-29
,,,cupboard,sauce,2025-05-29
,,,cupboard,sauce,2025-05-29
,,,cupboard,sauce,2025-05-29
,,,cupboard,sauce,2025-05-29
,,,cupboard,sauce,2025-05-29
,,,cupboard,sauce,2025-05-29
,,,cupboard,sauce,2025-05-29
,,,cupboard,sauce,2025-05-29
,,,cupboard,sauce,2025-05-29
,,,cupboard,sauce,2025-05-29
,,,cupboard,sauce,2025-05-29
,,,cupboard,sauce,2025-05-29
,,,cupboard,sauce,2025-05-29
,,,cupboard,sauce,2025-05-29
,,,cupboard,sauce,2025-05-29
,,,cupboard,sauce,2025-05-29
,,,cupboard,sauce,2025-05-29
Dolmio Sauce for Pasta Bake Creamy Tomato 450g,£1.88,(41.8p/100g),cupboard,sauce,2025-05-29
Dolmio Sauce for Pasta Bake Tomato & Cheese 450g,£1.88,(41.8p/100g),cupboard,sauce,2025-05-29
Dolmio Sauce for Pasta Bake Carbonara 430g,£1.88,(43.7p/100g),cupboard,sauce,2025-05-29
Homepride White Wine Cooking Sauce,£1.88,(38.8p/100g),cupboard,sauce,2025-05-29
ASDA Black Bean Stir-Fry Sauce 120g,£0.65,(54.2p/100g),cupboard,sauce,2025-05-29
Blue Dragon Satay Stir Fry Sauce,£0.83,(69.2p/100g),cupboard,sauce,2025-05-29
Blue Dragon Teriyaki Stir Fry Sauce,£0.83,(69.2p/100g),cupboard,sauce,2025-05-29
ASDA Sweet & Sour Stir-Fry Sauce 120g,£0.65,(54.2p/100g),cupboard,sauce,2025-05-29
Loyd Grossman No Added Sugar Pizza Sauce,£1.98,(56.6p/100g),cupboard,sauce,2025-05-29
Sharwood's Madras Hot Curry Sauce,£1.77,(42.1p/100g),cupboard,sauce,2025-05-29
Sharwood's Chinese Medium Curry Cooking Sauce,£1.77,(41.6p/100g),cupboard,sauce,2025-05-29
Loyd Grossman Tomato & Sweet Red Pepper Pasta Sauce,£1.98,(56.6p/100g),cupboard,sauce,2025-05-29
Free From by Asda Tomato & Garlic Sauce 500g,£1.50,(30.0p/100g),cupboard,sauce,2025-05-29
Filippo Berio Hot Chilli Pesto 190g,£2.80,(£1.47/100g),cupboard,sauce,2025-05-29
ASDA Free From White Lasagne Pasta Sauce,£1.30,(26.5p/100g),cupboard,sauce,2025-05-29
Blue Dragon Korean BBQ Stir Fry Sauce,£0.83,(69.2p/100g),cupboard,sauce,2025-05-29
Dolmio Lasagne Meal Bundle For 4,£11.04,null,cupboard,sauce,2025-05-29
Sharwood's Sweet & Sour Cooking Sauce,£1.77,(41.6p/100g),cupboard,sauce,2025-05-29
Blue Dragon Black Bean Stir Fry Sauce,£0.83,(69.2p/100g),cupboard,sauce,2025-05-29
Sharwood's East Asian Japanese Katsu 415g,£1.77,(42.6p/100g),cupboard,sauce,2025-05-29
YO! Sweet & Sticky Teriyaki,£0.96,(96.0p/100g),cupboard,sauce,2025-05-29
Loyd Grossman Tomato & Red Wine Pasta Sauce,£1.98,(56.6p/100g),cupboard,sauce,2025-05-29
Loyd Grossman No Added Sugar White Lasagne Sauce,£1.98,(45.0p/100g),cupboard,sauce,2025-05-29
Sacla Vegan Basil Pesto,£3.10,(£1.63/100g),cupboard,sauce,2025-05-29
ASDA Free From Chow Mein Stir-Fry Sauce 120g,£0.60,(50.0p/100g),cupboard,sauce,2025-05-29
Wagamama Firecracker Stir Fry Sauce 120g,£1.30,(£1.08/100g),cupboard,sauce,2025-05-29
Dolmio Sauce for Lasagne Light Creamy 440g,£1.88,(42.7p/100g),cupboard,sauce,2025-05-29
Dolmio Lasagne Duo Meal Bundle For 4,£3.76,null,cupboard,sauce,2025-05-29
Sharwood's Tikka Masala Extra Creamy Curry Sauce,£1.77,(42.1p/100g),cupboard,sauce,2025-05-29
Sharwood's East Asian Japanese Teriyaki 420g,£1.77,(42.1p/100g),cupboard,sauce,2025-05-29
Filippo Berio Truffle Pesto 190g,£4.50,(£2.37/100g),cupboard,sauce,2025-05-29
Al Fez Smoky Harissa Tagine Sauce,£2.34,(52.0p/100g),cupboard,sauce,2025-05-29
Al Fez Apricot & Coriander Tagine Sauce,£2.34,(52.0p/100g),cupboard,sauce,2025-05-29
Al Fez Moroccan Meatball Tagine Sauce,£2.34,(52.0p/100g),cupboard,sauce,2025-05-29
ASDA Free From Tikka Masala Curry Sauce,£1.30,(26.0p/100g),cupboard,sauce,2025-05-29
Patak's Vindaloo Curry Sauce,£1.77,(39.3p/100g),cupboard,sauce,2025-05-29
Sacla Pesto Stock Up Bundle,£10.05,null,cupboard,sauce,2025-05-29
Blue Dragon Oyster & Spring Onion Stir Fry Sauce,£0.83,(69.2p/100g),cupboard,sauce,2025-05-29
Homepride Shepherd's Pie Cooking Sauce,£1.88,(38.8p/100g),cupboard,sauce,2025-05-29
Patak's The Original Rogan Josh Cooking Sauce,£1.77,(39.3p/100g),cupboard,sauce,2025-05-29
Wagamama Korean Style BBQ Stir Fry Sauce 120g,£1.30,(£1.08/100g),cupboard,sauce,2025-05-29
Patak's The Original Curry Creations Tikka Masala Sauce 160g,£3.13,(£1.96/100g),cupboard,sauce,2025-05-29
Sharwood's Reduced Sugar Sweet & Sour Cooking Sauce,£1.77,(41.6p/100g),cupboard,sauce,2025-05-29
Loyd Grossman No Added Sugar Red Lasagne Sauce,£1.98,(44.0p/100g),cupboard,sauce,2025-05-29
Sharwood's Curry Paste Tikka Masala 280g,£2.17,(77.5p/100g),cupboard,sauce,2025-05-29
Ben's Original Lemon Chicken with Egg Fried Rice Meal Bundle For 4,£8.60,null,cupboard,sauce,2025-05-29
Midweek Creamy Pasta Meal for 3-4 People,£2.63,null,cupboard,sauce,2025-05-29
Lee Kum Kee Kee Honey & Soy Stir-Fry Sauce 70g,£0.95,(£1.36/100g),cupboard,sauce,2025-05-29
Capsicana Mexican Fajita Chilli & Honey Cooking Paste 60g,£1.34,(£2.23/100g),cupboard,sauce,2025-05-29
Sharwood's Curry Paste Korma 280g,£2.17,(77.5p/100g),cupboard,sauce,2025-05-29
Loyd Grossman No Added Sugar Tomato & Chilli Pasta Sauce,£1.98,(56.6p/100g),cupboard,sauce,2025-05-29
Meatballs Meal Bundle for 4,£5.97,null,cupboard,sauce,2025-05-29
Blue Dragon Chow Mein Stir Fry Sauce,£0.83,(69.2p/100g),cupboard,sauce,2025-05-29
Sharwood's Jalfrezi Hot Curry Cooking Sauce,£1.77,(42.1p/100g),cupboard,sauce,2025-05-29
Patak's The Original Curry Creations Korma Sauce 160g,£3.13,(£1.96/100g),cupboard,sauce,2025-05-29
Sharwood's Tikka Masala Reduced Fat Curry Sauce,£1.77,(42.1p/100g),cupboard,sauce,2025-05-29
"YO! Soy, Ginger & Garlic Yakisoba Stir Fry",£0.96,(96.0p/100g),cupboard,sauce,2025-05-29
YO! Katsu Curry Sauce,£0.96,(96.0p/100g),cupboard,sauce,2025-05-29
ASDA Extra Special Punjabi Style Dopiaza Curry Sauce,£2.50,(73.5p/100g),cupboard,sauce,2025-05-29
Lee Kum Kee Kee Sichuan Style Hot & Spicy Stir-Fry Sauce 190g,£2.20,(£1.16/100g),cupboard,sauce,2025-05-29
,,,cupboard,sauce,2025-05-29
,,,cupboard,sauce,2025-05-29
,,,cupboard,sauce,2025-05-29
,,,cupboard,sauce,2025-05-29
,,,cupboard,sauce,2025-05-29
,,,cupboard,sauce,2025-05-29
,,,cupboard,sauce,2025-05-29
,,,cupboard,sauce,2025-05-29
,,,cupboard,sauce,2025-05-29
,,,cupboard,sauce,2025-05-29
,,,cupboard,sauce,2025-05-29
,,,cupboard,sauce,2025-05-29
,,,cupboard,sauce,2025-05-29
,,,cupboard,sauce,2025-05-29
,,,cupboard,sauce,2025-05-29
,,,cupboard,sauce,2025-05-29
,,,cupboard,sauce,2025-05-29
Dolmio Sauce for Pasta Bake Creamy Tomato 450g,£1.88,(41.8p/100g),cupboard,sauce,2025-05-29
Dolmio Sauce for Pasta Bake Tomato & Cheese 450g,£1.88,(41.8p/100g),cupboard,sauce,2025-05-29
Dolmio Sauce for Pasta Bake Carbonara 430g,£1.88,(43.7p/100g),cupboard,sauce,2025-05-29
ASDA Extra Special Special Fiery Goan Style Curry Cooking Sauce,£2.50,(73.5p/100g),cupboard,sauce,2025-05-29
Sharwood's Black Bean Red Pepper Mild Cooking Sauce,£1.77,(41.6p/100g),cupboard,sauce,2025-05-29
Lee Kum Kee Kee Sichuan Style Hot & Spicy Stir-Fry Sauce 190g,£2.20,(£1.16/100g),cupboard,sauce,2025-05-29
Homepride Hunter's Chicken Cooking Sauce,£1.88,(38.8p/100g),cupboard,sauce,2025-05-29
Patak's The Original Curry Creations Jalfrezi Sauce 160g,£3.13,(£1.96/100g),cupboard,sauce,2025-05-29
Old El Paso Mexican Cooking Sauce for Enchiladas Cheesy Baked,£2.04,(60.0p/100g),cupboard,sauce,2025-05-29
Wagamama Teriyaki Stir Fry Sauce 120g,£1.30,(£1.08/100g),cupboard,sauce,2025-05-29
Sharwood's 30% Less Fat Butter Chicken Curry Sauce,£1.77,(42.1p/100g),cupboard,sauce,2025-05-29
Homepride White Wine & Cream Cooking Sauce,£2.58,(64.5p/100g),cupboard,sauce,2025-05-29
ASDA Tomato & Basil Pizza Sauce Topper,£2.30,(92.0p/100g),cupboard,sauce,2025-05-29
Pesto & Spaghetti Bundle,£4.43,null,cupboard,sauce,2025-05-29
Zest Vegan Basil Pesto with Cashew Nuts 165g,£2.50,(£1.52/100g),cupboard,sauce,2025-05-29
ASDA Free From Bolognese Pasta Sauce,£1.30,(26.0p/100g),cupboard,sauce,2025-05-29
Filippo Berio Tomato & Ricotta Pesto 190g,£2.80,(£1.47/100g),cupboard,sauce,2025-05-29
ASDA Free From Chow Mein Stir-Fry Sauce 120g,£0.60,(50.0p/100g),cupboard,sauce,2025-05-29
Blue Dragon Sweet Chilli & Garlic Stir Fry Sauce,£0.83,(69.2p/100g),cupboard,sauce,2025-05-29
ASDA Bolognese Pasta Sauce,£0.69,(13.9p/100g),cupboard,sauce,2025-05-29
ASDA Creamy Tomato Pasta Bake 500g,£0.69,(13.8p/100g),cupboard,sauce,2025-05-29
ASDA Chunky Veg & Tomato Pasta Sauce 500g,£0.69,(13.8p/100g),cupboard,sauce,2025-05-29
ASDA Tomato & Basil Sauce for Meatballs 500g,£0.69,(13.8p/100g),cupboard,sauce,2025-05-29
ASDA Tomato & Pepperoni Pasta Bake 500g,£0.69,(13.8p/100g),cupboard,sauce,2025-05-29
ASDA Cheesy Pasta Bake 475g,£0.69,(14.5p/100g),cupboard,sauce,2025-05-29
JUST ESSENTIALS by ASDA Mild Curry Sauce,£0.49,(11.1p/100g),cupboard,sauce,2025-05-29
ASDA Tomato & Mushroom Pasta Sauce 500g,£0.69,(13.9p/100g),cupboard,sauce,2025-05-29
ASDA Free From Korma Curry Sauce,£1.30,(26.0p/100g),cupboard,sauce,2025-05-29
ASDA Free From Tomato & Herb Pasta Bake Sauce,£1.30,(26.0p/100g),cupboard,sauce,2025-05-29
ASDA Smooth Bolognese Pasta Sauce 500g,£0.69,(13.8p/100g),cupboard,sauce,2025-05-29
ASDA Asda Tomato & Garlic Pasta Sauce 500g,£0.69,(13.8p/100g),cupboard,sauce,2025-05-29
ASDA Spicy Tomato Pasta Sauce 500g,£0.69,(13.8p/100g),cupboard,sauce,2025-05-29
ASDA Korma Cooking Sauce 490g,£0.97,(19.8p/100g),cupboard,sauce,2025-05-29
ASDA Butter Chicken Cooking Sauce 495g,£0.97,(19.6p/100g),cupboard,sauce,2025-05-29
,,,cupboard,sauce,2025-05-29
,,,cupboard,sauce,2025-05-29
,,,cupboard,sauce,2025-05-29
,,,cupboard,sauce,2025-05-29
,,,cupboard,sauce,2025-05-29
,,,cupboard,sauce,2025-05-29
,,,cupboard,sauce,2025-05-29
,,,cupboard,sauce,2025-05-29
,,,cupboard,sauce,2025-05-29
,,,cupboard,sauce,2025-05-29
,,,cupboard,sauce,2025-05-29
,,,cupboard,sauce,2025-05-29
,,,cupboard,sauce,2025-05-29
,,,cupboard,sauce,2025-05-29
,,,cupboard,sauce,2025-05-29
,,,cupboard,sauce,2025-05-29
,,,cupboard,sauce,2025-05-29
Dolmio Sauce for Pasta Bake Creamy Tomato 450g,£1.88,(41.8p/100g),cupboard,sauce,2025-05-29
Dolmio Tomato & Basil Stir in Sauce,£1.53,(£1.02/100g),cupboard,sauce,2025-05-29
Dolmio Sauce for Pasta Bake Tomato & Cheese 450g,£1.88,(41.8p/100g),cupboard,sauce,2025-05-29
ASDA White Lasagne Sauce 480g,£0.80,(16.7p/100g),cupboard,sauce,2025-05-29
Dolmio Bolognese Onion & Garlic Sauce for Bolognese 450g,£1.88,(41.8p/100g),cupboard,sauce,2025-05-29
Heinz Tomato Grana Padano & Mascarpone Pasta Sauce,£1.56,(44.6p/100g),cupboard,sauce,2025-05-29
ASDA Tomato & Basil Stir-In Sauce 190g,£1.48,(77.9p/100g),cupboard,sauce,2025-05-29
ASDA Red Pesto 190g,£0.99,(52.1p/100g),cupboard,sauce,2025-05-29
ASDA Extra Special Mascarpone & Tomato Pasta Sauce,£1.85,(54.4p/100g),cupboard,sauce,2025-05-29
ASDA Green Pesto,£0.99,(52.1p/100g),cupboard,sauce,2025-05-29
ASDA Extra Special Tomato & Mascarpone Stir-In Sauce 190g,£1.86,(97.9p/100g),cupboard,sauce,2025-05-29
Dolmio Smooth Tomato Sauce for Bolognese 450g,£1.88,(41.8p/100g),cupboard,sauce,2025-05-29
Loyd Grossman Tomato & Roasted Garlic Pasta Sauce,£1.98,(56.6p/100g),cupboard,sauce,2025-05-29
Loyd Grossman Tomato & Chilli Pasta Sauce,£1.98,(56.6p/100g),cupboard,sauce,2025-05-29
Homepride Pasta Bake Sauce Tomato & Bacon,£1.88,(38.8p/100g),cupboard,sauce,2025-05-29
Dolmio Creamy Sauce for Lasagne 440g,£1.88,(42.7p/100g),cupboard,sauce,2025-05-29
Dolmio Original Sauce for Bolognese 450g,£1.88,(41.8p/100g),cupboard,sauce,2025-05-29
Dolmio Intensify Mild Creamy Garlic & Black Pepper Pasta Sauce,£1.88,(48.1p/100g),cupboard,sauce,2025-05-29
Dolmio Tomato Sauce for Lasagne 450g,£1.88,(41.8p/100g),cupboard,sauce,2025-05-29
Loyd Grossman Tomato & Sweet Red Pepper Pasta Sauce,£1.98,(56.6p/100g),cupboard,sauce,2025-05-29
Homepride Pasta Bake Sauce Creamy Tomato and Herb,£1.88,(38.8p/100g),cupboard,sauce,2025-05-29
Dolmio Tomato Sauce for Lasagne 675g,£3.00,(44.4p/100g),cupboard,sauce,2025-05-29
ASDA Extra Special Tomato & Grilled Pepper Stir-In Pasta Sauce,£1.86,(97.9p/100g),cupboard,sauce,2025-05-29
Homepride Pasta Bake Cheese & Bacon,£1.88,(38.8p/100g),cupboard,sauce,2025-05-29
Dolmio Intensify Fiery Sun-Ripened Tomato & Chilli Pasta Sauce,£1.88,(47.0p/100g),cupboard,sauce,2025-05-29
Loyd Grossman Tomato & Chilli Pasta Sauce,£3.06,(46.4p/100g),cupboard,sauce,2025-05-29
Dolmio Low Fat Sauce for Bolognese 450g,£1.88,(41.8p/100g),cupboard,sauce,2025-05-29
ASDA Extra Special Carbonara Sauce,£1.85,(54.4p/100g),cupboard,sauce,2025-05-29
Dolmio Original Sauce for Bolognese 675g,£3.00,(44.4p/100g),cupboard,sauce,2025-05-29
Loyd Grossman Tomato Spinach and Ricotta Pasta Sauce,£1.98,(56.6p/100g),cupboard,sauce,2025-05-29
Sacla Classic Basil Pesto,£3.35,(£1.76/100g),cupboard,sauce,2025-05-29
Dolmio Onion & Garlic Sauce for Bolognese 675g,£3.00,(44.4p/100g),cupboard,sauce,2025-05-29
ASDA Extra Special Pesto Alla Genovese 190g,£2.20,(£1.16/100g),cupboard,sauce,2025-05-29
ASDA Extra Special Chilli and Tomato Pasta Sauce,£1.85,(54.4p/100g),cupboard,sauce,2025-05-29
Homepride Pasta Bake Carbonara 485g,£1.88,(38.8p/100g),cupboard,sauce,2025-05-29
Filippo Berio Pasta Sauce Arrabbiata 340g,£1.48,(43.5p/100g),cupboard,sauce,2025-05-29
Sacla Sun-Dried Tomato Pesto,£3.35,(£1.76/100g),cupboard,sauce,2025-05-29
Loyd Grossman Tomato & Basil Pasta Sauce,£3.06,(46.4p/100g),cupboard,sauce,2025-05-29
Loyd Grossman Bolognese Pasta Sauce,£3.06,(46.4p/100g),cupboard,sauce,2025-05-29
Dolmio Sauce for Bolognese Chunky Mushroom 450g,£1.88,(41.8p/100g),cupboard,sauce,2025-05-29
Filippo Berio Tomato & Ricotta Pesto 190g,£2.80,(£1.47/100g),cupboard,sauce,2025-05-29
Filippo Berio Sun-Dried Tomato Pesto 190g,£2.80,(£1.47/100g),cupboard,sauce,2025-05-29
ASDA Extra Special Sun-Dried Tomato Pesto 190g,£2.20,(£1.16/100g),cupboard,sauce,2025-05-29
Dolmio Creamy Sauce for Lasagne 655g,£3.00,(45.8p/100g),cupboard,sauce,2025-05-29
ASDA Extra Special Bolognese Sauce,£1.85,(54.4p/100g),cupboard,sauce,2025-05-29
Heinz Sundried Cherry Tomato & Basil Pasta Sauce,£1.56,(44.6p/100g),cupboard,sauce,2025-05-29
Dolmio Tomato & Basil Sauce for Meatballs 450g,£1.88,(41.8p/100g),cupboard,sauce,2025-05-29
ASDA Italian Inspired Green Pesto 190g,£1.30,(68.4p/100g),cupboard,sauce,2025-05-29
,,,cupboard,sauce,2025-05-29
,,,cupboard,sauce,2025-05-29
,,,cupboard,sauce,2025-05-29
,,,cupboard,sauce,2025-05-29
,,,cupboard,sauce,2025-05-29
,,,cupboard,sauce,2025-05-29
,,,cupboard,sauce,2025-05-29
,,,cupboard,sauce,2025-05-29
,,,cupboard,sauce,2025-05-29
,,,cupboard,sauce,2025-05-29
,,,cupboard,sauce,2025-05-29
,,,cupboard,sauce,2025-05-29
,,,cupboard,sauce,2025-05-29
,,,cupboard,sauce,2025-05-29
,,,cupboard,sauce,2025-05-29
,,,cupboard,sauce,2025-05-29
,,,cupboard,sauce,2025-05-29
Dolmio Sauce for Pasta Bake Creamy Tomato 450g,£1.88,(41.8p/100g),cupboard,sauce,2025-05-29
Heinz Passata with Basil,£1.66,(£3.32/kg),cupboard,sauce,2025-05-29
Dolmio Tomato & Basil Stir in Sauce,£1.53,(£1.02/100g),cupboard,sauce,2025-05-29
"Dolmio Intensify Spicy Red Pepper, Smoked Paprika & Chilli Pasta Sauce",£1.68,(42.0p/100g),cupboard,sauce,2025-05-29
Sacla Fiery Chilli Pesto,£3.35,(£1.76/100g),cupboard,sauce,2025-05-29
Dolmio Chunky Mushroom Sauce for Bolognese 675g,£3.00,(44.4p/100g),cupboard,sauce,2025-05-29
Dolmio Sauce for Bolognese Spicy Chilli 450g,£1.88,(41.8p/100g),cupboard,sauce,2025-05-29
Loyd Grossman Tomato & Basil Pasta Sauce,£1.98,(56.6p/100g),cupboard,sauce,2025-05-29
Dolmio Smooth Tomato Sauce for Bolognese 675g,£3.00,(44.4p/100g),cupboard,sauce,2025-05-29
ASDA Tomato Purée Double Concentrate 200g,£0.72,(36.0p/100g),cupboard,sauce,2025-05-29
ASDA Grated Hard Cheese 80g,£1.25,(£1.56/100g),cupboard,sauce,2025-05-29
ASDA Passata 500g,£0.55,(£1.10/kg),cupboard,sauce,2025-05-29
Melis Pickled Jalapeno Pepper Slices,£2.40,(33.3p/100g),cupboard,sauce,2025-05-29
ASDA Extra Special Whole Green Halkidiki Olives,£2.25,(£1.15/100g),cupboard,sauce,2025-05-29
Loyd Grossman No Added Sugar Pizza Sauce,£1.98,(56.6p/100g),cupboard,sauce,2025-05-29
Filippo Berio Hot Chilli Pesto 190g,£2.80,(£1.47/100g),cupboard,sauce,2025-05-29
Dolmio Stir in Sundried Tomato Pasta Sauce,£1.53,(£1.02/100g),cupboard,sauce,2025-05-29
Dolmio Lasagne Meal Bundle For 4,£11.04,null,cupboard,sauce,2025-05-29
Melis Pickled Peppers,£2.43,(33.8p/100ml),cupboard,sauce,2025-05-29
Heinz Cupboard Fillers,£5.87,null,cupboard,sauce,2025-05-29
Heinz Classic Passata,£1.66,(£3.32/kg),cupboard,sauce,2025-05-29
ASDA Extra Special Garlic Stuffed Green Olives,£2.62,(£1.34/100g),cupboard,sauce,2025-05-29
Loyd Grossman Lean Turkey Lasagne Meal for 4-6,£11.32,null,cupboard,sauce,2025-05-29
Loyd Grossman Bolognese Original Pasta Sauce,£1.98,(56.6p/100g),cupboard,sauce,2025-05-29
Cypressa Jar Of Pitted Olives in Brine,£3.10,(67.4p/100g),cupboard,sauce,2025-05-29
Filippo Berio Pasta Sauce Verdure Grigliate 340g,£1.48,(43.5p/100g),cupboard,sauce,2025-05-29
ASDA Pitted Queen Olives 310g,£1.78,(89.9p/100g),cupboard,sauce,2025-05-29
Cypressa Jar Of Pitted Black Olives in Brine,£1.60,(94.1p/100g),cupboard,sauce,2025-05-29
Dolmio Sauce for Pasta Bake Tomato & Cheese 450g,£1.88,(41.8p/100g),cupboard,sauce,2025-05-29
Loyd Grossman No Added Sugar Red Lasagne Sauce,£1.98,(44.0p/100g),cupboard,sauce,2025-05-29
Loyd Grossman Tomato & Red Wine Pasta Sauce,£1.98,(56.6p/100g),cupboard,sauce,2025-05-29
Filippo Berio Pasta Sauce Basilico 340g,£1.48,(43.5p/100g),cupboard,sauce,2025-05-29
Loyd Grossman Italian Grated Cheese,£1.78,(£2.23/100g),cupboard,sauce,2025-05-29
Loyd Grossman No Added Sugar White Lasagne Sauce,£1.98,(45.0p/100g),cupboard,sauce,2025-05-29
Dolmio Stir in Carbonara Pasta Sauce,£1.53,(£1.02/100g),cupboard,sauce,2025-05-29
ASDA Garlic Stuffed Olives 340g,£1.35,(68.2p/100g),cupboard,sauce,2025-05-29
ASDA Extra Special Pitted Mixed Greek Olives Jar,£2.42,(£1.24/100g),cupboard,sauce,2025-05-29
Napolina Double Concentrate Tomato Purée,£1.20,(£6.00/kg),cupboard,sauce,2025-05-29
Loyd Grossman 2 Flame Baked Pizza Bases,£1.94,(88.2p/100g),cupboard,sauce,2025-05-29
Sacla Vegan Basil Pesto,£3.10,(£1.63/100g),cupboard,sauce,2025-05-29
ASDA Capers 190g,£2.20,(£1.83/100g),cupboard,sauce,2025-05-29
"Dolmio Intensify Mascarpone, Sundried Tomato & Intense Herbs Pasta Sauce 400g",£1.88,(47.0p/100g),cupboard,sauce,2025-05-29
Cypressa Black Pitted Olives In Brine Jar,£3.10,(68.1p/100g),cupboard,sauce,2025-05-29
Schar Gluten Free Pizza Base,£3.25,(£1.08/100g),cupboard,sauce,2025-05-29
Heinz Sauces Stock-Up Bundle,£9.93,null,cupboard,sauce,2025-05-29
Sacla Pesto Stock Up Bundle,£10.05,null,cupboard,sauce,2025-05-29
Tamtad Stuffed Vine Leaves,£2.20,(55.0p/100g),cupboard,sauce,2025-05-29
Bodrum Tomato Paste,£2.58,(36.9p/100g),cupboard,sauce,2025-05-29
Melis Sun-Dried Tomatoes in Sunflower Oil,£2.83,(83.2p/100ml),cupboard,sauce,2025-05-29
Dolmio Sauce for Lasagne Light Creamy 440g,£1.88,(42.7p/100g),cupboard,sauce,2025-05-29
Heinz Tomato Sauce for Bolognese,£1.56,(44.6p/100g),cupboard,sauce,2025-05-29
Cypressa Jar Of Pitted Olives in Brine,£1.60,(94.1p/100g),cupboard,sauce,2025-05-29
Dolmio Lasagne Duo Meal Bundle For 4,£3.76,null,cupboard,sauce,2025-05-29
ASDA Pimento Stuffed Olives 340g,£1.35,(68.2p/100g),cupboard,sauce,2025-05-29
,,,cupboard,sauce,2025-05-29
,,,cupboard,sauce,2025-05-29
,,,cupboard,sauce,2025-05-29
,,,cupboard,sauce,2025-05-29
,,,cupboard,sauce,2025-05-29
,,,cupboard,sauce,2025-05-29
,,,cupboard,sauce,2025-05-29
,,,cupboard,sauce,2025-05-29
,,,cupboard,sauce,2025-05-29
,,,cupboard,sauce,2025-05-29
,,,cupboard,sauce,2025-05-29
,,,cupboard,sauce,2025-05-29
,,,cupboard,sauce,2025-05-29
,,,cupboard,sauce,2025-05-29
,,,cupboard,sauce,2025-05-29
,,,cupboard,sauce,2025-05-29
,,,cupboard,sauce,2025-05-29
Dolmio Sauce for Pasta Bake Creamy Tomato 450g,£1.88,(41.8p/100g),cupboard,sauce,2025-05-29
Heinz Passata with Basil,£1.66,(£3.32/kg),cupboard,sauce,2025-05-29
Dolmio Tomato & Basil Stir in Sauce,£1.53,(£1.02/100g),cupboard,sauce,2025-05-29
ASDA Extra Special Sweet Peppers & Red Chilli Passata,£1.30,(£3.02/kg),cupboard,sauce,2025-05-29
Bodrum Tomato Paste,£2.58,(36.9p/100g),cupboard,sauce,2025-05-29
Filippo Berio Truffle Pesto 190g,£4.50,(£2.37/100g),cupboard,sauce,2025-05-29
Melis Capers in Brine,£1.90,(£1.06/100g),cupboard,sauce,2025-05-29
Dolmio Lasagne Duo Meal Bundle For 4,£3.76,null,cupboard,sauce,2025-05-29
ASDA Pimento Stuffed Olives 340g,£1.35,(68.2p/100g),cupboard,sauce,2025-05-29
Dolmio Intensify Smokey Garlic & Sundried Tomato Pasta Sauce 400g,£1.88,(47.0p/100g),cupboard,sauce,2025-05-29
Melis Pickled Jalapeno Pepper Slices,£1.80,(48.6p/100ml),cupboard,sauce,2025-05-29
Heinz Tomato & Chilli Pasta Sauce,£1.56,(44.6p/100g),cupboard,sauce,2025-05-29
Loyd Grossman No Added Sugar Tomato & Chilli Pasta Sauce,£1.98,(56.6p/100g),cupboard,sauce,2025-05-29
ASDA Pitted Black Olives 310g,£1.20,(72.7p/100g),cupboard,sauce,2025-05-29
Cypressa Antipasti d' Italia Marinated Artichoke Hearts,£2.84,(£10.14/kg),cupboard,sauce,2025-05-29
Meatballs Meal Bundle for 4,£5.97,null,cupboard,sauce,2025-05-29
Cypressa Jar Of Pitted Olives in Brine,£1.60,(94.1p/100g),cupboard,sauce,2025-05-29
Heinz Tomato Sauce for Bolognese,£1.56,(44.6p/100g),cupboard,sauce,2025-05-29
Loyd Grossman Tomato & Smoked Bacon Pasta Sauce,£1.98,(56.6p/100g),cupboard,sauce,2025-05-29
ASDA Organic Tomato Purée Double Concentrate,£1.20,(60.0p/100g),cupboard,sauce,2025-05-29
Loyd Grossman Loyd Grossman No Added Sugar Bolognese Pasta Sauce,£1.98,(56.6p/100g),cupboard,sauce,2025-05-29
Dolmio Sundried Tomato Pasta Salad Meal Bundle For 2,£3.06,null,cupboard,sauce,2025-05-29
ASDA Extra Special Sun-Dried Tomato & Basil Passata,£1.30,(£3.02/kg),cupboard,sauce,2025-05-29
Heinz Pasta Bake Bundle,£4.85,null,cupboard,sauce,2025-05-29
Homepride Pasta Bake Creamy Tomato & Cheddar 485g,£1.88,(38.8p/100g),cupboard,sauce,2025-05-29
ASDA Tomato Passata with Basil,£1.04,(£2.08/kg),cupboard,sauce,2025-05-29
Pesto & Spaghetti Bundle,£4.43,null,cupboard,sauce,2025-05-29
Zest Vegan Basil Pesto with Cashew Nuts 165g,£2.50,(£1.52/100g),cupboard,sauce,2025-05-29
Cypressa Baked Giant Beans,£1.75,(62.5p/100g),cupboard,sauce,2025-05-29
Dolmio Sweet Pepper Stir in Sauce,£1.53,(£1.02/100g),cupboard,sauce,2025-05-29
Filippo Berio Filippo Berio Pasta Sauce Bolognese 340g,£1.48,(43.5p/100g),cupboard,sauce,2025-05-29
ASDA Tomato Passata with Chilli & Peppers,£1.04,(£2.08/kg),cupboard,sauce,2025-05-29
ASDA Tomato & Basil Pizza Sauce Topper,£2.30,(92.0p/100g),cupboard,sauce,2025-05-29
Cook Italian Tomato Purée,£0.75,(£5.36/kg),cupboard,sauce,2025-05-29
ASDA Sun-Dried Tomatoes 280g,£2.95,(£2.11/100g),cupboard,sauce,2025-05-29
Heinz Tomato Pasta Sauce for Bolognese 490g,£2.18,(44.5p/100g),cupboard,sauce,2025-05-29
Melis Pickled Cornichons,£2.00,(29.4p/100g),cupboard,sauce,2025-05-29
Mutti Parma Passata,£1.98,(49.5p/100g),cupboard,sauce,2025-05-29
Dolmio Carbonara Pasta Bake Meal Bundle For 4,£7.55,null,cupboard,sauce,2025-05-29
Filippo Berio Classic Pesto 190g,£2.80,(£1.47/100g),cupboard,sauce,2025-05-29
ASDA Marinated Artichokes 280g,£2.80,(£1.60/100g),cupboard,sauce,2025-05-29
Peppadew Sweet Piquanté Peppers Mild Whole,£2.23,(55.8p/100g),cupboard,sauce,2025-05-29
Cypressa Kalamata olives Jar,£2.20,(63.8p/100g),cupboard,sauce,2025-05-29
Loyd Grossman No Added Sugar Tomato & Basil,£1.98,(56.6p/100g),cupboard,sauce,2025-05-29
Mutti Double Concentrate Tomato Puree,£1.26,(£9.69/kg),cupboard,sauce,2025-05-29
ASDA Extra Special Red Pepper Stuffed Green Olives,£2.62,(£1.34/100g),cupboard,sauce,2025-05-29
Cypressa Brown Tahini,£2.78,(92.7p/100g),cupboard,sauce,2025-05-29
ASDA Tomato Passata with Garlic,£1.08,(£2.16/kg),cupboard,sauce,2025-05-29
Melis Roasted Red Peppers,£2.83,(39.3p/100ml),cupboard,sauce,2025-05-29
Homepride Pasta Bake Sauce Tomato & Herb 485g,£1.88,(38.8p/100g),cupboard,sauce,2025-05-29
Mutti Simply Sugo Basil Pasta Sauce,£2.36,(59.0p/100g),cupboard,sauce,2025-05-29
ASDA 2 Pizza Bases 300g,£1.75,(87.5p/each),cupboard,sauce,2025-05-29
Dolmio Stir In Pasta Sauce Smoked Bacon & Tomato,£1.53,(£1.02/100g),cupboard,sauce,2025-05-29
,,,cupboard,sauce,2025-05-29
,,,cupboard,sauce,2025-05-29
,,,cupboard,sauce,2025-05-29
,,,cupboard,sauce,2025-05-29
,,,cupboard,sauce,2025-05-29
,,,cupboard,sauce,2025-05-29
,,,cupboard,sauce,2025-05-29
,,,cupboard,sauce,2025-05-29
,,,cupboard,sauce,2025-05-29
,,,cupboard,sauce,2025-05-29
,,,cupboard,sauce,2025-05-29
,,,cupboard,sauce,2025-05-29
,,,cupboard,sauce,2025-05-29
,,,cupboard,sauce,2025-05-29
,,,cupboard,sauce,2025-05-29
,,,cupboard,sauce,2025-05-29
,,,cupboard,sauce,2025-05-29
Dolmio Sauce for Pasta Bake Creamy Tomato 450g,£1.88,(41.8p/100g),cupboard,sauce,2025-05-29
Heinz Passata with Basil,£1.66,(£3.32/kg),cupboard,sauce,2025-05-29
Dolmio Tomato & Basil Stir in Sauce,£1.53,(£1.02/100g),cupboard,sauce,2025-05-29
Melis Pickled Gherkins,£1.90,(50.0p/100ml),cupboard,sauce,2025-05-29
Cypressa Antipasti Marinated Sun-Dried Tomatoes,£2.88,(£10.29/kg),cupboard,sauce,2025-05-29
ASDA Pitted Green Olives 310g,£1.20,(72.7p/100g),cupboard,sauce,2025-05-29
ASDA Ricotta & Red Pepper Pesto,£0.99,(52.1p/100g),cupboard,sauce,2025-05-29
ASDA Chargrilled Mixed Peppers 285g,£2.42,(£1.42/100g),cupboard,sauce,2025-05-29
Heinz Sundried Cherry Tomato & Basil,£2.18,(44.5p/100g),cupboard,sauce,2025-05-29
"Homepride Pasta Bake Tomato, Garlic & Chilli",£1.88,(38.8p/100g),cupboard,sauce,2025-05-29
Mutti Simply Sugo Chilli Pasta Sauce,£2.36,(59.0p/100g),cupboard,sauce,2025-05-29
ASDA Extra Special Roasted Garlic & Herb Passata,£1.30,(£3.02/kg),cupboard,sauce,2025-05-29
ASDA Jalapeño Stuffed Olives 340g,£1.35,(68.2p/100g),cupboard,sauce,2025-05-29
ASDA Organic Passata,£1.80,(26.5p/100g),cupboard,sauce,2025-05-29
Cook Italian Tomato Purée,£0.75,(£5.36/kg),cupboard,sauce,2025-05-29
ASDA Sun-Dried Tomatoes 280g,£2.95,(£2.11/100g),cupboard,sauce,2025-05-29
ASDA Asda Tomato & Garlic Pasta Sauce 500g,£0.69,(13.8p/100g),cupboard,sauce,2025-05-29
ASDA Bolognese Pasta Sauce,£0.69,(13.9p/100g),cupboard,sauce,2025-05-29
ASDA Creamy Tomato Pasta Bake 500g,£0.69,(13.8p/100g),cupboard,sauce,2025-05-29
ASDA Chunky Veg & Tomato Pasta Sauce 500g,£0.69,(13.8p/100g),cupboard,sauce,2025-05-29
ASDA Tomato & Basil Sauce for Meatballs 500g,£0.69,(13.8p/100g),cupboard,sauce,2025-05-29
ASDA Tomato & Pepperoni Pasta Bake 500g,£0.69,(13.8p/100g),cupboard,sauce,2025-05-29
ASDA Tomato & Mushroom Pasta Sauce 500g,£0.69,(13.9p/100g),cupboard,sauce,2025-05-29
ASDA Smooth Bolognese Pasta Sauce 500g,£0.69,(13.8p/100g),cupboard,sauce,2025-05-29
ASDA Spicy Tomato Pasta Sauce 500g,£0.69,(13.8p/100g),cupboard,sauce,2025-05-29
,,,cupboard,sauce,2025-05-29
,,,cupboard,sauce,2025-05-29
,,,cupboard,sauce,2025-05-29
,,,cupboard,sauce,2025-05-29
,,,cupboard,sauce,2025-05-29
,,,cupboard,sauce,2025-05-29
,,,cupboard,sauce,2025-05-29
,,,cupboard,sauce,2025-05-29
,,,cupboard,sauce,2025-05-29
,,,cupboard,sauce,2025-05-29
,,,cupboard,sauce,2025-05-29
,,,cupboard,sauce,2025-05-29
,,,cupboard,sauce,2025-05-29
,,,cupboard,sauce,2025-05-29
,,,cupboard,sauce,2025-05-29
,,,cupboard,sauce,2025-05-29
,,,cupboard,sauce,2025-05-29
Hellmann's Sauce Sweet & Sour 250 ml,£1.98,(79.2p/100ml),cupboard,sauce,2025-05-29
Blue Dragon Thai Green Curry Paste 170g,£2.12,(£1.25/100g),cupboard,sauce,2025-05-29
Yutaka Wasabi Paste,£1.83,(£4.26/100g),cupboard,sauce,2025-05-29
Street Kitchen Jamaican Scratch Kit Jamaican Jerk Chicken,£2.02,(79.2p/100g),cupboard,sauce,2025-05-29
Street Kitchen Asian Curry Kit Yellow Thai Curry,£2.02,(70.9p/100g),cupboard,sauce,2025-05-29
Ko-Lee Go Noodles Xtreme Hot & Spicy Flavour,£0.34,(£4.00/kg),cupboard,sauce,2025-05-29
Yutaka White Miso Paste,£1.23,(£1.23/100g),cupboard,sauce,2025-05-29
Yutaka Sushi Nori,£1.48,(£13.45/100g),cupboard,sauce,2025-05-29
Yutaka Sushi Rice,£1.68,(£3.36/kg),cupboard,sauce,2025-05-29
Street Kitchen Malaysian Peanut Satay Stir Fry Kit,£2.02,(79.2p/100g),cupboard,sauce,2025-05-29
KTC Coconut Milk,£0.83,(£2.08/kg),cupboard,sauce,2025-05-29
Yutaka Mirin Sweet Rice Seasoning,£1.58,(£1.05/100ml),cupboard,sauce,2025-05-29
Street Kitchen Japanese Teriyaki Chicken Stir Fry Kit,£2.02,(79.2p/100g),cupboard,sauce,2025-05-29
Street Kitchen Kung Pao Chicken Stir Fry Kit,£2.02,(79.2p/100g),cupboard,sauce,2025-05-29
ASDA To Share Prawn Crackers 80g,£1.42,(£1.77/100g),cupboard,sauce,2025-05-29
ASDA Dark Soy Sauce 150ml,£0.64,(42.7p/100ml),cupboard,sauce,2025-05-29
Blue Dragon Hoisin Sauce,£1.63,(85.8p/100ml),cupboard,sauce,2025-05-29
Blue Dragon Coconut Milk,£2.12,(53.0p/100ml),cupboard,sauce,2025-05-29
Tilda Firecracker Hot Spicy Basmati Rice,£1.25,(£5.00/kg),cupboard,sauce,2025-05-29
Sharwood's Chinese Medium Curry Cooking Sauce,£1.77,(41.6p/100g),cupboard,sauce,2025-05-29
Amoy Reduced Fat Coconut Milk,£2.00,(50.0p/100ml),cupboard,sauce,2025-05-29
Amoy Straight To Wok Singapore Curry Noodles,£2.15,(£7.17/kg),cupboard,sauce,2025-05-29
Simply Cook Korean Fried Rice Recipe Kit 70g,£2.48,(£3.54/100g),cupboard,sauce,2025-05-29
Blue Dragon Coconut Cream UHT,£1.54,(61.6p/100ml),cupboard,sauce,2025-05-29
ASDA Thai Sticky Rice 500g,£1.50,(£3.00/kg),cupboard,sauce,2025-05-29
Island Sun Coconut Milk,£1.00,(25.0p/100ml),cupboard,sauce,2025-05-29
ASDA Water Chestnuts,£1.15,(82.1p/100g),cupboard,sauce,2025-05-29
Lee Kum Kee Premium Light Soy Sauce,£1.48,(98.7p/100ml),cupboard,sauce,2025-05-29
ASDA Chow Mein Stir-Fry Sauce,£0.65,(54.2p/100g),cupboard,sauce,2025-05-29
ASDA Sweet & Sour Stir-Fry Sauce 120g,£0.65,(54.2p/100g),cupboard,sauce,2025-05-29
Blue Dragon Teriyaki Stir Fry Sauce,£0.83,(69.2p/100g),cupboard,sauce,2025-05-29
Sharwood's Medium Egg Noodles 226g,£1.38,(£6.11/kg),cupboard,sauce,2025-05-29
Sharwood's East Asian Japanese Katsu 415g,£1.77,(42.6p/100g),cupboard,sauce,2025-05-29
COOK by ASDA Thai Green Curry Paste 200g,£2.50,(£1.25/100g),cupboard,sauce,2025-05-29
Blue Dragon Black Bean Stir Fry Sauce,£0.83,(69.2p/100g),cupboard,sauce,2025-05-29
Sharwood's Sweet & Sour Cooking Sauce,£1.77,(41.6p/100g),cupboard,sauce,2025-05-29
Blue Dragon Sticky Korean BBQ 222g,£2.83,(£1.29/100g),cupboard,sauce,2025-05-29
Blue Dragon Wholewheat Noodles 250g,£1.33,(£5.32/kg),cupboard,sauce,2025-05-29
Blue Dragon Korean BBQ Stir Fry Sauce,£0.83,(69.2p/100g),cupboard,sauce,2025-05-29
Blue Dragon Light Soy Sauce,£2.12,(56.5p/100ml),cupboard,sauce,2025-05-29
Simply Cook Bang Bang Chicken Noodles Recipe Kit 45g,£2.48,(£5.51/100g),cupboard,sauce,2025-05-29
YO! Sweet & Sticky Teriyaki,£0.96,(96.0p/100g),cupboard,sauce,2025-05-29
Itsu Miso' Easy Traditional,£2.00,(£1.90/100g),cupboard,sauce,2025-05-29
"YO! Soy, Ginger & Garlic Yakisoba Stir Fry",£0.96,(96.0p/100g),cupboard,sauce,2025-05-29
YO! Katsu Curry Sauce,£0.96,(96.0p/100g),cupboard,sauce,2025-05-29
Ajumma Republic Kimchi Korean Pickled Cabbage,£2.10,(£1.31/100g),cupboard,sauce,2025-05-29
Sharwood's Plum Sauce,£3.20,(£1.07/100g),cupboard,sauce,2025-05-29
Blue Dragon Thai Green Curry Meal Kit,£2.83,(£2.83/each),cupboard,sauce,2025-05-29
Veetee Sticky Rice 2 Portions,£1.23,(£4.73/kg),cupboard,sauce,2025-05-29
Blue Dragon Oyster Sauce,£1.75,(£1.17/100ml),cupboard,sauce,2025-05-29
ASDA Egg Fried Micro Rice 250g,£0.75,(£3.00/kg),cupboard,sauce,2025-05-29
Lee Kum Kee Premium Dark Soy Sauce,£1.48,(98.7p/100ml),cupboard,sauce,2025-05-29
Kikkoman Teriyaki Marinade 250ml,£3.25,(£1.30/100ml),cupboard,sauce,2025-05-29
Blue Dragon Dark Soy Sauce,£2.12,(56.5p/100ml),cupboard,sauce,2025-05-29
,,,cupboard,sauce,2025-05-29
,,,cupboard,sauce,2025-05-29
,,,cupboard,sauce,2025-05-29
,,,cupboard,sauce,2025-05-29
,,,cupboard,sauce,2025-05-29
,,,cupboard,sauce,2025-05-29
,,,cupboard,sauce,2025-05-29
,,,cupboard,sauce,2025-05-29
,,,cupboard,sauce,2025-05-29
,,,cupboard,sauce,2025-05-29
,,,cupboard,sauce,2025-05-29
,,,cupboard,sauce,2025-05-29
,,,cupboard,sauce,2025-05-29
,,,cupboard,sauce,2025-05-29
,,,cupboard,sauce,2025-05-29
Hellmann's Sauce Sweet & Sour 250 ml,£1.98,(79.2p/100ml),cupboard,sauce,2025-05-29
Blue Dragon Thai Green Curry Meal Kit,£2.83,(£2.83/each),cupboard,sauce,2025-05-29
Veetee Thai Jasmin 2 Portions,£1.06,(£3.79/kg),cupboard,sauce,2025-05-29
ASDA Egg Fried Micro Rice 250g,£0.75,(£3.00/kg),cupboard,sauce,2025-05-29
Simply Cook Bang Bang Chicken Noodles Recipe Kit 45g,£2.48,(£5.51/100g),cupboard,sauce,2025-05-29
Amoy Straight To Wok Singapore Curry Noodles,£2.15,(£7.17/kg),cupboard,sauce,2025-05-29
YO! Sweet & Sticky Teriyaki,£0.96,(96.0p/100g),cupboard,sauce,2025-05-29
Ajumma Republic Kimchi Korean Pickled Cabbage,£2.10,(£1.31/100g),cupboard,sauce,2025-05-29
Itsu Miso' Easy Traditional,£2.00,(£1.90/100g),cupboard,sauce,2025-05-29
"YO! Soy, Ginger & Garlic Yakisoba Stir Fry",£0.96,(96.0p/100g),cupboard,sauce,2025-05-29
YO! Katsu Curry Sauce,£0.96,(96.0p/100g),cupboard,sauce,2025-05-29
ASDA Sweet & Sour Micro Rice,£0.75,(£3.00/kg),cupboard,sauce,2025-05-29
Blue Dragon Thai Red Curry Paste,£2.12,(£1.25/100g),cupboard,sauce,2025-05-29
Sharwood's East Asian Japanese Teriyaki 420g,£1.77,(42.1p/100g),cupboard,sauce,2025-05-29
ASDA Bamboo Shoots,£1.00,(83.3p/100g),cupboard,sauce,2025-05-29
Blue Dragon Pad Thai Noodles Stir Fry Kit,£2.83,(£2.83/each),cupboard,sauce,2025-05-29
ASDA Chinese Style Curry Cooking Sauce 500g,£1.17,(23.4p/100g),cupboard,sauce,2025-05-29
Blue Dragon Medium Egg Noodles 250g,£1.33,(£5.32/kg),cupboard,sauce,2025-05-29
Itsu Miso' Easy Chilli Miso,£2.00,(£3.33/100g),cupboard,sauce,2025-05-29
ASDA Rice Noodles 250g,£1.15,(£4.60/kg),cupboard,sauce,2025-05-29
Amoy Coconut Milk,£2.00,(50.0p/100ml),cupboard,sauce,2025-05-29
Native Prawn Crackers Sweet Chilli 60g,£2.10,(£3.50/100g),cupboard,sauce,2025-05-29
Wagamama Firecracker Stir Fry Sauce 120g,£1.30,(£1.08/100g),cupboard,sauce,2025-05-29
Blue Dragon Thai Massaman Curry Kit,£2.83,(£1.04/100g),cupboard,sauce,2025-05-29
Veetee Sticky Rice 2 Portions,£1.23,(£4.73/kg),cupboard,sauce,2025-05-29
Tilda Egg Fried Basmati Rice,£1.25,(£5.00/kg),cupboard,sauce,2025-05-29
Blue Dragon Chow Mein Stir Fry Sauce,£0.83,(69.2p/100g),cupboard,sauce,2025-05-29
Sharwood's Fine Egg Noodles 226g,£1.38,(£6.11/kg),cupboard,sauce,2025-05-29
Simply Cook Nasi Goreng Recipe Kit 71g,£2.48,(£3.49/100g),cupboard,sauce,2025-05-29
JUST ESSENTIALS by ASDA Sweet & Sour Cooking Sauce,£0.87,(19.8p/100g),cupboard,sauce,2025-05-29
Native Prawn Crackers Original Prawn Flavour 60g,£2.10,(£3.50/100g),cupboard,sauce,2025-05-29
Blue Dragon Oyster Sauce,£1.75,(£1.17/100ml),cupboard,sauce,2025-05-29
Kingfisher Oriental Light Coconut Milk 200ml,£1.20,(60.0p/100ml),cupboard,sauce,2025-05-29
Tilda Microwave Fragrant Jasmine Rice,£1.00,(£4.00/kg),cupboard,sauce,2025-05-29
Kikkoman Soy Sauce,£3.00,(£2.00/100ml),cupboard,sauce,2025-05-29
Blue Dragon Sweet & Sour Stir Fry Sauce,£0.83,(69.2p/100g),cupboard,sauce,2025-05-29
COOK by ASDA Laksa Paste 200g,£2.40,(£1.20/100g),cupboard,sauce,2025-05-29
Sharwood's Thai Crackers,£1.28,(£2.13/100g),cupboard,sauce,2025-05-29
Kingfisher Oriental Rich & Creamy Coconut Milk 200ml,£1.20,(60.0p/100ml),cupboard,sauce,2025-05-29
Blue Dragon Thai Green Curry Paste Pot,£1.20,(£2.40/100g),cupboard,sauce,2025-05-29
COOK by ASDA Massaman Paste 200g,£2.40,(£1.20/100g),cupboard,sauce,2025-05-29
Blue Dragon Wok Ready Chilli Noodles,£1.48,(£4.93/kg),cupboard,sauce,2025-05-29
ASDA Thai Style Crackers,£1.20,(£1.71/100g),cupboard,sauce,2025-05-29
Sharwood's East Asian Thai Green Curry 415g,£1.77,(42.6p/100g),cupboard,sauce,2025-05-29
Amoy Reduced Salt Soy Sauce,£2.00,(£1.33/100ml),cupboard,sauce,2025-05-29
Kolee Instant Noodles Mixed Vegetable Flavour 85g,£0.60,(£7.06/kg),cupboard,sauce,2025-05-29
Wagamama Teriyaki Stir Fry Sauce 120g,£1.30,(£1.08/100g),cupboard,sauce,2025-05-29
Lee Kum Kee Kee Sichuan Style Hot & Spicy Stir-Fry Sauce 190g,£2.20,(£1.16/100g),cupboard,sauce,2025-05-29
Blue Dragon Hoisin & Garlic Stir Fry Sauce,£0.83,(69.2p/100g),cupboard,sauce,2025-05-29
ASDA Prawn Crackers,£1.20,(£1.71/100g),cupboard,sauce,2025-05-29
Tilda Coconut Basmati Rice,£1.25,(£5.00/kg),cupboard,sauce,2025-05-29
,,,cupboard,sauce,2025-05-29
,,,cupboard,sauce,2025-05-29
,,,cupboard,sauce,2025-05-29
,,,cupboard,sauce,2025-05-29
,,,cupboard,sauce,2025-05-29
,,,cupboard,sauce,2025-05-29
,,,cupboard,sauce,2025-05-29
,,,cupboard,sauce,2025-05-29
,,,cupboard,sauce,2025-05-29
,,,cupboard,sauce,2025-05-29
,,,cupboard,sauce,2025-05-29
,,,cupboard,sauce,2025-05-29
,,,cupboard,sauce,2025-05-29
,,,cupboard,sauce,2025-05-29
,,,cupboard,sauce,2025-05-29
Hellmann's Sauce Sweet & Sour 250 ml,£1.98,(79.2p/100ml),cupboard,sauce,2025-05-29
Blue Dragon Thai Green Curry Meal Kit,£2.83,(£2.83/each),cupboard,sauce,2025-05-29
Tilda Egg Fried Basmati Rice,£1.25,(£5.00/kg),cupboard,sauce,2025-05-29
Blue Dragon Oyster Sauce,£1.75,(£1.17/100ml),cupboard,sauce,2025-05-29
Kikkoman Soy Sauce 250 ml,£3.35,(£1.34/100ml),cupboard,sauce,2025-05-29
Wagamama Korean Style BBQ Stir Fry Sauce 120g,£1.30,(£1.08/100g),cupboard,sauce,2025-05-29
Amoy Dark Soy Sauce,£2.00,(£1.33/100ml),cupboard,sauce,2025-05-29
Ajumma Republic Kimchi Korean Pickled Cabbage,£2.10,(£1.31/100g),cupboard,sauce,2025-05-29
Itsu Miso' Easy Traditional,£2.00,(£1.90/100g),cupboard,sauce,2025-05-29
"YO! Soy, Ginger & Garlic Yakisoba Stir Fry",£0.96,(96.0p/100g),cupboard,sauce,2025-05-29
YO! Katsu Curry Sauce,£0.96,(96.0p/100g),cupboard,sauce,2025-05-29
Blue Dragon Chow Mein Stir Fry Sauce,£0.83,(69.2p/100g),cupboard,sauce,2025-05-29
Sharwood's Prawn Crackers,£1.34,(£2.23/100g),cupboard,sauce,2025-05-29
ASDA Coconut Milk 400ml,£0.85,(21.2p/100ml),cupboard,sauce,2025-05-29
Simply Cook Vietnamese Pork Stir-Fry Recipe Kit 85g,£2.48,(£2.92/100g),cupboard,sauce,2025-05-29
Kikkoman Tamari Gluten Free Soy Sauce,£2.84,(£1.14/100ml),cupboard,sauce,2025-05-29
The Spice Tailor Thai Green Curry 275g,£3.75,(£1.36/100g),cupboard,sauce,2025-05-29
Sharwood's Kung Po Medium Cooking Sauce,£1.77,(41.6p/100g),cupboard,sauce,2025-05-29
Sharwood's East Asian Thai Red Curry 415g,£1.77,(42.6p/100g),cupboard,sauce,2025-05-29
Al Fez Moroccan Spiced Couscous,£1.57,(£7.85/kg),cupboard,sauce,2025-05-29
Blue Dragon Thai Red Curry Paste Pot,£1.20,(£2.40/100g),cupboard,sauce,2025-05-29
Blue Dragon Thai Red Curry Meal Kit,£2.83,(£2.83/each),cupboard,sauce,2025-05-29
Rajah Masala Blends Chana Masala,£1.20,(£1.20/100g),cupboard,sauce,2025-05-29
Amoy Light Soy Sauce,£2.00,(£1.33/100ml),cupboard,sauce,2025-05-29
Simply Cook Cajun Jambalaya Recipe Kit 60g,£2.48,(£4.13/100g),cupboard,sauce,2025-05-29
Amoy Straight to Wok Medium Noodles,£2.15,(£7.17/kg),cupboard,sauce,2025-05-29
Tilda Chilli & Lemongrass Basmati Microwave Rice,£1.25,(£5.00/kg),cupboard,sauce,2025-05-29
The Spice Tailor Thai Red Curry 275g,£3.75,(£1.36/100g),cupboard,sauce,2025-05-29
COOK by ASDA Red Thai Curry Paste 200g,£2.50,(£1.25/100g),cupboard,sauce,2025-05-29
ASDA Black Bean Stir-Fry Sauce 120g,£0.65,(54.2p/100g),cupboard,sauce,2025-05-29
YO! Korean Style Sweet Chill,£1.20,(£1.20/100g),cupboard,sauce,2025-05-29
ASDA Sweet & Sour Cooking Sauce 500g,£1.20,(24.0p/100g),cupboard,sauce,2025-05-29
Amoy Straight to Wok Thick Udon Noodles,£2.15,(£7.17/kg),cupboard,sauce,2025-05-29
Lee Kum Kee Kee Kung Pao Chicken Stir-Fry Sauce 60g,£0.95,(£1.58/100g),cupboard,sauce,2025-05-29
Blue Dragon Original Thai Sweet Chilli Sauce,£1.63,(85.8p/100ml),cupboard,sauce,2025-05-29
Colman's Recipe Mix Thai Chicken 21 g,£0.90,(£3.75/100g),cupboard,sauce,2025-05-29
Wagamama Pad Thai Stir Fry Sauce 120g,£1.30,(£1.08/100g),cupboard,sauce,2025-05-29
Sharwood's Fine Egg Noodles 226g,£1.38,(£6.11/kg),cupboard,sauce,2025-05-29
Simply Cook Nasi Goreng Recipe Kit 71g,£2.48,(£3.49/100g),cupboard,sauce,2025-05-29
Blue Dragon Sweet Chilli & Garlic Stir Fry Sauce,£0.83,(69.2p/100g),cupboard,sauce,2025-05-29
Ben's Original Lemon Chicken Sauce,£2.12,(47.1p/100g),cupboard,sauce,2025-05-29
Ben's Original Lemon Chicken with Egg Fried Rice Meal Bundle For 4,£8.60,null,cupboard,sauce,2025-05-29
Ben's Original Sweet and Sour Original No Added Sugar Sauce,£2.12,(48.2p/100g),cupboard,sauce,2025-05-29
Ben's Original Sweet and Sour Sauce,£2.12,(47.1p/100g),cupboard,sauce,2025-05-29
,,,cupboard,sauce,2025-05-29
,,,cupboard,sauce,2025-05-29
,,,cupboard,sauce,2025-05-29
,,,cupboard,sauce,2025-05-29
,,,cupboard,sauce,2025-05-29
,,,cupboard,sauce,2025-05-29
,,,cupboard,sauce,2025-05-29
,,,cupboard,sauce,2025-05-29
,,,cupboard,sauce,2025-05-29
,,,cupboard,sauce,2025-05-29
,,,cupboard,sauce,2025-05-29
,,,cupboard,sauce,2025-05-29
,,,cupboard,sauce,2025-05-29
,,,cupboard,sauce,2025-05-29
,,,cupboard,sauce,2025-05-29
Dolmio Sauce for Pasta Bake Creamy Tomato 450g,£1.88,(41.8p/100g),cupboard,sauce,2025-05-29
Dolmio Sauce for Pasta Bake Tomato & Cheese 450g,£1.88,(41.8p/100g),cupboard,sauce,2025-05-29
Dolmio Tomato & Basil Stir in Sauce,£1.53,(£1.02/100g),cupboard,sauce,2025-05-29
ASDA Chinese Style Curry Cooking Sauce 500g,£1.17,(23.4p/100g),cupboard,sauce,2025-05-29
ASDA Tikka Masala Curry Sauce,£0.99,(19.4p/100g),cupboard,sauce,2025-05-29
Dolmio Original Sauce for Bolognese 450g,£1.88,(41.8p/100g),cupboard,sauce,2025-05-29
ASDA White Lasagne Sauce 480g,£0.80,(16.7p/100g),cupboard,sauce,2025-05-29
JUST ESSENTIALS by ASDA Sweet & Sour Cooking Sauce,£0.87,(19.8p/100g),cupboard,sauce,2025-05-29
ASDA Green Pesto,£0.99,(52.1p/100g),cupboard,sauce,2025-05-29
ASDA Sweet & Sour Cooking Sauce 500g,£1.20,(24.0p/100g),cupboard,sauce,2025-05-29
Homepride Pasta Bake Cheese & Bacon,£1.88,(38.8p/100g),cupboard,sauce,2025-05-29
Dolmio Bolognese Onion & Garlic Sauce for Bolognese 450g,£1.88,(41.8p/100g),cupboard,sauce,2025-05-29
ASDA Balti Cooking Sauce 500g,£0.99,(19.8p/100g),cupboard,sauce,2025-05-29
ASDA Tomato & Basil Stir-In Sauce 190g,£1.48,(77.9p/100g),cupboard,sauce,2025-05-29
Homepride Pasta Bake Sauce Creamy Tomato and Herb,£1.88,(38.8p/100g),cupboard,sauce,2025-05-29
Ben's Original Medium Chilli Con Carne Sauce,£2.12,(47.1p/100g),cupboard,sauce,2025-05-29
Dolmio Smooth Tomato Sauce for Bolognese 450g,£1.88,(41.8p/100g),cupboard,sauce,2025-05-29
Ben's Original Sweet and Sour Sauce,£2.12,(47.1p/100g),cupboard,sauce,2025-05-29
ASDA Madras Curry Sauce,£0.99,(19.8p/100g),cupboard,sauce,2025-05-29
Patak's Korma Curry Sauce,£1.77,(39.3p/100g),cupboard,sauce,2025-05-29
Dolmio Sauce for Pasta Bake Carbonara 430g,£1.88,(43.7p/100g),cupboard,sauce,2025-05-29
ASDA Red Pesto 190g,£0.99,(52.1p/100g),cupboard,sauce,2025-05-29
Homepride Pasta Bake Sauce Tomato & Bacon,£1.88,(38.8p/100g),cupboard,sauce,2025-05-29
Homepride Pasta Bake Creamy Tomato & Cheddar 485g,£1.88,(38.8p/100g),cupboard,sauce,2025-05-29
Patak's Butter Chicken Curry Sauce,£1.77,(39.3p/100g),cupboard,sauce,2025-05-29
Dolmio Tomato & Basil Sauce for Meatballs 450g,£1.88,(41.8p/100g),cupboard,sauce,2025-05-29
ASDA Extra Special Mascarpone & Tomato Pasta Sauce,£1.85,(54.4p/100g),cupboard,sauce,2025-05-29
Sharwood's Tikka Masala Medium Curry Cooking Sauce,£1.77,(42.1p/100g),cupboard,sauce,2025-05-29
Sharwood's Butter Chicken Mild Curry Cooking Sauce,£1.77,(42.1p/100g),cupboard,sauce,2025-05-29
Dolmio Creamy Sauce for Lasagne 440g,£1.88,(42.7p/100g),cupboard,sauce,2025-05-29
Dolmio Tomato Sauce for Lasagne 450g,£1.88,(41.8p/100g),cupboard,sauce,2025-05-29
Loyd Grossman Tomato & Roasted Garlic Pasta Sauce,£1.98,(56.6p/100g),cupboard,sauce,2025-05-29
Dolmio Original Sauce for Bolognese 675g,£3.00,(44.4p/100g),cupboard,sauce,2025-05-29
Ben's Original Lemon Chicken Sauce,£2.12,(47.1p/100g),cupboard,sauce,2025-05-29
Sharwood's Korma Mild Curry Cooking Sauce,£1.77,(42.1p/100g),cupboard,sauce,2025-05-29
Dolmio Intensify Mild Creamy Garlic & Black Pepper Pasta Sauce,£1.88,(48.1p/100g),cupboard,sauce,2025-05-29
Loyd Grossman Tomato & Chilli Pasta Sauce,£1.98,(56.6p/100g),cupboard,sauce,2025-05-29
Dolmio Stir in Carbonara Pasta Sauce,£1.53,(£1.02/100g),cupboard,sauce,2025-05-29
Dolmio Stir in Sundried Tomato Pasta Sauce,£1.53,(£1.02/100g),cupboard,sauce,2025-05-29
ASDA Extra Special Tomato & Grilled Pepper Stir-In Pasta Sauce,£1.86,(97.9p/100g),cupboard,sauce,2025-05-29
Heinz Tomato Grana Padano & Mascarpone Pasta Sauce,£1.56,(44.6p/100g),cupboard,sauce,2025-05-29
ASDA Extra Special Carbonara Sauce,£1.85,(54.4p/100g),cupboard,sauce,2025-05-29
Loyd Grossman Bolognese Original Pasta Sauce,£1.98,(56.6p/100g),cupboard,sauce,2025-05-29
Homepride Pasta Bake Carbonara 485g,£1.88,(38.8p/100g),cupboard,sauce,2025-05-29
Dolmio Creamy Sauce for Lasagne 655g,£3.00,(45.8p/100g),cupboard,sauce,2025-05-29
Dolmio Sweet Pepper Stir in Sauce,£1.53,(£1.02/100g),cupboard,sauce,2025-05-29
Patak's Tikka Masala Curry Sauce,£1.77,(39.3p/100g),cupboard,sauce,2025-05-29
ASDA Italian Inspired Green Pesto 190g,£1.30,(68.4p/100g),cupboard,sauce,2025-05-29
Dolmio Onion & Garlic Sauce for Bolognese 675g,£3.00,(44.4p/100g),cupboard,sauce,2025-05-29
Old El Paso Mexican Cooking Sauce for Fajitas Smoky BBQ,£2.04,(60.0p/100g),cupboard,sauce,2025-05-29
Patak's Jalfrezi Curry Sauce,£1.77,(39.3p/100g),cupboard,sauce,2025-05-29
"Homepride Pasta Bake Tomato, Garlic & Chilli",£1.88,(38.8p/100g),cupboard,sauce,2025-05-29
Dolmio Tomato Sauce for Lasagne 675g,£3.00,(44.4p/100g),cupboard,sauce,2025-05-29
Dolmio Low Fat Sauce for Bolognese 450g,£1.88,(41.8p/100g),cupboard,sauce,2025-05-29
Dolmio Chunky Mushroom Sauce for Bolognese 675g,£3.00,(44.4p/100g),cupboard,sauce,2025-05-29
Homepride Chilli Cooking Sauce,£1.88,(38.8p/100g),cupboard,sauce,2025-05-29
Patak's The Original Madras Cooking Sauce,£1.77,(39.3p/100g),cupboard,sauce,2025-05-29
Loyd Grossman Tikka Masala Curry Sauce,£2.18,(62.3p/100g),cupboard,sauce,2025-05-29
Sharwood's Rogan Josh Medium Curry Sauce,£1.77,(42.1p/100g),cupboard,sauce,2025-05-29
Heinz Sundried Cherry Tomato & Basil Pasta Sauce,£1.56,(44.6p/100g),cupboard,sauce,2025-05-29
,,,cupboard,sauce,2025-05-29
,,,cupboard,sauce,2025-05-29
,,,cupboard,sauce,2025-05-29
,,,cupboard,sauce,2025-05-29
,,,cupboard,sauce,2025-05-29
,,,cupboard,sauce,2025-05-29
,,,cupboard,sauce,2025-05-29
,,,cupboard,sauce,2025-05-29
,,,cupboard,sauce,2025-05-29
,,,cupboard,sauce,2025-05-29
,,,cupboard,sauce,2025-05-29
,,,cupboard,sauce,2025-05-29
,,,cupboard,sauce,2025-05-29
,,,cupboard,sauce,2025-05-29
,,,cupboard,sauce,2025-05-29
,,,cupboard,sauce,2025-05-29
,,,cupboard,sauce,2025-05-29
Dolmio Sauce for Pasta Bake Creamy Tomato 450g,£1.88,(41.8p/100g),cupboard,sauce,2025-05-29
Dolmio Sauce for Pasta Bake Tomato & Cheese 450g,£1.88,(41.8p/100g),cupboard,sauce,2025-05-29
Dolmio Sauce for Pasta Bake Carbonara 430g,£1.88,(43.7p/100g),cupboard,sauce,2025-05-29
Filippo Berio Classic Pesto 190g,£2.80,(£1.47/100g),cupboard,sauce,2025-05-29
Loyd Grossman Tomato & Basil Pasta Sauce,£3.06,(46.4p/100g),cupboard,sauce,2025-05-29
Loyd Grossman Bolognese Pasta Sauce,£3.06,(46.4p/100g),cupboard,sauce,2025-05-29
Dolmio Smooth Tomato Sauce for Bolognese 675g,£3.00,(44.4p/100g),cupboard,sauce,2025-05-29
Dolmio Sauce for Bolognese Chunky Mushroom 450g,£1.88,(41.8p/100g),cupboard,sauce,2025-05-29
Filippo Berio Sun-Dried Tomato Pesto 190g,£2.80,(£1.47/100g),cupboard,sauce,2025-05-29
Filippo Berio Pasta Sauce Verdure Grigliate 340g,£1.48,(43.5p/100g),cupboard,sauce,2025-05-29
Heinz Tomato Sauce for Bolognese,£1.56,(44.6p/100g),cupboard,sauce,2025-05-29
ASDA Extra Special Royal Tikka Makhani Curry Sauce,£2.50,(73.5p/100g),cupboard,sauce,2025-05-29
Sacla Classic Basil Pesto,£3.35,(£1.76/100g),cupboard,sauce,2025-05-29
Heinz Tomato & Chilli Pasta Sauce,£1.56,(44.6p/100g),cupboard,sauce,2025-05-29
ASDA Extra Special Pesto Alla Genovese 190g,£2.20,(£1.16/100g),cupboard,sauce,2025-05-29
Loyd Grossman No Added Sugar Tomato & Basil,£1.98,(56.6p/100g),cupboard,sauce,2025-05-29
Loyd Grossman Loyd Grossman No Added Sugar Bolognese Pasta Sauce,£1.98,(56.6p/100g),cupboard,sauce,2025-05-29
ASDA Extra Special Chilli and Tomato Pasta Sauce,£1.85,(54.4p/100g),cupboard,sauce,2025-05-29
Patak's Bhuna Cooking Sauce,£1.77,(39.3p/100g),cupboard,sauce,2025-05-29
Filippo Berio Pasta Sauce Arrabbiata 340g,£1.48,(43.5p/100g),cupboard,sauce,2025-05-29
Patak's Balti Cooking Sauce,£1.77,(39.3p/100g),cupboard,sauce,2025-05-29
Loyd Grossman Tomato & Smoked Bacon Pasta Sauce,£1.98,(56.6p/100g),cupboard,sauce,2025-05-29
Sharwood's 30% Less Fat Korma Curry Sauce,£1.77,(42.1p/100g),cupboard,sauce,2025-05-29
Filippo Berio Pasta Sauce Basilico 340g,£1.48,(43.5p/100g),cupboard,sauce,2025-05-29
Loyd Grossman Tomato & Chilli Pasta Sauce,£3.06,(46.4p/100g),cupboard,sauce,2025-05-29
Ben's Original Sweet and Sour Original No Added Sugar Sauce,£2.12,(48.2p/100g),cupboard,sauce,2025-05-29
Dolmio Intensify Fiery Sun-Ripened Tomato & Chilli Pasta Sauce,£1.88,(47.0p/100g),cupboard,sauce,2025-05-29
Loyd Grossman Tomato Spinach and Ricotta Pasta Sauce,£1.98,(56.6p/100g),cupboard,sauce,2025-05-29
Dolmio Stir In Pasta Sauce Smoked Bacon & Tomato,£1.53,(£1.02/100g),cupboard,sauce,2025-05-29
Sharwood's Rogan Josh Medium Curry Sauce,£1.77,(42.1p/100g),cupboard,sauce,2025-05-29
Sharwood's Balti Medium Curry Sauce,£1.77,(42.1p/100g),cupboard,sauce,2025-05-29
Loyd Grossman Balti Curry Sauce,£2.18,(62.3p/100g),cupboard,sauce,2025-05-29
ASDA Extra Special Bolognese Sauce,£1.85,(54.4p/100g),cupboard,sauce,2025-05-29
ASDA Extra Special Tomato & Mascarpone Stir-In Sauce 190g,£1.86,(97.9p/100g),cupboard,sauce,2025-05-29
Homepride Pasta Bake Sauce Tomato & Herb 485g,£1.88,(38.8p/100g),cupboard,sauce,2025-05-29
"Dolmio Intensify Spicy Red Pepper, Smoked Paprika & Chilli Pasta Sauce",£1.68,(42.0p/100g),cupboard,sauce,2025-05-29
Mutti Simply Sugo Basil Pasta Sauce,£2.36,(59.0p/100g),cupboard,sauce,2025-05-29
Sharwood's Bhuna Medium Curry Sauce,£1.77,(42.1p/100g),cupboard,sauce,2025-05-29
Loyd Grossman Korma Curry Sauce,£2.18,(62.3p/100g),cupboard,sauce,2025-05-29
Mutti Simply Sugo Chilli Pasta Sauce,£2.36,(59.0p/100g),cupboard,sauce,2025-05-29
Heinz Sundried Cherry Tomato & Basil,£2.18,(44.5p/100g),cupboard,sauce,2025-05-29
Sacla Fiery Chilli Pesto,£3.35,(£1.76/100g),cupboard,sauce,2025-05-29
ASDA Extra Special Sun-Dried Tomato Pesto 190g,£2.20,(£1.16/100g),cupboard,sauce,2025-05-29
Dolmio Sauce for Bolognese Spicy Chilli 450g,£1.88,(41.8p/100g),cupboard,sauce,2025-05-29
Loyd Grossman Tomato & Basil Pasta Sauce,£1.98,(56.6p/100g),cupboard,sauce,2025-05-29
Heinz Sundried Cherry Tomato & Basil Pasta Sauce,£1.56,(44.6p/100g),cupboard,sauce,2025-05-29
Homepride Classic Curry Cooking Sauce,£2.58,(64.5p/100g),cupboard,sauce,2025-05-29
ASDA Mild Chilli Cooking Sauce 500g,£0.99,(19.6p/100g),cupboard,sauce,2025-05-29
ASDA Hunter's Chicken Cooking Sauce 510g,£1.27,(24.9p/100g),cupboard,sauce,2025-05-29
Chicken Tonight Honey & Dijon Mustard Cooking Sauce,£1.75,(35.0p/100g),cupboard,sauce,2025-05-29
ASDA Creamy Mushroom Cooking Sauce 480g,£1.27,(26.5p/100g),cupboard,sauce,2025-05-29
Chicken Tonight Rich & Creamy Mushroom Cooking Sauce,£1.75,(35.0p/100g),cupboard,sauce,2025-05-29
ASDA Fajita Cooking Sauce 500g,£0.99,(19.6p/100g),cupboard,sauce,2025-05-29
JUST ESSENTIALS by ASDA Cheese & Broccoli Pasta & Sauce,£0.56,(£5.09/kg),cupboard,sauce,2025-05-29
ASDA Memphis Style BBQ Cooking Sauce 525g,£1.20,(22.9p/100g),cupboard,sauce,2025-05-29
Chicken Tonight Spanish Chicken Cooking Sauce,£1.75,(35.0p/100g),cupboard,sauce,2025-05-29
ASDA Chow Mein Stir-Fry Sauce,£0.65,(54.2p/100g),cupboard,sauce,2025-05-29
ASDA Ricotta & Red Pepper Pesto,£0.99,(52.1p/100g),cupboard,sauce,2025-05-29
ASDA Hot Chilli Cooking Sauce 500g,£0.99,(19.6p/100g),cupboard,sauce,2025-05-29
ASDA Sweet Chilli & Garlic Stir-Fry Sauce 120g,£0.65,(54.2p/100g),cupboard,sauce,2025-05-29
,,,cupboard,sauce,2025-05-29
,,,cupboard,sauce,2025-05-29
,,,cupboard,sauce,2025-05-29
,,,cupboard,sauce,2025-05-29
,,,cupboard,sauce,2025-05-29
,,,cupboard,sauce,2025-05-29
,,,cupboard,sauce,2025-05-29
,,,cupboard,sauce,2025-05-29
,,,cupboard,sauce,2025-05-29
,,,cupboard,sauce,2025-05-29
,,,cupboard,sauce,2025-05-29
,,,cupboard,sauce,2025-05-29
,,,cupboard,sauce,2025-05-29
,,,cupboard,sauce,2025-05-29
,,,cupboard,sauce,2025-05-29
,,,cupboard,sauce,2025-05-29
,,,cupboard,sauce,2025-05-29
Dolmio Sauce for Pasta Bake Creamy Tomato 450g,£1.88,(41.8p/100g),cupboard,sauce,2025-05-29
Dolmio Sauce for Pasta Bake Tomato & Cheese 450g,£1.88,(41.8p/100g),cupboard,sauce,2025-05-29
Dolmio Sauce for Pasta Bake Carbonara 430g,£1.88,(43.7p/100g),cupboard,sauce,2025-05-29
Homepride White Wine Cooking Sauce,£1.88,(38.8p/100g),cupboard,sauce,2025-05-29
ASDA Black Bean Stir-Fry Sauce 120g,£0.65,(54.2p/100g),cupboard,sauce,2025-05-29
Blue Dragon Satay Stir Fry Sauce,£0.83,(69.2p/100g),cupboard,sauce,2025-05-29
Blue Dragon Teriyaki Stir Fry Sauce,£0.83,(69.2p/100g),cupboard,sauce,2025-05-29
ASDA Sweet & Sour Stir-Fry Sauce 120g,£0.65,(54.2p/100g),cupboard,sauce,2025-05-29
Loyd Grossman No Added Sugar Pizza Sauce,£1.98,(56.6p/100g),cupboard,sauce,2025-05-29
Sharwood's Madras Hot Curry Sauce,£1.77,(42.1p/100g),cupboard,sauce,2025-05-29
Sharwood's Chinese Medium Curry Cooking Sauce,£1.77,(41.6p/100g),cupboard,sauce,2025-05-29
Loyd Grossman Tomato & Sweet Red Pepper Pasta Sauce,£1.98,(56.6p/100g),cupboard,sauce,2025-05-29
Free From by Asda Tomato & Garlic Sauce 500g,£1.50,(30.0p/100g),cupboard,sauce,2025-05-29
Filippo Berio Hot Chilli Pesto 190g,£2.80,(£1.47/100g),cupboard,sauce,2025-05-29
ASDA Free From White Lasagne Pasta Sauce,£1.30,(26.5p/100g),cupboard,sauce,2025-05-29
Blue Dragon Korean BBQ Stir Fry Sauce,£0.83,(69.2p/100g),cupboard,sauce,2025-05-29
Dolmio Lasagne Meal Bundle For 4,£11.04,null,cupboard,sauce,2025-05-29
Sharwood's Sweet & Sour Cooking Sauce,£1.77,(41.6p/100g),cupboard,sauce,2025-05-29
Blue Dragon Black Bean Stir Fry Sauce,£0.83,(69.2p/100g),cupboard,sauce,2025-05-29
Sharwood's East Asian Japanese Katsu 415g,£1.77,(42.6p/100g),cupboard,sauce,2025-05-29
YO! Sweet & Sticky Teriyaki,£0.96,(96.0p/100g),cupboard,sauce,2025-05-29
Loyd Grossman Tomato & Red Wine Pasta Sauce,£1.98,(56.6p/100g),cupboard,sauce,2025-05-29
Loyd Grossman No Added Sugar White Lasagne Sauce,£1.98,(45.0p/100g),cupboard,sauce,2025-05-29
Sacla Vegan Basil Pesto,£3.10,(£1.63/100g),cupboard,sauce,2025-05-29
ASDA Free From Chow Mein Stir-Fry Sauce 120g,£0.60,(50.0p/100g),cupboard,sauce,2025-05-29
Wagamama Firecracker Stir Fry Sauce 120g,£1.30,(£1.08/100g),cupboard,sauce,2025-05-29
Dolmio Sauce for Lasagne Light Creamy 440g,£1.88,(42.7p/100g),cupboard,sauce,2025-05-29
Dolmio Lasagne Duo Meal Bundle For 4,£3.76,null,cupboard,sauce,2025-05-29
Sharwood's Tikka Masala Extra Creamy Curry Sauce,£1.77,(42.1p/100g),cupboard,sauce,2025-05-29
Sharwood's East Asian Japanese Teriyaki 420g,£1.77,(42.1p/100g),cupboard,sauce,2025-05-29
Filippo Berio Truffle Pesto 190g,£4.50,(£2.37/100g),cupboard,sauce,2025-05-29
Al Fez Smoky Harissa Tagine Sauce,£2.34,(52.0p/100g),cupboard,sauce,2025-05-29
Al Fez Apricot & Coriander Tagine Sauce,£2.34,(52.0p/100g),cupboard,sauce,2025-05-29
Al Fez Moroccan Meatball Tagine Sauce,£2.34,(52.0p/100g),cupboard,sauce,2025-05-29
ASDA Free From Tikka Masala Curry Sauce,£1.30,(26.0p/100g),cupboard,sauce,2025-05-29
Patak's Vindaloo Curry Sauce,£1.77,(39.3p/100g),cupboard,sauce,2025-05-29
Sacla Pesto Stock Up Bundle,£10.05,null,cupboard,sauce,2025-05-29
Blue Dragon Oyster & Spring Onion Stir Fry Sauce,£0.83,(69.2p/100g),cupboard,sauce,2025-05-29
Homepride Shepherd's Pie Cooking Sauce,£1.88,(38.8p/100g),cupboard,sauce,2025-05-29
Patak's The Original Rogan Josh Cooking Sauce,£1.77,(39.3p/100g),cupboard,sauce,2025-05-29
Wagamama Korean Style BBQ Stir Fry Sauce 120g,£1.30,(£1.08/100g),cupboard,sauce,2025-05-29
Patak's The Original Curry Creations Tikka Masala Sauce 160g,£3.13,(£1.96/100g),cupboard,sauce,2025-05-29
Sharwood's Reduced Sugar Sweet & Sour Cooking Sauce,£1.77,(41.6p/100g),cupboard,sauce,2025-05-29
Loyd Grossman No Added Sugar Red Lasagne Sauce,£1.98,(44.0p/100g),cupboard,sauce,2025-05-29
Sharwood's Curry Paste Tikka Masala 280g,£2.17,(77.5p/100g),cupboard,sauce,2025-05-29
Ben's Original Lemon Chicken with Egg Fried Rice Meal Bundle For 4,£8.60,null,cupboard,sauce,2025-05-29
Midweek Creamy Pasta Meal for 3-4 People,£2.63,null,cupboard,sauce,2025-05-29
Lee Kum Kee Kee Honey & Soy Stir-Fry Sauce 70g,£0.95,(£1.36/100g),cupboard,sauce,2025-05-29
Capsicana Mexican Fajita Chilli & Honey Cooking Paste 60g,£1.34,(£2.23/100g),cupboard,sauce,2025-05-29
Sharwood's Curry Paste Korma 280g,£2.17,(77.5p/100g),cupboard,sauce,2025-05-29
Loyd Grossman No Added Sugar Tomato & Chilli Pasta Sauce,£1.98,(56.6p/100g),cupboard,sauce,2025-05-29
Meatballs Meal Bundle for 4,£5.97,null,cupboard,sauce,2025-05-29
Blue Dragon Chow Mein Stir Fry Sauce,£0.83,(69.2p/100g),cupboard,sauce,2025-05-29
Sharwood's Jalfrezi Hot Curry Cooking Sauce,£1.77,(42.1p/100g),cupboard,sauce,2025-05-29
Patak's The Original Curry Creations Korma Sauce 160g,£3.13,(£1.96/100g),cupboard,sauce,2025-05-29
Sharwood's Tikka Masala Reduced Fat Curry Sauce,£1.77,(42.1p/100g),cupboard,sauce,2025-05-29
"YO! Soy, Ginger & Garlic Yakisoba Stir Fry",£0.96,(96.0p/100g),cupboard,sauce,2025-05-29
YO! Katsu Curry Sauce,£0.96,(96.0p/100g),cupboard,sauce,2025-05-29
ASDA Extra Special Punjabi Style Dopiaza Curry Sauce,£2.50,(73.5p/100g),cupboard,sauce,2025-05-29
Lee Kum Kee Kee Sichuan Style Hot & Spicy Stir-Fry Sauce 190g,£2.20,(£1.16/100g),cupboard,sauce,2025-05-29
,,,cupboard,sauce,2025-05-29
,,,cupboard,sauce,2025-05-29
,,,cupboard,sauce,2025-05-29
,,,cupboard,sauce,2025-05-29
,,,cupboard,sauce,2025-05-29
,,,cupboard,sauce,2025-05-29
,,,cupboard,sauce,2025-05-29
,,,cupboard,sauce,2025-05-29
,,,cupboard,sauce,2025-05-29
,,,cupboard,sauce,2025-05-29
,,,cupboard,sauce,2025-05-29
,,,cupboard,sauce,2025-05-29
,,,cupboard,sauce,2025-05-29
,,,cupboard,sauce,2025-05-29
,,,cupboard,sauce,2025-05-29
,,,cupboard,sauce,2025-05-29
,,,cupboard,sauce,2025-05-29
Dolmio Sauce for Pasta Bake Creamy Tomato 450g,£1.88,(41.8p/100g),cupboard,sauce,2025-05-29
Dolmio Sauce for Pasta Bake Tomato & Cheese 450g,£1.88,(41.8p/100g),cupboard,sauce,2025-05-29
Dolmio Sauce for Pasta Bake Carbonara 430g,£1.88,(43.7p/100g),cupboard,sauce,2025-05-29
ASDA Extra Special Special Fiery Goan Style Curry Cooking Sauce,£2.50,(73.5p/100g),cupboard,sauce,2025-05-29
Sharwood's Black Bean Red Pepper Mild Cooking Sauce,£1.77,(41.6p/100g),cupboard,sauce,2025-05-29
Lee Kum Kee Kee Sichuan Style Hot & Spicy Stir-Fry Sauce 190g,£2.20,(£1.16/100g),cupboard,sauce,2025-05-29
Homepride Hunter's Chicken Cooking Sauce,£1.88,(38.8p/100g),cupboard,sauce,2025-05-29
Patak's The Original Curry Creations Jalfrezi Sauce 160g,£3.13,(£1.96/100g),cupboard,sauce,2025-05-29
Old El Paso Mexican Cooking Sauce for Enchiladas Cheesy Baked,£2.04,(60.0p/100g),cupboard,sauce,2025-05-29
Wagamama Teriyaki Stir Fry Sauce 120g,£1.30,(£1.08/100g),cupboard,sauce,2025-05-29
Sharwood's 30% Less Fat Butter Chicken Curry Sauce,£1.77,(42.1p/100g),cupboard,sauce,2025-05-29
Homepride White Wine & Cream Cooking Sauce,£2.58,(64.5p/100g),cupboard,sauce,2025-05-29
ASDA Tomato & Basil Pizza Sauce Topper,£2.30,(92.0p/100g),cupboard,sauce,2025-05-29
Pesto & Spaghetti Bundle,£4.43,null,cupboard,sauce,2025-05-29
Zest Vegan Basil Pesto with Cashew Nuts 165g,£2.50,(£1.52/100g),cupboard,sauce,2025-05-29
ASDA Free From Bolognese Pasta Sauce,£1.30,(26.0p/100g),cupboard,sauce,2025-05-29
Filippo Berio Tomato & Ricotta Pesto 190g,£2.80,(£1.47/100g),cupboard,sauce,2025-05-29
ASDA Free From Chow Mein Stir-Fry Sauce 120g,£0.60,(50.0p/100g),cupboard,sauce,2025-05-29
Blue Dragon Sweet Chilli & Garlic Stir Fry Sauce,£0.83,(69.2p/100g),cupboard,sauce,2025-05-29
ASDA Bolognese Pasta Sauce,£0.69,(13.9p/100g),cupboard,sauce,2025-05-29
ASDA Creamy Tomato Pasta Bake 500g,£0.69,(13.8p/100g),cupboard,sauce,2025-05-29
ASDA Chunky Veg & Tomato Pasta Sauce 500g,£0.69,(13.8p/100g),cupboard,sauce,2025-05-29
ASDA Tomato & Basil Sauce for Meatballs 500g,£0.69,(13.8p/100g),cupboard,sauce,2025-05-29
ASDA Tomato & Pepperoni Pasta Bake 500g,£0.69,(13.8p/100g),cupboard,sauce,2025-05-29
ASDA Cheesy Pasta Bake 475g,£0.69,(14.5p/100g),cupboard,sauce,2025-05-29
JUST ESSENTIALS by ASDA Mild Curry Sauce,£0.49,(11.1p/100g),cupboard,sauce,2025-05-29
ASDA Tomato & Mushroom Pasta Sauce 500g,£0.69,(13.9p/100g),cupboard,sauce,2025-05-29
ASDA Free From Korma Curry Sauce,£1.30,(26.0p/100g),cupboard,sauce,2025-05-29
ASDA Free From Tomato & Herb Pasta Bake Sauce,£1.30,(26.0p/100g),cupboard,sauce,2025-05-29
ASDA Smooth Bolognese Pasta Sauce 500g,£0.69,(13.8p/100g),cupboard,sauce,2025-05-29
ASDA Asda Tomato & Garlic Pasta Sauce 500g,£0.69,(13.8p/100g),cupboard,sauce,2025-05-29
ASDA Spicy Tomato Pasta Sauce 500g,£0.69,(13.8p/100g),cupboard,sauce,2025-05-29
ASDA Korma Cooking Sauce 490g,£0.97,(19.8p/100g),cupboard,sauce,2025-05-29
ASDA Butter Chicken Cooking Sauce 495g,£0.97,(19.6p/100g),cupboard,sauce,2025-05-29
,,,cupboard,sauce,2025-05-29
,,,cupboard,sauce,2025-05-29
,,,cupboard,sauce,2025-05-29
,,,cupboard,sauce,2025-05-29
,,,cupboard,sauce,2025-05-29
,,,cupboard,sauce,2025-05-29
,,,cupboard,sauce,2025-05-29
,,,cupboard,sauce,2025-05-29
,,,cupboard,sauce,2025-05-29
,,,cupboard,sauce,2025-05-29
,,,cupboard,sauce,2025-05-29
,,,cupboard,sauce,2025-05-29
,,,cupboard,sauce,2025-05-29
,,,cupboard,sauce,2025-05-29
,,,cupboard,sauce,2025-05-29
,,,cupboard,sauce,2025-05-29
,,,cupboard,sauce,2025-05-29
Dolmio Sauce for Pasta Bake Creamy Tomato 450g,£1.88,(41.8p/100g),cupboard,sauce,2025-05-29
Dolmio Sauce for Pasta Bake Tomato & Cheese 450g,£1.88,(41.8p/100g),cupboard,sauce,2025-05-29
Dolmio Tomato & Basil Stir in Sauce,£1.53,(£1.02/100g),cupboard,sauce,2025-05-29
ASDA Chinese Style Curry Cooking Sauce 500g,£1.17,(23.4p/100g),cupboard,sauce,2025-05-29
ASDA Tikka Masala Curry Sauce,£0.99,(19.4p/100g),cupboard,sauce,2025-05-29
Dolmio Original Sauce for Bolognese 450g,£1.88,(41.8p/100g),cupboard,sauce,2025-05-29
ASDA White Lasagne Sauce 480g,£0.80,(16.7p/100g),cupboard,sauce,2025-05-29
JUST ESSENTIALS by ASDA Sweet & Sour Cooking Sauce,£0.87,(19.8p/100g),cupboard,sauce,2025-05-29
ASDA Green Pesto,£0.99,(52.1p/100g),cupboard,sauce,2025-05-29
ASDA Sweet & Sour Cooking Sauce 500g,£1.20,(24.0p/100g),cupboard,sauce,2025-05-29
Homepride Pasta Bake Cheese & Bacon,£1.88,(38.8p/100g),cupboard,sauce,2025-05-29
Dolmio Bolognese Onion & Garlic Sauce for Bolognese 450g,£1.88,(41.8p/100g),cupboard,sauce,2025-05-29
ASDA Balti Cooking Sauce 500g,£0.99,(19.8p/100g),cupboard,sauce,2025-05-29
ASDA Tomato & Basil Stir-In Sauce 190g,£1.48,(77.9p/100g),cupboard,sauce,2025-05-29
Homepride Pasta Bake Sauce Creamy Tomato and Herb,£1.88,(38.8p/100g),cupboard,sauce,2025-05-29
Ben's Original Medium Chilli Con Carne Sauce,£2.12,(47.1p/100g),cupboard,sauce,2025-05-29
Dolmio Smooth Tomato Sauce for Bolognese 450g,£1.88,(41.8p/100g),cupboard,sauce,2025-05-29
Ben's Original Sweet and Sour Sauce,£2.12,(47.1p/100g),cupboard,sauce,2025-05-29
ASDA Madras Curry Sauce,£0.99,(19.8p/100g),cupboard,sauce,2025-05-29
Patak's Korma Curry Sauce,£1.77,(39.3p/100g),cupboard,sauce,2025-05-29
Dolmio Sauce for Pasta Bake Carbonara 430g,£1.88,(43.7p/100g),cupboard,sauce,2025-05-29
ASDA Red Pesto 190g,£0.99,(52.1p/100g),cupboard,sauce,2025-05-29
Homepride Pasta Bake Sauce Tomato & Bacon,£1.88,(38.8p/100g),cupboard,sauce,2025-05-29
Homepride Pasta Bake Creamy Tomato & Cheddar 485g,£1.88,(38.8p/100g),cupboard,sauce,2025-05-29
Patak's Butter Chicken Curry Sauce,£1.77,(39.3p/100g),cupboard,sauce,2025-05-29
Dolmio Tomato & Basil Sauce for Meatballs 450g,£1.88,(41.8p/100g),cupboard,sauce,2025-05-29
ASDA Extra Special Mascarpone & Tomato Pasta Sauce,£1.85,(54.4p/100g),cupboard,sauce,2025-05-29
Sharwood's Tikka Masala Medium Curry Cooking Sauce,£1.77,(42.1p/100g),cupboard,sauce,2025-05-29
Sharwood's Butter Chicken Mild Curry Cooking Sauce,£1.77,(42.1p/100g),cupboard,sauce,2025-05-29
Dolmio Creamy Sauce for Lasagne 440g,£1.88,(42.7p/100g),cupboard,sauce,2025-05-29
Dolmio Tomato Sauce for Lasagne 450g,£1.88,(41.8p/100g),cupboard,sauce,2025-05-29
Loyd Grossman Tomato & Roasted Garlic Pasta Sauce,£1.98,(56.6p/100g),cupboard,sauce,2025-05-29
Dolmio Original Sauce for Bolognese 675g,£3.00,(44.4p/100g),cupboard,sauce,2025-05-29
Ben's Original Lemon Chicken Sauce,£2.12,(47.1p/100g),cupboard,sauce,2025-05-29
Sharwood's Korma Mild Curry Cooking Sauce,£1.77,(42.1p/100g),cupboard,sauce,2025-05-29
Dolmio Intensify Mild Creamy Garlic & Black Pepper Pasta Sauce,£1.88,(48.1p/100g),cupboard,sauce,2025-05-29
Loyd Grossman Tomato & Chilli Pasta Sauce,£1.98,(56.6p/100g),cupboard,sauce,2025-05-29
Dolmio Stir in Carbonara Pasta Sauce,£1.53,(£1.02/100g),cupboard,sauce,2025-05-29
Dolmio Stir in Sundried Tomato Pasta Sauce,£1.53,(£1.02/100g),cupboard,sauce,2025-05-29
ASDA Extra Special Tomato & Grilled Pepper Stir-In Pasta Sauce,£1.86,(97.9p/100g),cupboard,sauce,2025-05-29
Heinz Tomato Grana Padano & Mascarpone Pasta Sauce,£1.56,(44.6p/100g),cupboard,sauce,2025-05-29
ASDA Extra Special Carbonara Sauce,£1.85,(54.4p/100g),cupboard,sauce,2025-05-29
Loyd Grossman Bolognese Original Pasta Sauce,£1.98,(56.6p/100g),cupboard,sauce,2025-05-29
Homepride Pasta Bake Carbonara 485g,£1.88,(38.8p/100g),cupboard,sauce,2025-05-29
Dolmio Creamy Sauce for Lasagne 655g,£3.00,(45.8p/100g),cupboard,sauce,2025-05-29
Dolmio Sweet Pepper Stir in Sauce,£1.53,(£1.02/100g),cupboard,sauce,2025-05-29
Patak's Tikka Masala Curry Sauce,£1.77,(39.3p/100g),cupboard,sauce,2025-05-29
ASDA Italian Inspired Green Pesto 190g,£1.30,(68.4p/100g),cupboard,sauce,2025-05-29
Dolmio Onion & Garlic Sauce for Bolognese 675g,£3.00,(44.4p/100g),cupboard,sauce,2025-05-29
Old El Paso Mexican Cooking Sauce for Fajitas Smoky BBQ,£2.04,(60.0p/100g),cupboard,sauce,2025-05-29
Patak's Jalfrezi Curry Sauce,£1.77,(39.3p/100g),cupboard,sauce,2025-05-29
"Homepride Pasta Bake Tomato, Garlic & Chilli",£1.88,(38.8p/100g),cupboard,sauce,2025-05-29
Dolmio Tomato Sauce for Lasagne 675g,£3.00,(44.4p/100g),cupboard,sauce,2025-05-29
Dolmio Low Fat Sauce for Bolognese 450g,£1.88,(41.8p/100g),cupboard,sauce,2025-05-29
Dolmio Chunky Mushroom Sauce for Bolognese 675g,£3.00,(44.4p/100g),cupboard,sauce,2025-05-29
Homepride Chilli Cooking Sauce,£1.88,(38.8p/100g),cupboard,sauce,2025-05-29
Patak's The Original Madras Cooking Sauce,£1.77,(39.3p/100g),cupboard,sauce,2025-05-29
Loyd Grossman Tikka Masala Curry Sauce,£2.18,(62.3p/100g),cupboard,sauce,2025-05-29
Sharwood's Rogan Josh Medium Curry Sauce,£1.77,(42.1p/100g),cupboard,sauce,2025-05-29
Heinz Sundried Cherry Tomato & Basil Pasta Sauce,£1.56,(44.6p/100g),cupboard,sauce,2025-05-29
,,,cupboard,sauce,2025-05-29
,,,cupboard,sauce,2025-05-29
,,,cupboard,sauce,2025-05-29
,,,cupboard,sauce,2025-05-29
,,,cupboard,sauce,2025-05-29
,,,cupboard,sauce,2025-05-29
,,,cupboard,sauce,2025-05-29
,,,cupboard,sauce,2025-05-29
,,,cupboard,sauce,2025-05-29
,,,cupboard,sauce,2025-05-29
,,,cupboard,sauce,2025-05-29
,,,cupboard,sauce,2025-05-29
,,,cupboard,sauce,2025-05-29
,,,cupboard,sauce,2025-05-29
,,,cupboard,sauce,2025-05-29
,,,cupboard,sauce,2025-05-29
,,,cupboard,sauce,2025-05-29
,,,cupboard,sauce,2025-05-29
,,,cupboard,sauce,2025-05-29
,,,cupboard,sauce,2025-05-29
,,,cupboard,sauce,2025-05-29
,,,cupboard,sauce,2025-05-29
,,,cupboard,sauce,2025-05-29
,,,cupboard,sauce,2025-05-29
,,,cupboard,sauce,2025-05-29
,,,cupboard,sauce,2025-05-29
,,,cupboard,sauce,2025-05-29
,,,cupboard,sauce,2025-05-29
,,,cupboard,sauce,2025-05-29
,,,cupboard,sauce,2025-05-29
,,,cupboard,sauce,2025-05-29
,,,cupboard,sauce,2025-05-29
,,,cupboard,sauce,2025-05-29
,,,cupboard,sauce,2025-05-29
Dolmio Sauce for Pasta Bake Creamy Tomato 450g,£1.88,(41.8p/100g),cupboard,sauce,2025-05-29
Dolmio Sauce for Pasta Bake Tomato & Cheese 450g,£1.88,(41.8p/100g),cupboard,sauce,2025-05-29
Dolmio Tomato & Basil Stir in Sauce,£1.53,(£1.02/100g),cupboard,sauce,2025-05-29
ASDA White Lasagne Sauce 480g,£0.80,(16.7p/100g),cupboard,sauce,2025-05-29
ASDA Sweet & Sour Cooking Sauce 500g,£1.20,(24.0p/100g),cupboard,sauce,2025-05-29
ASDA Tikka Masala Curry Sauce,£0.99,(19.4p/100g),cupboard,sauce,2025-05-29
Dolmio Original Sauce for Bolognese 450g,£1.88,(41.8p/100g),cupboard,sauce,2025-05-29
JUST ESSENTIALS by ASDA Sweet & Sour Cooking Sauce,£0.87,(19.8p/100g),cupboard,sauce,2025-05-29
ASDA Chinese Style Curry Cooking Sauce 500g,£1.17,(23.4p/100g),cupboard,sauce,2025-05-29
Homepride Pasta Bake Sauce Creamy Tomato and Herb,£1.88,(38.8p/100g),cupboard,sauce,2025-05-29
Homepride Pasta Bake Cheese & Bacon,£1.88,(38.8p/100g),cupboard,sauce,2025-05-29
ASDA Tomato & Basil Stir-In Sauce 190g,£1.48,(77.9p/100g),cupboard,sauce,2025-05-29
ASDA Green Pesto,£0.99,(52.1p/100g),cupboard,sauce,2025-05-29
Homepride Pasta Bake Creamy Tomato & Cheddar 485g,£1.88,(38.8p/100g),cupboard,sauce,2025-05-29
ASDA Red Pesto 190g,£0.99,(52.1p/100g),cupboard,sauce,2025-05-29
Patak's Korma Curry Sauce,£1.77,(39.3p/100g),cupboard,sauce,2025-05-29
Homepride Pasta Bake Sauce Tomato & Bacon,£1.88,(38.8p/100g),cupboard,sauce,2025-05-29
ASDA Balti Cooking Sauce 500g,£0.99,(19.8p/100g),cupboard,sauce,2025-05-29
Ben's Original Sweet and Sour Sauce,£2.12,(47.1p/100g),cupboard,sauce,2025-05-29
Dolmio Creamy Sauce for Lasagne 440g,£1.88,(42.7p/100g),cupboard,sauce,2025-05-29
Sharwood's Korma Mild Curry Cooking Sauce,£1.77,(42.1p/100g),cupboard,sauce,2025-05-29
Sharwood's Butter Chicken Mild Curry Cooking Sauce,£1.77,(42.1p/100g),cupboard,sauce,2025-05-29
Dolmio Original Sauce for Bolognese 675g,£3.00,(44.4p/100g),cupboard,sauce,2025-05-29
Dolmio Bolognese Onion & Garlic Sauce for Bolognese 450g,£1.88,(41.8p/100g),cupboard,sauce,2025-05-29
ASDA Extra Special Mascarpone & Tomato Pasta Sauce,£1.85,(54.4p/100g),cupboard,sauce,2025-05-29
ASDA Madras Curry Sauce,£0.99,(19.8p/100g),cupboard,sauce,2025-05-29
Dolmio Sauce for Pasta Bake Carbonara 430g,£1.88,(43.7p/100g),cupboard,sauce,2025-05-29
Sharwood's Tikka Masala Medium Curry Cooking Sauce,£1.77,(42.1p/100g),cupboard,sauce,2025-05-29
Patak's Butter Chicken Curry Sauce,£1.77,(39.3p/100g),cupboard,sauce,2025-05-29
Dolmio Intensify Mild Creamy Garlic & Black Pepper Pasta Sauce,£1.88,(48.1p/100g),cupboard,sauce,2025-05-29
Dolmio Smooth Tomato Sauce for Bolognese 450g,£1.88,(41.8p/100g),cupboard,sauce,2025-05-29
Ben's Original Lemon Chicken Sauce,£2.12,(47.1p/100g),cupboard,sauce,2025-05-29
Ben's Original Medium Chilli Con Carne Sauce,£2.12,(47.1p/100g),cupboard,sauce,2025-05-29
Dolmio Tomato & Basil Sauce for Meatballs 450g,£1.88,(41.8p/100g),cupboard,sauce,2025-05-29
Patak's Tikka Masala Curry Sauce,£1.77,(39.3p/100g),cupboard,sauce,2025-05-29
Old El Paso Mexican Cooking Sauce for Fajitas Smoky BBQ,£2.04,(60.0p/100g),cupboard,sauce,2025-05-29
Dolmio Stir in Sundried Tomato Pasta Sauce,£1.53,(£1.02/100g),cupboard,sauce,2025-05-29
ASDA Italian Inspired Green Pesto 190g,£1.30,(68.4p/100g),cupboard,sauce,2025-05-29
Dolmio Tomato Sauce for Lasagne 450g,£1.88,(41.8p/100g),cupboard,sauce,2025-05-29
Dolmio Onion & Garlic Sauce for Bolognese 675g,£3.00,(44.4p/100g),cupboard,sauce,2025-05-29
Dolmio Stir in Carbonara Pasta Sauce,£1.53,(£1.02/100g),cupboard,sauce,2025-05-29
"Homepride Pasta Bake Tomato, Garlic & Chilli",£1.88,(38.8p/100g),cupboard,sauce,2025-05-29
ASDA Extra Special Tomato & Grilled Pepper Stir-In Pasta Sauce,£1.86,(97.9p/100g),cupboard,sauce,2025-05-29
ASDA Extra Special Carbonara Sauce,£1.85,(54.4p/100g),cupboard,sauce,2025-05-29
Homepride Pasta Bake Carbonara 485g,£1.88,(38.8p/100g),cupboard,sauce,2025-05-29
Homepride Chilli Cooking Sauce,£1.88,(38.8p/100g),cupboard,sauce,2025-05-29
Loyd Grossman Tomato & Roasted Garlic Pasta Sauce,£1.98,(56.6p/100g),cupboard,sauce,2025-05-29
Patak's Jalfrezi Curry Sauce,£1.77,(39.3p/100g),cupboard,sauce,2025-05-29
Loyd Grossman Tomato & Chilli Pasta Sauce,£1.98,(56.6p/100g),cupboard,sauce,2025-05-29
Dolmio Sweet Pepper Stir in Sauce,£1.53,(£1.02/100g),cupboard,sauce,2025-05-29
Loyd Grossman Bolognese Original Pasta Sauce,£1.98,(56.6p/100g),cupboard,sauce,2025-05-29
Dolmio Tomato Sauce for Lasagne 675g,£3.00,(44.4p/100g),cupboard,sauce,2025-05-29
Dolmio Chunky Mushroom Sauce for Bolognese 675g,£3.00,(44.4p/100g),cupboard,sauce,2025-05-29
Dolmio Low Fat Sauce for Bolognese 450g,£1.88,(41.8p/100g),cupboard,sauce,2025-05-29
Heinz Tomato Grana Padano & Mascarpone Pasta Sauce,£1.56,(44.6p/100g),cupboard,sauce,2025-05-29
Dolmio Creamy Sauce for Lasagne 655g,£3.00,(45.8p/100g),cupboard,sauce,2025-05-29
Patak's The Original Madras Cooking Sauce,£1.77,(39.3p/100g),cupboard,sauce,2025-05-29
Loyd Grossman Tikka Masala Curry Sauce,£2.18,(62.3p/100g),cupboard,sauce,2025-05-29
Sharwood's Rogan Josh Medium Curry Sauce,£1.77,(42.1p/100g),cupboard,sauce,2025-05-29
Heinz Sundried Cherry Tomato & Basil Pasta Sauce,£1.56,(44.6p/100g),cupboard,sauce,2025-05-29
,,,cupboard,sauce,2025-05-29
,,,cupboard,sauce,2025-05-29
,,,cupboard,sauce,2025-05-29
,,,cupboard,sauce,2025-05-29
,,,cupboard,sauce,2025-05-29
,,,cupboard,sauce,2025-05-29
,,,cupboard,sauce,2025-05-29
,,,cupboard,sauce,2025-05-29
,,,cupboard,sauce,2025-05-29
,,,cupboard,sauce,2025-05-29
,,,cupboard,sauce,2025-05-29
,,,cupboard,sauce,2025-05-29
,,,cupboard,sauce,2025-05-29
,,,cupboard,sauce,2025-05-29
,,,cupboard,sauce,2025-05-29
,,,cupboard,sauce,2025-05-29
,,,cupboard,sauce,2025-05-29
Dolmio Sauce for Pasta Bake Creamy Tomato 450g,£1.88,(41.8p/100g),cupboard,sauce,2025-05-29
Dolmio Sauce for Pasta Bake Tomato & Cheese 450g,£1.88,(41.8p/100g),cupboard,sauce,2025-05-29
Dolmio Sauce for Pasta Bake Carbonara 430g,£1.88,(43.7p/100g),cupboard,sauce,2025-05-29
Dolmio Intensify Fiery Sun-Ripened Tomato & Chilli Pasta Sauce,£1.88,(47.0p/100g),cupboard,sauce,2025-05-29
Loyd Grossman Tomato & Chilli Pasta Sauce,£3.06,(46.4p/100g),cupboard,sauce,2025-05-29
Filippo Berio Pasta Sauce Verdure Grigliate 340g,£1.48,(43.5p/100g),cupboard,sauce,2025-05-29
Sacla Classic Basil Pesto,£3.35,(£1.76/100g),cupboard,sauce,2025-05-29
Heinz Tomato & Chilli Pasta Sauce,£1.56,(44.6p/100g),cupboard,sauce,2025-05-29
ASDA Extra Special Royal Tikka Makhani Curry Sauce,£2.50,(73.5p/100g),cupboard,sauce,2025-05-29
Loyd Grossman Tomato & Smoked Bacon Pasta Sauce,£1.98,(56.6p/100g),cupboard,sauce,2025-05-29
Heinz Tomato Sauce for Bolognese,£1.56,(44.6p/100g),cupboard,sauce,2025-05-29
Sharwood's 30% Less Fat Korma Curry Sauce,£1.77,(42.1p/100g),cupboard,sauce,2025-05-29
Ben's Original Sweet and Sour Original No Added Sugar Sauce,£2.12,(48.2p/100g),cupboard,sauce,2025-05-29
Homepride Pasta Bake Sauce Tomato & Herb 485g,£1.88,(38.8p/100g),cupboard,sauce,2025-05-29
Heinz Sundried Cherry Tomato & Basil Pasta Sauce,£1.56,(44.6p/100g),cupboard,sauce,2025-05-29
Mutti Simply Sugo Basil Pasta Sauce,£2.36,(59.0p/100g),cupboard,sauce,2025-05-29
ASDA Extra Special Bolognese Sauce,£1.85,(54.4p/100g),cupboard,sauce,2025-05-29
ASDA Extra Special Tomato & Mascarpone Stir-In Sauce 190g,£1.86,(97.9p/100g),cupboard,sauce,2025-05-29
Sharwood's Balti Medium Curry Sauce,£1.77,(42.1p/100g),cupboard,sauce,2025-05-29
ASDA Extra Special Sun-Dried Tomato Pesto 190g,£2.20,(£1.16/100g),cupboard,sauce,2025-05-29
Dolmio Stir In Pasta Sauce Smoked Bacon & Tomato,£1.53,(£1.02/100g),cupboard,sauce,2025-05-29
Sharwood's Rogan Josh Medium Curry Sauce,£1.77,(42.1p/100g),cupboard,sauce,2025-05-29
Sharwood's Bhuna Medium Curry Sauce,£1.77,(42.1p/100g),cupboard,sauce,2025-05-29
Loyd Grossman Balti Curry Sauce,£2.18,(62.3p/100g),cupboard,sauce,2025-05-29
"Dolmio Intensify Spicy Red Pepper, Smoked Paprika & Chilli Pasta Sauce",£1.68,(42.0p/100g),cupboard,sauce,2025-05-29
Homepride Classic Curry Cooking Sauce,£2.58,(64.5p/100g),cupboard,sauce,2025-05-29
Patak's Balti Cooking Sauce,£1.77,(39.3p/100g),cupboard,sauce,2025-05-29
Loyd Grossman Loyd Grossman No Added Sugar Bolognese Pasta Sauce,£1.98,(56.6p/100g),cupboard,sauce,2025-05-29
ASDA Extra Special Chilli and Tomato Pasta Sauce,£1.85,(54.4p/100g),cupboard,sauce,2025-05-29
Dolmio Smooth Tomato Sauce for Bolognese 675g,£3.00,(44.4p/100g),cupboard,sauce,2025-05-29
Heinz Tomato Pasta Sauce for Bolognese 490g,£2.18,(44.5p/100g),cupboard,sauce,2025-05-29
Filippo Berio Pasta Sauce Arrabbiata 340g,£1.48,(43.5p/100g),cupboard,sauce,2025-05-29
Loyd Grossman No Added Sugar Tomato & Basil,£1.98,(56.6p/100g),cupboard,sauce,2025-05-29
ASDA Extra Special Pesto Alla Genovese 190g,£2.20,(£1.16/100g),cupboard,sauce,2025-05-29
Sacla Sun-Dried Tomato Pesto,£3.35,(£1.76/100g),cupboard,sauce,2025-05-29
Loyd Grossman Bolognese Pasta Sauce,£3.06,(46.4p/100g),cupboard,sauce,2025-05-29
Loyd Grossman Tomato & Basil Pasta Sauce,£3.06,(46.4p/100g),cupboard,sauce,2025-05-29
Filippo Berio Classic Pesto 190g,£2.80,(£1.47/100g),cupboard,sauce,2025-05-29
Patak's Bhuna Cooking Sauce,£1.77,(39.3p/100g),cupboard,sauce,2025-05-29
Filippo Berio Sun-Dried Tomato Pesto 190g,£2.80,(£1.47/100g),cupboard,sauce,2025-05-29
Dolmio Sauce for Bolognese Chunky Mushroom 450g,£1.88,(41.8p/100g),cupboard,sauce,2025-05-29
Heinz Sundried Cherry Tomato & Basil,£2.18,(44.5p/100g),cupboard,sauce,2025-05-29
Sacla Fiery Chilli Pesto,£3.35,(£1.76/100g),cupboard,sauce,2025-05-29
Dolmio Sauce for Bolognese Spicy Chilli 450g,£1.88,(41.8p/100g),cupboard,sauce,2025-05-29
Loyd Grossman Tomato & Basil Pasta Sauce,£1.98,(56.6p/100g),cupboard,sauce,2025-05-29
Loyd Grossman Korma Curry Sauce,£2.18,(62.3p/100g),cupboard,sauce,2025-05-29
Mutti Simply Sugo Chilli Pasta Sauce,£2.36,(59.0p/100g),cupboard,sauce,2025-05-29
ASDA Mild Chilli Cooking Sauce 500g,£0.99,(19.6p/100g),cupboard,sauce,2025-05-29
ASDA Hunter's Chicken Cooking Sauce 510g,£1.27,(24.9p/100g),cupboard,sauce,2025-05-29
ASDA Memphis Style BBQ Cooking Sauce 525g,£1.20,(22.9p/100g),cupboard,sauce,2025-05-29
ASDA Fajita Cooking Sauce 500g,£0.99,(19.6p/100g),cupboard,sauce,2025-05-29
ASDA Creamy Mushroom Cooking Sauce 480g,£1.27,(26.5p/100g),cupboard,sauce,2025-05-29
Chicken Tonight Spanish Chicken Cooking Sauce,£1.75,(35.0p/100g),cupboard,sauce,2025-05-29
Chicken Tonight Rich & Creamy Mushroom Cooking Sauce,£1.75,(35.0p/100g),cupboard,sauce,2025-05-29
JUST ESSENTIALS by ASDA Cheese & Broccoli Pasta & Sauce,£0.56,(£5.09/kg),cupboard,sauce,2025-05-29
Chicken Tonight Honey & Dijon Mustard Cooking Sauce,£1.75,(35.0p/100g),cupboard,sauce,2025-05-29
JUST ESSENTIALS by ASDA Casserole Sauce,£1.10,(22.0p/100g),cupboard,sauce,2025-05-29
ASDA Sweet Chilli & Garlic Stir-Fry Sauce 120g,£0.65,(54.2p/100g),cupboard,sauce,2025-05-29
ASDA Hot Chilli Cooking Sauce 500g,£0.99,(19.6p/100g),cupboard,sauce,2025-05-29
ASDA Ricotta & Red Pepper Pesto,£0.99,(52.1p/100g),cupboard,sauce,2025-05-29
,,,cupboard,sauce,2025-05-29
,,,cupboard,sauce,2025-05-29
,,,cupboard,sauce,2025-05-29
,,,cupboard,sauce,2025-05-29
,,,cupboard,sauce,2025-05-29
,,,cupboard,sauce,2025-05-29
,,,cupboard,sauce,2025-05-29
,,,cupboard,sauce,2025-05-29
,,,cupboard,sauce,2025-05-29
,,,cupboard,sauce,2025-05-29
,,,cupboard,sauce,2025-05-29
,,,cupboard,sauce,2025-05-29
,,,cupboard,sauce,2025-05-29
,,,cupboard,sauce,2025-05-29
,,,cupboard,sauce,2025-05-29
,,,cupboard,sauce,2025-05-29
,,,cupboard,sauce,2025-05-29
Dolmio Sauce for Pasta Bake Creamy Tomato 450g,£1.88,(41.8p/100g),cupboard,sauce,2025-05-29
Dolmio Sauce for Pasta Bake Tomato & Cheese 450g,£1.88,(41.8p/100g),cupboard,sauce,2025-05-29
Dolmio Sauce for Pasta Bake Carbonara 430g,£1.88,(43.7p/100g),cupboard,sauce,2025-05-29
Homepride White Wine Cooking Sauce,£1.88,(38.8p/100g),cupboard,sauce,2025-05-29
ASDA Black Bean Stir-Fry Sauce 120g,£0.65,(54.2p/100g),cupboard,sauce,2025-05-29
Blue Dragon Teriyaki Stir Fry Sauce,£0.83,(69.2p/100g),cupboard,sauce,2025-05-29
Blue Dragon Satay Stir Fry Sauce,£0.83,(69.2p/100g),cupboard,sauce,2025-05-29
Sharwood's Kung Po Medium Cooking Sauce,£1.77,(41.6p/100g),cupboard,sauce,2025-05-29
Filippo Berio Hot Chilli Pesto 190g,£2.80,(£1.47/100g),cupboard,sauce,2025-05-29
ASDA Free From White Lasagne Pasta Sauce,£1.30,(26.5p/100g),cupboard,sauce,2025-05-29
Sharwood's East Asian Japanese Katsu 415g,£1.77,(42.6p/100g),cupboard,sauce,2025-05-29
Loyd Grossman No Added Sugar Pizza Sauce,£1.98,(56.6p/100g),cupboard,sauce,2025-05-29
Sharwood's Chinese Medium Curry Cooking Sauce,£1.77,(41.6p/100g),cupboard,sauce,2025-05-29
Loyd Grossman Tomato & Sweet Red Pepper Pasta Sauce,£1.98,(56.6p/100g),cupboard,sauce,2025-05-29
Sharwood's Madras Hot Curry Sauce,£1.77,(42.1p/100g),cupboard,sauce,2025-05-29
Sharwood's Sweet & Sour Cooking Sauce,£1.77,(41.6p/100g),cupboard,sauce,2025-05-29
Blue Dragon Black Bean Stir Fry Sauce,£0.83,(69.2p/100g),cupboard,sauce,2025-05-29
Free From by Asda Tomato & Garlic Sauce 500g,£1.50,(30.0p/100g),cupboard,sauce,2025-05-29
Dolmio Lasagne Meal Bundle For 4,£11.04,null,cupboard,sauce,2025-05-29
Blue Dragon Korean BBQ Stir Fry Sauce,£0.83,(69.2p/100g),cupboard,sauce,2025-05-29
Patak's Vindaloo Curry Sauce,£1.77,(39.3p/100g),cupboard,sauce,2025-05-29
Blue Dragon Chow Mein Stir Fry Sauce,£0.83,(69.2p/100g),cupboard,sauce,2025-05-29
Sharwood's Curry Paste Korma 280g,£2.17,(77.5p/100g),cupboard,sauce,2025-05-29
Loyd Grossman No Added Sugar Tomato & Chilli Pasta Sauce,£1.98,(56.6p/100g),cupboard,sauce,2025-05-29
Dolmio Lasagne Duo Meal Bundle For 4,£3.76,null,cupboard,sauce,2025-05-29
ASDA Extra Special Punjabi Style Dopiaza Curry Sauce,£2.50,(73.5p/100g),cupboard,sauce,2025-05-29
Sharwood's Tikka Masala Extra Creamy Curry Sauce,£1.77,(42.1p/100g),cupboard,sauce,2025-05-29
Meatballs Meal Bundle for 4,£5.97,null,cupboard,sauce,2025-05-29
Wagamama Firecracker Stir Fry Sauce 120g,£1.30,(£1.08/100g),cupboard,sauce,2025-05-29
Dolmio Sauce for Lasagne Light Creamy 440g,£1.88,(42.7p/100g),cupboard,sauce,2025-05-29
Filippo Berio Truffle Pesto 190g,£4.50,(£2.37/100g),cupboard,sauce,2025-05-29
Al Fez Smoky Harissa Tagine Sauce,£2.34,(52.0p/100g),cupboard,sauce,2025-05-29
Al Fez Apricot & Coriander Tagine Sauce,£2.34,(52.0p/100g),cupboard,sauce,2025-05-29
Sharwood's East Asian Japanese Teriyaki 420g,£1.77,(42.1p/100g),cupboard,sauce,2025-05-29
Sacla Pesto Stock Up Bundle,£10.05,null,cupboard,sauce,2025-05-29
Ben's Original Lemon Chicken with Egg Fried Rice Meal Bundle For 4,£8.60,null,cupboard,sauce,2025-05-29
Midweek Creamy Pasta Meal for 3-4 People,£2.63,null,cupboard,sauce,2025-05-29
Lee Kum Kee Kee Honey & Soy Stir-Fry Sauce 70g,£0.95,(£1.36/100g),cupboard,sauce,2025-05-29
Wagamama Korean Style BBQ Stir Fry Sauce 120g,£1.30,(£1.08/100g),cupboard,sauce,2025-05-29
Blue Dragon Oyster & Spring Onion Stir Fry Sauce,£0.83,(69.2p/100g),cupboard,sauce,2025-05-29
Patak's The Original Rogan Josh Cooking Sauce,£1.77,(39.3p/100g),cupboard,sauce,2025-05-29
Homepride Shepherd's Pie Cooking Sauce,£1.88,(38.8p/100g),cupboard,sauce,2025-05-29
Loyd Grossman Tomato & Red Wine Pasta Sauce,£1.98,(56.6p/100g),cupboard,sauce,2025-05-29
Loyd Grossman No Added Sugar White Lasagne Sauce,£1.98,(45.0p/100g),cupboard,sauce,2025-05-29
Sacla Vegan Basil Pesto,£3.10,(£1.63/100g),cupboard,sauce,2025-05-29
YO! Sweet & Sticky Teriyaki,£0.96,(96.0p/100g),cupboard,sauce,2025-05-29
Capsicana Mexican Fajita Chilli & Honey Cooking Paste 60g,£1.34,(£2.23/100g),cupboard,sauce,2025-05-29
Sharwood's Tikka Masala Reduced Fat Curry Sauce,£1.77,(42.1p/100g),cupboard,sauce,2025-05-29
Sharwood's Jalfrezi Hot Curry Cooking Sauce,£1.77,(42.1p/100g),cupboard,sauce,2025-05-29
Patak's The Original Curry Creations Korma Sauce 160g,£3.13,(£1.96/100g),cupboard,sauce,2025-05-29
Loyd Grossman No Added Sugar Red Lasagne Sauce,£1.98,(44.0p/100g),cupboard,sauce,2025-05-29
Sharwood's Curry Paste Tikka Masala 280g,£2.17,(77.5p/100g),cupboard,sauce,2025-05-29
Al Fez Moroccan Meatball Tagine Sauce,£2.34,(52.0p/100g),cupboard,sauce,2025-05-29
ASDA Free From Tikka Masala Curry Sauce,£1.30,(26.0p/100g),cupboard,sauce,2025-05-29
Patak's The Original Curry Creations Tikka Masala Sauce 160g,£3.13,(£1.96/100g),cupboard,sauce,2025-05-29
Sharwood's Reduced Sugar Sweet & Sour Cooking Sauce,£1.77,(41.6p/100g),cupboard,sauce,2025-05-29
"YO! Soy, Ginger & Garlic Yakisoba Stir Fry",£0.96,(96.0p/100g),cupboard,sauce,2025-05-29
YO! Katsu Curry Sauce,£0.96,(96.0p/100g),cupboard,sauce,2025-05-29
Sharwood's East Asian Thai Green Curry 415g,£1.77,(42.6p/100g),cupboard,sauce,2025-05-29
Old El Paso Mexican Cooking Sauce for Enchiladas Cheesy Baked,£2.04,(60.0p/100g),cupboard,sauce,2025-05-29
,,,cupboard,sauce,2025-05-29
,,,cupboard,sauce,2025-05-29
,,,cupboard,sauce,2025-05-29
,,,cupboard,sauce,2025-05-29
,,,cupboard,sauce,2025-05-29
,,,cupboard,sauce,2025-05-29
,,,cupboard,sauce,2025-05-29
,,,cupboard,sauce,2025-05-29
,,,cupboard,sauce,2025-05-29
,,,cupboard,sauce,2025-05-29
,,,cupboard,sauce,2025-05-29
,,,cupboard,sauce,2025-05-29
,,,cupboard,sauce,2025-05-29
,,,cupboard,sauce,2025-05-29
,,,cupboard,sauce,2025-05-29
,,,cupboard,sauce,2025-05-29
,,,cupboard,sauce,2025-05-29
Dolmio Sauce for Pasta Bake Creamy Tomato 450g,£1.88,(41.8p/100g),cupboard,sauce,2025-05-29
Dolmio Sauce for Pasta Bake Tomato & Cheese 450g,£1.88,(41.8p/100g),cupboard,sauce,2025-05-29
Dolmio Sauce for Pasta Bake Carbonara 430g,£1.88,(43.7p/100g),cupboard,sauce,2025-05-29
Patak's The Original Curry Creations Jalfrezi Sauce 160g,£3.13,(£1.96/100g),cupboard,sauce,2025-05-29
ASDA Tomato & Basil Pizza Sauce Topper,£2.30,(92.0p/100g),cupboard,sauce,2025-05-29
Wagamama Teriyaki Stir Fry Sauce 120g,£1.30,(£1.08/100g),cupboard,sauce,2025-05-29
Sharwood's 30% Less Fat Butter Chicken Curry Sauce,£1.77,(42.1p/100g),cupboard,sauce,2025-05-29
ASDA Free From Bolognese Pasta Sauce,£1.30,(26.0p/100g),cupboard,sauce,2025-05-29
Sharwood's East Asian Thai Green Curry 415g,£1.77,(42.6p/100g),cupboard,sauce,2025-05-29
Sharwood's Black Bean Red Pepper Mild Cooking Sauce,£1.77,(41.6p/100g),cupboard,sauce,2025-05-29
Filippo Berio Tomato & Ricotta Pesto 190g,£2.80,(£1.47/100g),cupboard,sauce,2025-05-29
Homepride Curry Cooking Sauce,£1.88,(38.8p/100g),cupboard,sauce,2025-05-29
Sharwood's East Asian Thai Red Curry 415g,£1.77,(42.6p/100g),cupboard,sauce,2025-05-29
Pesto & Spaghetti Bundle,£4.43,null,cupboard,sauce,2025-05-29
Homepride Hunter's Chicken Cooking Sauce,£1.88,(38.8p/100g),cupboard,sauce,2025-05-29
ASDA Extra Special Special Fiery Goan Style Curry Cooking Sauce,£2.50,(73.5p/100g),cupboard,sauce,2025-05-29
Lee Kum Kee Kee Kung Pao Chicken Stir-Fry Sauce 60g,£0.95,(£1.58/100g),cupboard,sauce,2025-05-29
Wagamama Pad Thai Stir Fry Sauce 120g,£1.30,(£1.08/100g),cupboard,sauce,2025-05-29
Blue Dragon Sweet Chilli & Garlic Stir Fry Sauce,£0.83,(69.2p/100g),cupboard,sauce,2025-05-29
ASDA Bolognese Pasta Sauce,£0.69,(13.9p/100g),cupboard,sauce,2025-05-29
ASDA Creamy Tomato Pasta Bake 500g,£0.69,(13.8p/100g),cupboard,sauce,2025-05-29
ASDA Chunky Veg & Tomato Pasta Sauce 500g,£0.69,(13.8p/100g),cupboard,sauce,2025-05-29
ASDA Tomato & Basil Sauce for Meatballs 500g,£0.69,(13.8p/100g),cupboard,sauce,2025-05-29
ASDA Tomato & Pepperoni Pasta Bake 500g,£0.69,(13.8p/100g),cupboard,sauce,2025-05-29
ASDA Cheesy Pasta Bake 475g,£0.69,(14.5p/100g),cupboard,sauce,2025-05-29
JUST ESSENTIALS by ASDA Mild Curry Sauce,£0.49,(11.1p/100g),cupboard,sauce,2025-05-29
ASDA Tomato & Mushroom Pasta Sauce 500g,£0.69,(13.9p/100g),cupboard,sauce,2025-05-29
ASDA Free From Korma Curry Sauce,£1.30,(26.0p/100g),cupboard,sauce,2025-05-29
ASDA Free From Tomato & Herb Pasta Bake Sauce,£1.30,(26.0p/100g),cupboard,sauce,2025-05-29
ASDA Smooth Bolognese Pasta Sauce 500g,£0.69,(13.8p/100g),cupboard,sauce,2025-05-29
ASDA Asda Tomato & Garlic Pasta Sauce 500g,£0.69,(13.8p/100g),cupboard,sauce,2025-05-29
ASDA Spicy Tomato Pasta Sauce 500g,£0.69,(13.8p/100g),cupboard,sauce,2025-05-29
ASDA Korma Cooking Sauce 490g,£0.97,(19.8p/100g),cupboard,sauce,2025-05-29
ASDA Butter Chicken Cooking Sauce 495g,£0.97,(19.6p/100g),cupboard,sauce,2025-05-29
,,,cupboard,sauce,2025-05-29
,,,cupboard,sauce,2025-05-29
,,,cupboard,sauce,2025-05-29
,,,cupboard,sauce,2025-05-29
,,,cupboard,sauce,2025-05-29
,,,cupboard,sauce,2025-05-29
,,,cupboard,sauce,2025-05-29
,,,cupboard,sauce,2025-05-29
,,,cupboard,sauce,2025-05-29
,,,cupboard,sauce,2025-05-29
,,,cupboard,sauce,2025-05-29
,,,cupboard,sauce,2025-05-29
,,,cupboard,sauce,2025-05-29
,,,cupboard,sauce,2025-05-29
,,,cupboard,sauce,2025-05-29
,,,cupboard,sauce,2025-05-29
,,,cupboard,sauce,2025-05-29
Dolmio Sauce for Pasta Bake Creamy Tomato 450g,£1.88,(41.8p/100g),cupboard,sauce,2025-05-29
Dolmio Sauce for Pasta Bake Tomato & Cheese 450g,£1.88,(41.8p/100g),cupboard,sauce,2025-05-29
Dolmio Tomato & Basil Stir in Sauce,£1.53,(£1.02/100g),cupboard,sauce,2025-05-29
ASDA White Lasagne Sauce 480g,£0.80,(16.7p/100g),cupboard,sauce,2025-05-29
ASDA Sweet & Sour Cooking Sauce 500g,£1.20,(24.0p/100g),cupboard,sauce,2025-05-29
ASDA Tikka Masala Curry Sauce,£0.99,(19.4p/100g),cupboard,sauce,2025-05-29
Dolmio Original Sauce for Bolognese 450g,£1.88,(41.8p/100g),cupboard,sauce,2025-05-29
JUST ESSENTIALS by ASDA Sweet & Sour Cooking Sauce,£0.87,(19.8p/100g),cupboard,sauce,2025-05-29
ASDA Chinese Style Curry Cooking Sauce 500g,£1.17,(23.4p/100g),cupboard,sauce,2025-05-29
Homepride Pasta Bake Sauce Creamy Tomato and Herb,£1.88,(38.8p/100g),cupboard,sauce,2025-05-29
Homepride Pasta Bake Cheese & Bacon,£1.88,(38.8p/100g),cupboard,sauce,2025-05-29
ASDA Tomato & Basil Stir-In Sauce 190g,£1.48,(77.9p/100g),cupboard,sauce,2025-05-29
ASDA Green Pesto,£0.99,(52.1p/100g),cupboard,sauce,2025-05-29
Homepride Pasta Bake Creamy Tomato & Cheddar 485g,£1.88,(38.8p/100g),cupboard,sauce,2025-05-29
ASDA Red Pesto 190g,£0.99,(52.1p/100g),cupboard,sauce,2025-05-29
Patak's Korma Curry Sauce,£1.77,(39.3p/100g),cupboard,sauce,2025-05-29
Homepride Pasta Bake Sauce Tomato & Bacon,£1.88,(38.8p/100g),cupboard,sauce,2025-05-29
ASDA Balti Cooking Sauce 500g,£0.99,(19.8p/100g),cupboard,sauce,2025-05-29
Ben's Original Sweet and Sour Sauce,£2.12,(47.1p/100g),cupboard,sauce,2025-05-29
Dolmio Creamy Sauce for Lasagne 440g,£1.88,(42.7p/100g),cupboard,sauce,2025-05-29
Sharwood's Korma Mild Curry Cooking Sauce,£1.77,(42.1p/100g),cupboard,sauce,2025-05-29
Sharwood's Butter Chicken Mild Curry Cooking Sauce,£1.77,(42.1p/100g),cupboard,sauce,2025-05-29
Dolmio Original Sauce for Bolognese 675g,£3.00,(44.4p/100g),cupboard,sauce,2025-05-29
Dolmio Bolognese Onion & Garlic Sauce for Bolognese 450g,£1.88,(41.8p/100g),cupboard,sauce,2025-05-29
ASDA Extra Special Mascarpone & Tomato Pasta Sauce,£1.85,(54.4p/100g),cupboard,sauce,2025-05-29
ASDA Madras Curry Sauce,£0.99,(19.8p/100g),cupboard,sauce,2025-05-29
Dolmio Sauce for Pasta Bake Carbonara 430g,£1.88,(43.7p/100g),cupboard,sauce,2025-05-29
Sharwood's Tikka Masala Medium Curry Cooking Sauce,£1.77,(42.1p/100g),cupboard,sauce,2025-05-29
Patak's Butter Chicken Curry Sauce,£1.77,(39.3p/100g),cupboard,sauce,2025-05-29
Dolmio Intensify Mild Creamy Garlic & Black Pepper Pasta Sauce,£1.88,(48.1p/100g),cupboard,sauce,2025-05-29
Dolmio Smooth Tomato Sauce for Bolognese 450g,£1.88,(41.8p/100g),cupboard,sauce,2025-05-29
Ben's Original Lemon Chicken Sauce,£2.12,(47.1p/100g),cupboard,sauce,2025-05-29
Ben's Original Medium Chilli Con Carne Sauce,£2.12,(47.1p/100g),cupboard,sauce,2025-05-29
Dolmio Tomato & Basil Sauce for Meatballs 450g,£1.88,(41.8p/100g),cupboard,sauce,2025-05-29
Patak's Tikka Masala Curry Sauce,£1.77,(39.3p/100g),cupboard,sauce,2025-05-29
Old El Paso Mexican Cooking Sauce for Fajitas Smoky BBQ,£2.04,(60.0p/100g),cupboard,sauce,2025-05-29
Dolmio Stir in Sundried Tomato Pasta Sauce,£1.53,(£1.02/100g),cupboard,sauce,2025-05-29
ASDA Italian Inspired Green Pesto 190g,£1.30,(68.4p/100g),cupboard,sauce,2025-05-29
Dolmio Tomato Sauce for Lasagne 450g,£1.88,(41.8p/100g),cupboard,sauce,2025-05-29
Dolmio Onion & Garlic Sauce for Bolognese 675g,£3.00,(44.4p/100g),cupboard,sauce,2025-05-29
Dolmio Stir in Carbonara Pasta Sauce,£1.53,(£1.02/100g),cupboard,sauce,2025-05-29
"Homepride Pasta Bake Tomato, Garlic & Chilli",£1.88,(38.8p/100g),cupboard,sauce,2025-05-29
ASDA Extra Special Tomato & Grilled Pepper Stir-In Pasta Sauce,£1.86,(97.9p/100g),cupboard,sauce,2025-05-29
ASDA Extra Special Carbonara Sauce,£1.85,(54.4p/100g),cupboard,sauce,2025-05-29
Homepride Pasta Bake Carbonara 485g,£1.88,(38.8p/100g),cupboard,sauce,2025-05-29
Homepride Chilli Cooking Sauce,£1.88,(38.8p/100g),cupboard,sauce,2025-05-29
Loyd Grossman Tomato & Roasted Garlic Pasta Sauce,£1.98,(56.6p/100g),cupboard,sauce,2025-05-29
Patak's Jalfrezi Curry Sauce,£1.77,(39.3p/100g),cupboard,sauce,2025-05-29
Loyd Grossman Tomato & Chilli Pasta Sauce,£1.98,(56.6p/100g),cupboard,sauce,2025-05-29
Dolmio Sweet Pepper Stir in Sauce,£1.53,(£1.02/100g),cupboard,sauce,2025-05-29
Loyd Grossman Bolognese Original Pasta Sauce,£1.98,(56.6p/100g),cupboard,sauce,2025-05-29
Dolmio Tomato Sauce for Lasagne 675g,£3.00,(44.4p/100g),cupboard,sauce,2025-05-29
Dolmio Chunky Mushroom Sauce for Bolognese 675g,£3.00,(44.4p/100g),cupboard,sauce,2025-05-29
Dolmio Low Fat Sauce for Bolognese 450g,£1.88,(41.8p/100g),cupboard,sauce,2025-05-29
Heinz Tomato Grana Padano & Mascarpone Pasta Sauce,£1.56,(44.6p/100g),cupboard,sauce,2025-05-29
Dolmio Creamy Sauce for Lasagne 655g,£3.00,(45.8p/100g),cupboard,sauce,2025-05-29
Patak's The Original Madras Cooking Sauce,£1.77,(39.3p/100g),cupboard,sauce,2025-05-29
Loyd Grossman Tikka Masala Curry Sauce,£2.18,(62.3p/100g),cupboard,sauce,2025-05-29
Sharwood's Rogan Josh Medium Curry Sauce,£1.77,(42.1p/100g),cupboard,sauce,2025-05-29
Heinz Sundried Cherry Tomato & Basil Pasta Sauce,£1.56,(44.6p/100g),cupboard,sauce,2025-05-29
,,,cupboard,sauce,2025-05-29
,,,cupboard,sauce,2025-05-29
,,,cupboard,sauce,2025-05-29
,,,cupboard,sauce,2025-05-29
,,,cupboard,sauce,2025-05-29
,,,cupboard,sauce,2025-05-29
,,,cupboard,sauce,2025-05-29
,,,cupboard,sauce,2025-05-29
,,,cupboard,sauce,2025-05-29
,,,cupboard,sauce,2025-05-29
,,,cupboard,sauce,2025-05-29
,,,cupboard,sauce,2025-05-29
,,,cupboard,sauce,2025-05-29
,,,cupboard,sauce,2025-05-29
,,,cupboard,sauce,2025-05-29
,,,cupboard,sauce,2025-05-29
,,,cupboard,sauce,2025-05-29
Dolmio Sauce for Pasta Bake Creamy Tomato 450g,£1.88,(41.8p/100g),cupboard,sauce,2025-05-29
Dolmio Sauce for Pasta Bake Tomato & Cheese 450g,£1.88,(41.8p/100g),cupboard,sauce,2025-05-29
Dolmio Sauce for Pasta Bake Carbonara 430g,£1.88,(43.7p/100g),cupboard,sauce,2025-05-29
Dolmio Intensify Fiery Sun-Ripened Tomato & Chilli Pasta Sauce,£1.88,(47.0p/100g),cupboard,sauce,2025-05-29
Loyd Grossman Tomato & Chilli Pasta Sauce,£3.06,(46.4p/100g),cupboard,sauce,2025-05-29
Filippo Berio Pasta Sauce Verdure Grigliate 340g,£1.48,(43.5p/100g),cupboard,sauce,2025-05-29
Sacla Classic Basil Pesto,£3.35,(£1.76/100g),cupboard,sauce,2025-05-29
Heinz Tomato & Chilli Pasta Sauce,£1.56,(44.6p/100g),cupboard,sauce,2025-05-29
ASDA Extra Special Royal Tikka Makhani Curry Sauce,£2.50,(73.5p/100g),cupboard,sauce,2025-05-29
Loyd Grossman Tomato & Smoked Bacon Pasta Sauce,£1.98,(56.6p/100g),cupboard,sauce,2025-05-29
Heinz Tomato Sauce for Bolognese,£1.56,(44.6p/100g),cupboard,sauce,2025-05-29
Sharwood's 30% Less Fat Korma Curry Sauce,£1.77,(42.1p/100g),cupboard,sauce,2025-05-29
Ben's Original Sweet and Sour Original No Added Sugar Sauce,£2.12,(48.2p/100g),cupboard,sauce,2025-05-29
Homepride Pasta Bake Sauce Tomato & Herb 485g,£1.88,(38.8p/100g),cupboard,sauce,2025-05-29
Heinz Sundried Cherry Tomato & Basil Pasta Sauce,£1.56,(44.6p/100g),cupboard,sauce,2025-05-29
Mutti Simply Sugo Basil Pasta Sauce,£2.36,(59.0p/100g),cupboard,sauce,2025-05-29
ASDA Extra Special Bolognese Sauce,£1.85,(54.4p/100g),cupboard,sauce,2025-05-29
ASDA Extra Special Tomato & Mascarpone Stir-In Sauce 190g,£1.86,(97.9p/100g),cupboard,sauce,2025-05-29
Sharwood's Balti Medium Curry Sauce,£1.77,(42.1p/100g),cupboard,sauce,2025-05-29
ASDA Extra Special Sun-Dried Tomato Pesto 190g,£2.20,(£1.16/100g),cupboard,sauce,2025-05-29
Dolmio Stir In Pasta Sauce Smoked Bacon & Tomato,£1.53,(£1.02/100g),cupboard,sauce,2025-05-29
Sharwood's Rogan Josh Medium Curry Sauce,£1.77,(42.1p/100g),cupboard,sauce,2025-05-29
Sharwood's Bhuna Medium Curry Sauce,£1.77,(42.1p/100g),cupboard,sauce,2025-05-29
Loyd Grossman Balti Curry Sauce,£2.18,(62.3p/100g),cupboard,sauce,2025-05-29
"Dolmio Intensify Spicy Red Pepper, Smoked Paprika & Chilli Pasta Sauce",£1.68,(42.0p/100g),cupboard,sauce,2025-05-29
Homepride Classic Curry Cooking Sauce,£2.58,(64.5p/100g),cupboard,sauce,2025-05-29
Patak's Balti Cooking Sauce,£1.77,(39.3p/100g),cupboard,sauce,2025-05-29
Loyd Grossman Loyd Grossman No Added Sugar Bolognese Pasta Sauce,£1.98,(56.6p/100g),cupboard,sauce,2025-05-29
ASDA Extra Special Chilli and Tomato Pasta Sauce,£1.85,(54.4p/100g),cupboard,sauce,2025-05-29
Dolmio Smooth Tomato Sauce for Bolognese 675g,£3.00,(44.4p/100g),cupboard,sauce,2025-05-29
Heinz Tomato Pasta Sauce for Bolognese 490g,£2.18,(44.5p/100g),cupboard,sauce,2025-05-29
Filippo Berio Pasta Sauce Arrabbiata 340g,£1.48,(43.5p/100g),cupboard,sauce,2025-05-29
Loyd Grossman No Added Sugar Tomato & Basil,£1.98,(56.6p/100g),cupboard,sauce,2025-05-29
ASDA Extra Special Pesto Alla Genovese 190g,£2.20,(£1.16/100g),cupboard,sauce,2025-05-29
Sacla Sun-Dried Tomato Pesto,£3.35,(£1.76/100g),cupboard,sauce,2025-05-29
Loyd Grossman Bolognese Pasta Sauce,£3.06,(46.4p/100g),cupboard,sauce,2025-05-29
Loyd Grossman Tomato & Basil Pasta Sauce,£3.06,(46.4p/100g),cupboard,sauce,2025-05-29
Filippo Berio Classic Pesto 190g,£2.80,(£1.47/100g),cupboard,sauce,2025-05-29
Patak's Bhuna Cooking Sauce,£1.77,(39.3p/100g),cupboard,sauce,2025-05-29
Filippo Berio Sun-Dried Tomato Pesto 190g,£2.80,(£1.47/100g),cupboard,sauce,2025-05-29
Dolmio Sauce for Bolognese Chunky Mushroom 450g,£1.88,(41.8p/100g),cupboard,sauce,2025-05-29
Heinz Sundried Cherry Tomato & Basil,£2.18,(44.5p/100g),cupboard,sauce,2025-05-29
Sacla Fiery Chilli Pesto,£3.35,(£1.76/100g),cupboard,sauce,2025-05-29
Dolmio Sauce for Bolognese Spicy Chilli 450g,£1.88,(41.8p/100g),cupboard,sauce,2025-05-29
Loyd Grossman Tomato & Basil Pasta Sauce,£1.98,(56.6p/100g),cupboard,sauce,2025-05-29
Loyd Grossman Korma Curry Sauce,£2.18,(62.3p/100g),cupboard,sauce,2025-05-29
Mutti Simply Sugo Chilli Pasta Sauce,£2.36,(59.0p/100g),cupboard,sauce,2025-05-29
ASDA Mild Chilli Cooking Sauce 500g,£0.99,(19.6p/100g),cupboard,sauce,2025-05-29
ASDA Hunter's Chicken Cooking Sauce 510g,£1.27,(24.9p/100g),cupboard,sauce,2025-05-29
ASDA Memphis Style BBQ Cooking Sauce 525g,£1.20,(22.9p/100g),cupboard,sauce,2025-05-29
ASDA Fajita Cooking Sauce 500g,£0.99,(19.6p/100g),cupboard,sauce,2025-05-29
ASDA Creamy Mushroom Cooking Sauce 480g,£1.27,(26.5p/100g),cupboard,sauce,2025-05-29
Chicken Tonight Spanish Chicken Cooking Sauce,£1.75,(35.0p/100g),cupboard,sauce,2025-05-29
Chicken Tonight Rich & Creamy Mushroom Cooking Sauce,£1.75,(35.0p/100g),cupboard,sauce,2025-05-29
JUST ESSENTIALS by ASDA Cheese & Broccoli Pasta & Sauce,£0.56,(£5.09/kg),cupboard,sauce,2025-05-29
Chicken Tonight Honey & Dijon Mustard Cooking Sauce,£1.75,(35.0p/100g),cupboard,sauce,2025-05-29
JUST ESSENTIALS by ASDA Casserole Sauce,£1.10,(22.0p/100g),cupboard,sauce,2025-05-29
ASDA Sweet Chilli & Garlic Stir-Fry Sauce 120g,£0.65,(54.2p/100g),cupboard,sauce,2025-05-29
ASDA Hot Chilli Cooking Sauce 500g,£0.99,(19.6p/100g),cupboard,sauce,2025-05-29
ASDA Ricotta & Red Pepper Pesto,£0.99,(52.1p/100g),cupboard,sauce,2025-05-29
,,,cupboard,sauce,2025-05-29
,,,cupboard,sauce,2025-05-29
,,,cupboard,sauce,2025-05-29
,,,cupboard,sauce,2025-05-29
,,,cupboard,sauce,2025-05-29
,,,cupboard,sauce,2025-05-29
,,,cupboard,sauce,2025-05-29
,,,cupboard,sauce,2025-05-29
,,,cupboard,sauce,2025-05-29
,,,cupboard,sauce,2025-05-29
,,,cupboard,sauce,2025-05-29
,,,cupboard,sauce,2025-05-29
,,,cupboard,sauce,2025-05-29
,,,cupboard,sauce,2025-05-29
,,,cupboard,sauce,2025-05-29
,,,cupboard,sauce,2025-05-29
,,,cupboard,sauce,2025-05-29
Dolmio Sauce for Pasta Bake Creamy Tomato 450g,£1.88,(41.8p/100g),cupboard,sauce,2025-05-29
Dolmio Sauce for Pasta Bake Tomato & Cheese 450g,£1.88,(41.8p/100g),cupboard,sauce,2025-05-29
Dolmio Sauce for Pasta Bake Carbonara 430g,£1.88,(43.7p/100g),cupboard,sauce,2025-05-29
Homepride White Wine Cooking Sauce,£1.88,(38.8p/100g),cupboard,sauce,2025-05-29
ASDA Black Bean Stir-Fry Sauce 120g,£0.65,(54.2p/100g),cupboard,sauce,2025-05-29
Blue Dragon Teriyaki Stir Fry Sauce,£0.83,(69.2p/100g),cupboard,sauce,2025-05-29
Blue Dragon Satay Stir Fry Sauce,£0.83,(69.2p/100g),cupboard,sauce,2025-05-29
Sharwood's Kung Po Medium Cooking Sauce,£1.77,(41.6p/100g),cupboard,sauce,2025-05-29
Filippo Berio Hot Chilli Pesto 190g,£2.80,(£1.47/100g),cupboard,sauce,2025-05-29
ASDA Free From White Lasagne Pasta Sauce,£1.30,(26.5p/100g),cupboard,sauce,2025-05-29
Sharwood's East Asian Japanese Katsu 415g,£1.77,(42.6p/100g),cupboard,sauce,2025-05-29
Loyd Grossman No Added Sugar Pizza Sauce,£1.98,(56.6p/100g),cupboard,sauce,2025-05-29
Sharwood's Chinese Medium Curry Cooking Sauce,£1.77,(41.6p/100g),cupboard,sauce,2025-05-29
Loyd Grossman Tomato & Sweet Red Pepper Pasta Sauce,£1.98,(56.6p/100g),cupboard,sauce,2025-05-29
Sharwood's Madras Hot Curry Sauce,£1.77,(42.1p/100g),cupboard,sauce,2025-05-29
Sharwood's Sweet & Sour Cooking Sauce,£1.77,(41.6p/100g),cupboard,sauce,2025-05-29
Blue Dragon Black Bean Stir Fry Sauce,£0.83,(69.2p/100g),cupboard,sauce,2025-05-29
Free From by Asda Tomato & Garlic Sauce 500g,£1.50,(30.0p/100g),cupboard,sauce,2025-05-29
Dolmio Lasagne Meal Bundle For 4,£11.04,null,cupboard,sauce,2025-05-29
Blue Dragon Korean BBQ Stir Fry Sauce,£0.83,(69.2p/100g),cupboard,sauce,2025-05-29
Patak's Vindaloo Curry Sauce,£1.77,(39.3p/100g),cupboard,sauce,2025-05-29
Blue Dragon Chow Mein Stir Fry Sauce,£0.83,(69.2p/100g),cupboard,sauce,2025-05-29
Sharwood's Curry Paste Korma 280g,£2.17,(77.5p/100g),cupboard,sauce,2025-05-29
Loyd Grossman No Added Sugar Tomato & Chilli Pasta Sauce,£1.98,(56.6p/100g),cupboard,sauce,2025-05-29
Dolmio Lasagne Duo Meal Bundle For 4,£3.76,null,cupboard,sauce,2025-05-29
ASDA Extra Special Punjabi Style Dopiaza Curry Sauce,£2.50,(73.5p/100g),cupboard,sauce,2025-05-29
Sharwood's Tikka Masala Extra Creamy Curry Sauce,£1.77,(42.1p/100g),cupboard,sauce,2025-05-29
Meatballs Meal Bundle for 4,£5.97,null,cupboard,sauce,2025-05-29
Wagamama Firecracker Stir Fry Sauce 120g,£1.30,(£1.08/100g),cupboard,sauce,2025-05-29
Dolmio Sauce for Lasagne Light Creamy 440g,£1.88,(42.7p/100g),cupboard,sauce,2025-05-29
Filippo Berio Truffle Pesto 190g,£4.50,(£2.37/100g),cupboard,sauce,2025-05-29
Al Fez Smoky Harissa Tagine Sauce,£2.34,(52.0p/100g),cupboard,sauce,2025-05-29
Al Fez Apricot & Coriander Tagine Sauce,£2.34,(52.0p/100g),cupboard,sauce,2025-05-29
Sharwood's East Asian Japanese Teriyaki 420g,£1.77,(42.1p/100g),cupboard,sauce,2025-05-29
Sacla Pesto Stock Up Bundle,£10.05,null,cupboard,sauce,2025-05-29
Ben's Original Lemon Chicken with Egg Fried Rice Meal Bundle For 4,£8.60,null,cupboard,sauce,2025-05-29
Midweek Creamy Pasta Meal for 3-4 People,£2.63,null,cupboard,sauce,2025-05-29
Lee Kum Kee Kee Honey & Soy Stir-Fry Sauce 70g,£0.95,(£1.36/100g),cupboard,sauce,2025-05-29
Wagamama Korean Style BBQ Stir Fry Sauce 120g,£1.30,(£1.08/100g),cupboard,sauce,2025-05-29
Blue Dragon Oyster & Spring Onion Stir Fry Sauce,£0.83,(69.2p/100g),cupboard,sauce,2025-05-29
Patak's The Original Rogan Josh Cooking Sauce,£1.77,(39.3p/100g),cupboard,sauce,2025-05-29
Homepride Shepherd's Pie Cooking Sauce,£1.88,(38.8p/100g),cupboard,sauce,2025-05-29
Loyd Grossman Tomato & Red Wine Pasta Sauce,£1.98,(56.6p/100g),cupboard,sauce,2025-05-29
Loyd Grossman No Added Sugar White Lasagne Sauce,£1.98,(45.0p/100g),cupboard,sauce,2025-05-29
Sacla Vegan Basil Pesto,£3.10,(£1.63/100g),cupboard,sauce,2025-05-29
YO! Sweet & Sticky Teriyaki,£0.96,(96.0p/100g),cupboard,sauce,2025-05-29
Capsicana Mexican Fajita Chilli & Honey Cooking Paste 60g,£1.34,(£2.23/100g),cupboard,sauce,2025-05-29
Sharwood's Tikka Masala Reduced Fat Curry Sauce,£1.77,(42.1p/100g),cupboard,sauce,2025-05-29
Sharwood's Jalfrezi Hot Curry Cooking Sauce,£1.77,(42.1p/100g),cupboard,sauce,2025-05-29
Patak's The Original Curry Creations Korma Sauce 160g,£3.13,(£1.96/100g),cupboard,sauce,2025-05-29
Loyd Grossman No Added Sugar Red Lasagne Sauce,£1.98,(44.0p/100g),cupboard,sauce,2025-05-29
Sharwood's Curry Paste Tikka Masala 280g,£2.17,(77.5p/100g),cupboard,sauce,2025-05-29
Al Fez Moroccan Meatball Tagine Sauce,£2.34,(52.0p/100g),cupboard,sauce,2025-05-29
ASDA Free From Tikka Masala Curry Sauce,£1.30,(26.0p/100g),cupboard,sauce,2025-05-29
Patak's The Original Curry Creations Tikka Masala Sauce 160g,£3.13,(£1.96/100g),cupboard,sauce,2025-05-29
Sharwood's Reduced Sugar Sweet & Sour Cooking Sauce,£1.77,(41.6p/100g),cupboard,sauce,2025-05-29
"YO! Soy, Ginger & Garlic Yakisoba Stir Fry",£0.96,(96.0p/100g),cupboard,sauce,2025-05-29
YO! Katsu Curry Sauce,£0.96,(96.0p/100g),cupboard,sauce,2025-05-29
Sharwood's East Asian Thai Green Curry 415g,£1.77,(42.6p/100g),cupboard,sauce,2025-05-29
Old El Paso Mexican Cooking Sauce for Enchiladas Cheesy Baked,£2.04,(60.0p/100g),cupboard,sauce,2025-05-29
,,,cupboard,sauce,2025-05-29
,,,cupboard,sauce,2025-05-29
,,,cupboard,sauce,2025-05-29
,,,cupboard,sauce,2025-05-29
,,,cupboard,sauce,2025-05-29
,,,cupboard,sauce,2025-05-29
,,,cupboard,sauce,2025-05-29
,,,cupboard,sauce,2025-05-29
,,,cupboard,sauce,2025-05-29
,,,cupboard,sauce,2025-05-29
,,,cupboard,sauce,2025-05-29
,,,cupboard,sauce,2025-05-29
,,,cupboard,sauce,2025-05-29
,,,cupboard,sauce,2025-05-29
,,,cupboard,sauce,2025-05-29
,,,cupboard,sauce,2025-05-29
,,,cupboard,sauce,2025-05-29
Dolmio Sauce for Pasta Bake Creamy Tomato 450g,£1.88,(41.8p/100g),cupboard,sauce,2025-05-29
Dolmio Sauce for Pasta Bake Tomato & Cheese 450g,£1.88,(41.8p/100g),cupboard,sauce,2025-05-29
Dolmio Sauce for Pasta Bake Carbonara 430g,£1.88,(43.7p/100g),cupboard,sauce,2025-05-29
Patak's The Original Curry Creations Jalfrezi Sauce 160g,£3.13,(£1.96/100g),cupboard,sauce,2025-05-29
ASDA Tomato & Basil Pizza Sauce Topper,£2.30,(92.0p/100g),cupboard,sauce,2025-05-29
Wagamama Teriyaki Stir Fry Sauce 120g,£1.30,(£1.08/100g),cupboard,sauce,2025-05-29
Sharwood's 30% Less Fat Butter Chicken Curry Sauce,£1.77,(42.1p/100g),cupboard,sauce,2025-05-29
ASDA Free From Bolognese Pasta Sauce,£1.30,(26.0p/100g),cupboard,sauce,2025-05-29
Sharwood's East Asian Thai Green Curry 415g,£1.77,(42.6p/100g),cupboard,sauce,2025-05-29
Sharwood's Black Bean Red Pepper Mild Cooking Sauce,£1.77,(41.6p/100g),cupboard,sauce,2025-05-29
Filippo Berio Tomato & Ricotta Pesto 190g,£2.80,(£1.47/100g),cupboard,sauce,2025-05-29
Homepride Curry Cooking Sauce,£1.88,(38.8p/100g),cupboard,sauce,2025-05-29
Sharwood's East Asian Thai Red Curry 415g,£1.77,(42.6p/100g),cupboard,sauce,2025-05-29
Pesto & Spaghetti Bundle,£4.43,null,cupboard,sauce,2025-05-29
Homepride Hunter's Chicken Cooking Sauce,£1.88,(38.8p/100g),cupboard,sauce,2025-05-29
ASDA Extra Special Special Fiery Goan Style Curry Cooking Sauce,£2.50,(73.5p/100g),cupboard,sauce,2025-05-29
Lee Kum Kee Kee Kung Pao Chicken Stir-Fry Sauce 60g,£0.95,(£1.58/100g),cupboard,sauce,2025-05-29
Wagamama Pad Thai Stir Fry Sauce 120g,£1.30,(£1.08/100g),cupboard,sauce,2025-05-29
Blue Dragon Sweet Chilli & Garlic Stir Fry Sauce,£0.83,(69.2p/100g),cupboard,sauce,2025-05-29
ASDA Bolognese Pasta Sauce,£0.69,(13.9p/100g),cupboard,sauce,2025-05-29
ASDA Creamy Tomato Pasta Bake 500g,£0.69,(13.8p/100g),cupboard,sauce,2025-05-29
ASDA Chunky Veg & Tomato Pasta Sauce 500g,£0.69,(13.8p/100g),cupboard,sauce,2025-05-29
ASDA Tomato & Basil Sauce for Meatballs 500g,£0.69,(13.8p/100g),cupboard,sauce,2025-05-29
ASDA Tomato & Pepperoni Pasta Bake 500g,£0.69,(13.8p/100g),cupboard,sauce,2025-05-29
ASDA Cheesy Pasta Bake 475g,£0.69,(14.5p/100g),cupboard,sauce,2025-05-29
JUST ESSENTIALS by ASDA Mild Curry Sauce,£0.49,(11.1p/100g),cupboard,sauce,2025-05-29
ASDA Tomato & Mushroom Pasta Sauce 500g,£0.69,(13.9p/100g),cupboard,sauce,2025-05-29
ASDA Free From Korma Curry Sauce,£1.30,(26.0p/100g),cupboard,sauce,2025-05-29
ASDA Free From Tomato & Herb Pasta Bake Sauce,£1.30,(26.0p/100g),cupboard,sauce,2025-05-29
ASDA Smooth Bolognese Pasta Sauce 500g,£0.69,(13.8p/100g),cupboard,sauce,2025-05-29
ASDA Asda Tomato & Garlic Pasta Sauce 500g,£0.69,(13.8p/100g),cupboard,sauce,2025-05-29
ASDA Spicy Tomato Pasta Sauce 500g,£0.69,(13.8p/100g),cupboard,sauce,2025-05-29
ASDA Korma Cooking Sauce 490g,£0.97,(19.8p/100g),cupboard,sauce,2025-05-29
ASDA Butter Chicken Cooking Sauce 495g,£0.97,(19.6p/100g),cupboard,sauce,2025-05-29
,,,cupboard,sauce,2025-05-29
,,,cupboard,sauce,2025-05-29
,,,cupboard,sauce,2025-05-29
,,,cupboard,sauce,2025-05-29
,,,cupboard,sauce,2025-05-29
,,,cupboard,sauce,2025-05-29
,,,cupboard,sauce,2025-05-29
,,,cupboard,sauce,2025-05-29
,,,cupboard,sauce,2025-05-29
,,,cupboard,sauce,2025-05-29
,,,cupboard,sauce,2025-05-29
,,,cupboard,sauce,2025-05-29
,,,cupboard,sauce,2025-05-29
,,,cupboard,sauce,2025-05-29
,,,cupboard,sauce,2025-05-29
,,,cupboard,sauce,2025-05-29
,,,cupboard,sauce,2025-05-29
Pip & Nut Smooth Peanut Butter,£3.24,(£1.08/100g),cupboard,spread_jam,2025-05-29
Pip & Nut Crunchy Peanut Butter,£3.24,(£1.08/100g),cupboard,spread_jam,2025-05-29
Skippy Extra Smooth Creamy Peanut Butter 340g,£1.98,(58.2p/100g),cupboard,spread_jam,2025-05-29
Whole Earth Crunchy Peanut Butter,£2.98,(65.6p/100g),cupboard,spread_jam,2025-05-29
Skippy Super Chunk Peanut Butter 340g,£1.98,(58.2p/100g),cupboard,spread_jam,2025-05-29
Whole Earth Smooth Peanut Butter,£2.98,(65.6p/100g),cupboard,spread_jam,2025-05-29
ASDA Classic Crunchy Peanut Butter 340g,£1.09,(32.1p/100g),cupboard,spread_jam,2025-05-29
JUST ESSENTIALS by ASDA Crunchy Peanut Butter,£0.99,(29.1p/100g),cupboard,spread_jam,2025-05-29
ASDA Classic Smooth Peanut Butter 340g,£1.09,(32.1p/100g),cupboard,spread_jam,2025-05-29
ASDA Classic Crunchy Peanut Butter 700g,£2.35,(33.6p/100g),cupboard,spread_jam,2025-05-29
ASDA Smooth Peanut Butter 700g,£2.35,(33.6p/100g),cupboard,spread_jam,2025-05-29
Sun-Pat Smooth Peanut Butter,£3.68,(64.6p/100g),cupboard,spread_jam,2025-05-29
ASDA Smooth Peanut Butter 340g,£1.80,(52.9p/100g),cupboard,spread_jam,2025-05-29
Sun-Pat Crunchy Peanut Butter,£3.68,(64.6p/100g),cupboard,spread_jam,2025-05-29
ASDA Crunchy Peanut Butter 1kg,£4.50,(45.0p/100g),cupboard,spread_jam,2025-05-29
Meridian Smooth Peanut Butter Palm Oil Free,£6.44,(64.4p/100g),cupboard,spread_jam,2025-05-29
ManiLife Deep Roast Smooth Peanut Butter 275g,£4.00,(£1.45/100g),cupboard,spread_jam,2025-05-29
Meridian Crunchy Peanut Butter Palm Oil Free,£3.80,(80.8p/100g),cupboard,spread_jam,2025-05-29
Meridian Smooth Almond Butter Palm Oil Free,£3.02,(£1.78/100g),cupboard,spread_jam,2025-05-29
ASDA Crunchy Peanut Butter 340g,£1.80,(52.9p/100g),cupboard,spread_jam,2025-05-29
Whole Earth Crunchy Peanut Butter,£6.80,(68.0p/100g),cupboard,spread_jam,2025-05-29
ManiLife Original Roast Crunchy Peanut Butter 275g,£4.00,(£1.45/100g),cupboard,spread_jam,2025-05-29
Meridian Crunchy Peanut Butter Palm Oil Free,£6.44,(64.4p/100g),cupboard,spread_jam,2025-05-29
Whole Earth Smooth Peanut Butter,£6.80,(68.0p/100g),cupboard,spread_jam,2025-05-29
ASDA Smooth Peanut Butter 1kg,£4.50,(45.0p/100g),cupboard,spread_jam,2025-05-29
Whole Earth Crunchy Organic Peanut Butter,£3.58,(£1.05/100g),cupboard,spread_jam,2025-05-29
ManiLife Original Roast Smooth Peanut Butter 275g,£4.00,(£1.45/100g),cupboard,spread_jam,2025-05-29
Meridian Smooth Peanut Butter Palm Oil Free,£3.80,(80.8p/100g),cupboard,spread_jam,2025-05-29
,,,cupboard,spread_jam,2025-05-29
,,,cupboard,spread_jam,2025-05-29
,,,cupboard,spread_jam,2025-05-29
,,,cupboard,spread_jam,2025-05-29
,,,cupboard,spread_jam,2025-05-29
,,,cupboard,spread_jam,2025-05-29
ASDA Blackcurrant Jam 454g,£1.15,(25.3p/100g),cupboard,spread_jam,2025-05-29
ASDA Fruity Seedless Strawberry Jam 454g,£0.89,(19.6p/100g),cupboard,spread_jam,2025-05-29
Hartley's Strawberry Seedless 300g,£1.48,(49.3p/100g),cupboard,spread_jam,2025-05-29
Bonne Maman Strawberry Conserve,£3.28,(88.6p/100g),cupboard,spread_jam,2025-05-29
Hartley's Strawberry 300g,£1.48,(49.3p/100g),cupboard,spread_jam,2025-05-29
ASDA Apricot Jam 454g,£1.15,(25.3p/100g),cupboard,spread_jam,2025-05-29
ASDA Extra Special Morello Cherry Conserve,£2.50,(67.6p/100g),cupboard,spread_jam,2025-05-29
ASDA Extra Special Strawberry Conserve,£2.50,(67.6p/100g),cupboard,spread_jam,2025-05-29
Hartley's Smooth Strawberry Jam,£2.00,(58.8p/100g),cupboard,spread_jam,2025-05-29
Bonne Maman Raspberry Conserve,£3.28,(88.6p/100g),cupboard,spread_jam,2025-05-29
ASDA Extra Special Raspberry Conserve,£2.50,(67.6p/100g),cupboard,spread_jam,2025-05-29
Streamline Less Sugar Strawberry Jam,£1.70,(50.0p/100g),cupboard,spread_jam,2025-05-29
Bonne Maman Lemon Curd 360g,£2.58,(71.7p/100g),cupboard,spread_jam,2025-05-29
Bonne Maman Black Cherry Conserve,£3.52,(95.1p/100g),cupboard,spread_jam,2025-05-29
Bonne Maman Damson Plum Conserve,£3.28,(88.6p/100g),cupboard,spread_jam,2025-05-29
Hartley's Pineapple 300g,£1.48,(49.3p/100g),cupboard,spread_jam,2025-05-29
Hartley's Blackcurrant 300g,£1.48,(49.3p/100g),cupboard,spread_jam,2025-05-29
Bonne Maman Blackcurrant Conserve,£3.28,(88.6p/100g),cupboard,spread_jam,2025-05-29
Hartley's Apricot 300g,£1.48,(49.3p/100g),cupboard,spread_jam,2025-05-29
Bonne Maman Apricot Conserve,£3.28,(88.6p/100g),cupboard,spread_jam,2025-05-29
Bonne Maman Wild Blueberry Conserve,£3.52,(95.1p/100g),cupboard,spread_jam,2025-05-29
ASDA Extra Special Blackcurrant Conserve,£2.50,(67.6p/100g),cupboard,spread_jam,2025-05-29
Fearne & Rosie Strawberry Jam 310g,£3.20,(£1.03/100g),cupboard,spread_jam,2025-05-29
Bonne Maman Strawberry & Wild Strawberry Conserve,£3.52,(95.1p/100g),cupboard,spread_jam,2025-05-29
ASDA Extra Special Apricot Conserve,£2.50,(67.6p/100g),cupboard,spread_jam,2025-05-29
Fearne & Rosie Strawberry Super Berry Jam 310g,£3.20,(£1.03/100g),cupboard,spread_jam,2025-05-29
ASDA Tangy Lemon Curd 411g,£1.15,(28.0p/100g),cupboard,spread_jam,2025-05-29
ASDA Fruity Strawberry Jam 454g,£0.89,(19.6p/100g),cupboard,spread_jam,2025-05-29
Hartley's Raspberry 300g,£1.48,(49.3p/100g),cupboard,spread_jam,2025-05-29
ASDA Extra Special Lemon Curd,£2.02,(63.1p/100g),cupboard,spread_jam,2025-05-29
ASDA Extra Special Seville Orange Breakfast Marmalade,£1.86,(50.3p/100g),cupboard,spread_jam,2025-05-29
Bonne Maman Strawberry Conserve 750g,£5.75,(76.7p/100g),cupboard,spread_jam,2025-05-29
ASDA Extra Special Three Fruits Marmalade,£1.86,(50.3p/100g),cupboard,spread_jam,2025-05-29
ASDA Extra Special Thick Cut Dark Seville Orange Marmalade,£1.86,(50.3p/100g),cupboard,spread_jam,2025-05-29
Bonne Maman Apricot Conserve 750g,£5.75,(76.7p/100g),cupboard,spread_jam,2025-05-29
Robertson's Golden Shred Fine Cut Marmalade,£1.90,(41.9p/100g),cupboard,spread_jam,2025-05-29
Robertson's Golden Shredless Marmalade,£1.90,(41.9p/100g),cupboard,spread_jam,2025-05-29
Bonne Maman Bitter Orange Marmalade,£3.32,(89.7p/100g),cupboard,spread_jam,2025-05-29
ASDA Tangy Shredless Orange Marmalade 454g,£1.02,(22.5p/100g),cupboard,spread_jam,2025-05-29
ASDA Thick Cut Orange Marmalade 454g,£1.02,(22.5p/100g),cupboard,spread_jam,2025-05-29
ASDA Tangy Fine Cut Orange Marmalade 454g,£1.02,(22.5p/100g),cupboard,spread_jam,2025-05-29
Rose's Lemon & Lime Fine Cut Marmalade,£2.45,(54.0p/100g),cupboard,spread_jam,2025-05-29
Mackay's Vintage Marmalade,£1.88,(55.3p/100g),cupboard,spread_jam,2025-05-29
Streamline Less Sugar Thin Cut Orange Marmalade,£1.65,(48.5p/100g),cupboard,spread_jam,2025-05-29
ASDA Spicy Ginger Preserve 454g,£1.32,(29.1p/100g),cupboard,spread_jam,2025-05-29
Nutella Hazelnut & Chocolate Spread,£3.18,(90.9p/100g),cupboard,spread_jam,2025-05-29
Lotus Biscoff Biscuit Smooth Spread,£2.58,(64.5p/100g),cupboard,spread_jam,2025-05-29
Lotus Biscoff Biscuit Crunchy Spread,£2.58,(67.9p/100g),cupboard,spread_jam,2025-05-29
Nutella Hazelnut Spread with Cocoa 1000g,£6.92,(69.2p/100g),cupboard,spread_jam,2025-05-29
Lotus Biscoff Biscuit Smooth Spread,£4.98,(69.2p/100g),cupboard,spread_jam,2025-05-29
Cadbury Chocolate Spread,£3.22,(80.5p/100g),cupboard,spread_jam,2025-05-29
JUST ESSENTIALS by ASDA Chocolate Hazelnut Spread,£1.35,(33.8p/100g),cupboard,spread_jam,2025-05-29
ASDA Smooth Duo Chocolate Flavour Spread 400g,£1.59,(39.8p/100g),cupboard,spread_jam,2025-05-29
ASDA Smooth Caramelised Biscuit Spread 400g,£1.99,(49.8p/100g),cupboard,spread_jam,2025-05-29
ASDA Hazelnut Chocolate Spread 750g,£2.75,(36.7p/100g),cupboard,spread_jam,2025-05-29
ASDA Smooth Milk Chocolate Flavour Spread 400g,£2.00,(50.0p/100g),cupboard,spread_jam,2025-05-29
ASDA Hazelnut Praline Spread 350g,£2.00,(57.1p/100g),cupboard,spread_jam,2025-05-29
ASDA Crunchy Cookies & Cream Flavour Spread 350g,£2.08,(59.4p/100g),cupboard,spread_jam,2025-05-29
ASDA Hazelnut Chocolate Spread 400g,£2.00,(50.0p/100g),cupboard,spread_jam,2025-05-29
ASDA Chocolate Orange Flavoured Spread,£1.80,(51.4p/100g),cupboard,spread_jam,2025-05-29
ASDA Moreish Crunchy Caramelised Biscuit Spread 400g,£1.99,(49.8p/100g),cupboard,spread_jam,2025-05-29
Nutella Hazelnut & Chocolate Spread,£2.33,(£1.17/100g),cupboard,spread_jam,2025-05-29
ASDA Extra Special British Berry & Bramley Apple Conserve 370g,£2.20,(59.5p/100g),cupboard,spread_jam,2025-05-29
Sweet Freedom Choc Pot Chocolate Spread,£3.00,(£1.20/100g),cupboard,spread_jam,2025-05-29
Lotus Biscoff Crunchy 700g,£4.98,(71.1p/100g),cupboard,spread_jam,2025-05-29
Bonne Maman Chocolate & Orange Spread 275g,£2.88,(£1.05/100g),cupboard,spread_jam,2025-05-29
Maltesers Spread 350g,£3.00,(85.7p/100g),cupboard,spread_jam,2025-05-29
Bonne Maman Salted Caramel,£2.40,(£1.09/100g),cupboard,spread_jam,2025-05-29
Sweet Freedom Choc Pot Caramel Smooth & Creamy Chocolate Spread 250g,£3.00,(£1.20/100g),cupboard,spread_jam,2025-05-29
Cadbury Milk Chocolate Spread,£4.50,(64.3p/100g),cupboard,spread_jam,2025-05-29
Bonne Maman Caramelised Apple Spread 275g,£2.88,(£1.05/100g),cupboard,spread_jam,2025-05-29
Nutella Hazelnut Spread with Cocoa 630g,£5.00,(79.4p/100g),cupboard,spread_jam,2025-05-29
Snickers Spread 350g,£3.00,(85.7p/100g),cupboard,spread_jam,2025-05-29
Bonne Maman Hazelnut Chocolate Spread,£2.98,(£1.19/100g),cupboard,spread_jam,2025-05-29
Milky Way Spread 350g,£3.00,(85.7p/100g),cupboard,spread_jam,2025-05-29
,,,cupboard,spread_jam,2025-05-29
,,,cupboard,spread_jam,2025-05-29
Rowse Pure & Natural Honey,£2.00,(80.0p/100g),cupboard,spread_jam,2025-05-29
Rowse Pure & Natural Honey,£3.68,(54.1p/100g),cupboard,spread_jam,2025-05-29
ASDA Classic Runny Honey 454g,£1.75,(38.6p/100g),cupboard,spread_jam,2025-05-29
Rowse Dark & Rich Honey 340g,£2.88,(84.7p/100g),cupboard,spread_jam,2025-05-29
ASDA Classic Set Honey 454g,£1.75,(38.6p/100g),cupboard,spread_jam,2025-05-29
Rowse Light & Mild Honey,£2.88,(84.7p/100g),cupboard,spread_jam,2025-05-29
Rowse Pure & Natural Honey,£2.88,(84.7p/100g),cupboard,spread_jam,2025-05-29
Rowse Manuka 100+ MGO,£9.00,(£4.00/100g),cupboard,spread_jam,2025-05-29
Rowse Acacia Honey,£3.50,(£1.40/100g),cupboard,spread_jam,2025-05-29
ASDA Extra Special Manuka Honey 5+ NPA Rating,£6.30,(£2.78/100g),cupboard,spread_jam,2025-05-29
Rowse Set Honey,£3.00,(88.2p/100g),cupboard,spread_jam,2025-05-29
Rowse Pure & Natural Honey,£3.00,(88.2p/100g),cupboard,spread_jam,2025-05-29
Rowse Defence Honey + Manuka + Vitamin C 250g,£4.00,(£1.60/100g),cupboard,spread_jam,2025-05-29
Rowse Greek Honey,£3.75,(£1.50/100g),cupboard,spread_jam,2025-05-29
ASDA Extra Special Orange Blossom Honey,£3.04,(89.4p/100g),cupboard,spread_jam,2025-05-29
Rowse Organic Pure Honey,£3.75,(£1.10/100g),cupboard,spread_jam,2025-05-29
Rowse Organic Honey,£3.75,(£1.10/100g),cupboard,spread_jam,2025-05-29
Hilltop Everyday Blossom Honey 720g,£3.62,(50.3p/100g),cupboard,spread_jam,2025-05-29
Hilltop Everyday Blossom Honey 340g,£2.50,(73.5p/100g),cupboard,spread_jam,2025-05-29
Clarks Organic Agave Syrup,£2.62,(£10.48/lt),cupboard,spread_jam,2025-05-29
Sweet Freedom Vegan Honeee 350g,£3.30,(94.3p/100g),cupboard,spread_jam,2025-05-29
ASDA Organic Clear Honey 340g,£3.12,(91.8p/100g),cupboard,spread_jam,2025-05-29
Buckwud Canadian Maple Syrup,£6.18,(£2.47/100g),cupboard,spread_jam,2025-05-29
Rowse Manuka 250+ MGO,£14.50,(£6.44/100g),cupboard,spread_jam,2025-05-29
Clarks Original Maple & Carob Syrup,£5.48,(£10.96/lt),cupboard,spread_jam,2025-05-29
Hilltoppers Spreadable Whipped Honey 225g,£2.75,(£1.22/100g),cupboard,spread_jam,2025-05-29
Clarks Pure Canadian Maple Syrup,£3.58,(£19.89/lt),cupboard,spread_jam,2025-05-29
Clarks Original Maple & Carob Syrup,£2.22,(£12.33/lt),cupboard,spread_jam,2025-05-29
Hilltop Spreadable Cocoa Honey 225g,£2.75,(£1.22/100g),cupboard,spread_jam,2025-05-29
,,,cupboard,spread_jam,2025-05-29
ASDA Yeast Extract 240g,£2.50,(£1.04/100g),cupboard,spread_jam,2025-05-29
Marmite Yeast Extract,£3.00,(£1.20/100g),cupboard,spread_jam,2025-05-29
Marmite Yeast Extract Classic 125 g,£2.28,(£1.82/100g),cupboard,spread_jam,2025-05-29
Vegemite Yeast Extract 220g,£2.18,(99.1p/100g),cupboard,spread_jam,2025-05-29
Marmite Yeast Extract,£6.00,(£1.20/100g),cupboard,spread_jam,2025-05-29
Fanta Zero Sugar Fruit Twist 8 x 330ml,£3.48,(13.2p/100ml),drinks,soft_drink,2025-05-29
Fanta Orange Zero 8 x 330ml,£3.48,(13.2p/100ml),drinks,soft_drink,2025-05-29
Dr Pepper Zero 8 x 330ml,£3.48,(13.2p/100ml),drinks,soft_drink,2025-05-29
Diet Coke 18 x 330ml,£6.98,(11.8p/100ml),drinks,soft_drink,2025-05-29
Coca-Cola Zero Sugar 24 x 330ml,£7.58,(9.6p/100ml),drinks,soft_drink,2025-05-29
Sprite Zero Sugar 8 x 330ml,£3.48,(13.2p/100ml),drinks,soft_drink,2025-05-29
Pepsi Max 2 Litres,£1.98,(9.9p/100ml),drinks,soft_drink,2025-05-29
Pepsi Max Cans,£3.98,(15.1p/100ml),drinks,soft_drink,2025-05-29
Diet Coke 8 x 330ml,£4.25,(16.1p/100ml),drinks,soft_drink,2025-05-29
Coca-Cola Zero Sugar Cherry 8 x 330ml,£4.24,(16.1p/100ml),drinks,soft_drink,2025-05-29
Coca-Cola Zero Sugar 8 x 330ml,£4.24,(16.1p/100ml),drinks,soft_drink,2025-05-29
Diet Coke 2L,£1.98,(9.9p/100ml),drinks,soft_drink,2025-05-29
Pepsi Max Cans,£11.48,(14.5p/100ml),drinks,soft_drink,2025-05-29
Pepsi Max 1.25 Litres,£1.36,(10.9p/100ml),drinks,soft_drink,2025-05-29
Coca-Cola Original Taste 24 x 330ml,£12.48,(15.8p/100ml),drinks,soft_drink,2025-05-29
Diet Coke No Caffeine 8 x 330ml,£4.24,(16.1p/100ml),drinks,soft_drink,2025-05-29
Pepsi Diet Cans,£11.48,(14.5p/100ml),drinks,soft_drink,2025-05-29
Coca-Cola Zero Sugar 500ml,£1.84,(36.8p/100ml),drinks,soft_drink,2025-05-29
Coca-Cola Zero Sugar Zero Caffeine 8 x 330ml,£4.24,(16.1p/100ml),drinks,soft_drink,2025-05-29
Diet Coke 500ml,£1.84,(36.8p/100ml),drinks,soft_drink,2025-05-29
Tango Sugar Free Strawberry Smash 8 x 330ml,£3.98,(15.1p/100ml),drinks,soft_drink,2025-05-29
Dr Pepper Zero Cherry Crush 8 x 330ml,£3.48,(13.2p/100ml),drinks,soft_drink,2025-05-29
Fanta Orange Zero 24 x 330ml,£9.24,(11.7p/100ml),drinks,soft_drink,2025-05-29
Tango Apple Sugar Free Cans,£3.34,(12.7p/100ml),drinks,soft_drink,2025-05-29
Vimto Vimto Zero 8 x 330ml,£3.16,(12.0p/100ml),drinks,soft_drink,2025-05-29
Dr Pepper Zero Cherry Crush 2L,£1.44,(7.2p/100ml),drinks,soft_drink,2025-05-29
Fanta Raspberry 8 x 330ml,£3.48,(13.2p/100ml),drinks,soft_drink,2025-05-29
Pepsi Max Cherry Cans,£3.98,(15.1p/100ml),drinks,soft_drink,2025-05-29
Tango Sugar Free Orange,£1.44,(7.2p/100ml),drinks,soft_drink,2025-05-29
IRN-BRU Xtra Sugar Free Soft Drink,£8.32,(10.5p/100ml),drinks,soft_drink,2025-05-29
Tango Cherry Sugar Free 2 Litres,£1.44,(7.2p/100ml),drinks,soft_drink,2025-05-29
Dr Pepper Zero 24 x 330ml,£9.24,(11.7p/100ml),drinks,soft_drink,2025-05-29
Tango Sugar Free Strawberry Smash 2 Litres,£1.44,(7.2p/100ml),drinks,soft_drink,2025-05-29
Slush Puppie Fizzy Blue Raspberry Drink,£0.98,(4.9p/100ml),drinks,soft_drink,2025-05-29
Tango Sugar Free Orange Cans,£3.34,(12.7p/100ml),drinks,soft_drink,2025-05-29
Diet Coke 24 x 330ml,£11.98,(15.1p/100ml),drinks,soft_drink,2025-05-29
Pepsi Max Cans,£11.48,(14.5p/100ml),drinks,soft_drink,2025-05-29
Pepsi Max Cherry Cola,£11.48,(14.5p/100ml),drinks,soft_drink,2025-05-29
Coca-Cola Original Taste 24 x 330ml,£12.48,(15.8p/100ml),drinks,soft_drink,2025-05-29
Pepsi Diet Cans,£11.48,(14.5p/100ml),drinks,soft_drink,2025-05-29
IRN-BRU Xtra Sugar Free Soft Drink,£8.32,(10.5p/100ml),drinks,soft_drink,2025-05-29
IRN-BRU Sugar Free Soft Drink,£8.32,(10.5p/100ml),drinks,soft_drink,2025-05-29
Coca-Cola Zero Sugar 24 x 330ml,£7.58,(9.6p/100ml),drinks,soft_drink,2025-05-29
Coca-Cola Zero Sugar Zero Caffeine 2L,£1.88,(9.4p/100ml),drinks,soft_drink,2025-05-29
Fanta Raspberry Zero 500ml,£1.74,(34.8p/100ml),drinks,soft_drink,2025-05-29
Dr Pepper Zero 8 x 330ml,£3.48,(13.2p/100ml),drinks,soft_drink,2025-05-29
Dr Pepper Zero Cherry Crush 8 x 330ml,£3.48,(13.2p/100ml),drinks,soft_drink,2025-05-29
Coca-Cola Zero Sugar 150ml,£0.60,(40.0p/100ml),drinks,soft_drink,2025-05-29
Vimto Vimto Zero 8 x 330ml,£3.16,(12.0p/100ml),drinks,soft_drink,2025-05-29
Coca-Cola Zero Sugar Cherry 2 L,£1.88,(9.4p/100ml),drinks,soft_drink,2025-05-29
Pepsi Max Lime No Sugar Cola Cans,£3.98,(15.1p/100ml),drinks,soft_drink,2025-05-29
Slush Puppie Fizzy Blue Raspberry Drink,£0.98,(4.9p/100ml),drinks,soft_drink,2025-05-29
7UP Zero Sugar 24 Cans,£8.32,(10.5p/100ml),drinks,soft_drink,2025-05-29
Diet Coke 24 x 330ml,£11.98,(15.1p/100ml),drinks,soft_drink,2025-05-29
IRN-BRU Xtra Sugar Free Soft Drink,£3.78,(14.3p/100ml),drinks,soft_drink,2025-05-29
Tango Sugar Free Orange Cans,£3.34,(12.7p/100ml),drinks,soft_drink,2025-05-29
Schweppes Slimline Lemonade 2L,£1.38,(6.9p/100ml),drinks,soft_drink,2025-05-29
Coca-Cola Zero Sugar Lime 2L,£1.88,(9.4p/100ml),drinks,soft_drink,2025-05-29
Pepsi Max Lime No Sugar Cola Bottle,£1.98,(9.9p/100ml),drinks,soft_drink,2025-05-29
Pepsi Max Cherry Cola,£11.48,(14.5p/100ml),drinks,soft_drink,2025-05-29
IRN-BRU Xtra Sugar Free Soft Drink,£8.32,(10.5p/100ml),drinks,soft_drink,2025-05-29
Radnor Fizz Apple No Added Sugar Bottles,£1.98,(15.0p/100ml),drinks,soft_drink,2025-05-29
Pepsi Max Caffeine Free 24 x 330ml,£11.48,(14.5p/100ml),drinks,soft_drink,2025-05-29
George Home Linka Hiball,£1.50,(£1.50/each),drinks,soft_drink,2025-05-29
George Home Timeless Hiball,£2.00,(£2.00/each),drinks,soft_drink,2025-05-29
George Home Lemon Hiball,£1.00,(£1.00/each),drinks,soft_drink,2025-05-29
George Home Grey Palm Tumbler,£2.00,(£2.00/each),drinks,soft_drink,2025-05-29
George Home Plastic Lustre Straw Tumbler (Colour May Vary),£5.00,(£5.00/each),drinks,soft_drink,2025-05-29
George Home Stem Beer Glass - Set of 2,£3.50,(£1.75/each),drinks,soft_drink,2025-05-29
George Home Gold Metallic Tumbler,£2.50,(£2.50/each),drinks,soft_drink,2025-05-29
Coca-Cola Zero Sugar Zero Caffeine 2L,£1.88,(9.4p/100ml),drinks,soft_drink,2025-05-29
Pepsi Max No Caffeine,£1.98,(9.9p/100ml),drinks,soft_drink,2025-05-29
Fanta Raspberry Zero 500ml,£1.74,(34.8p/100ml),drinks,soft_drink,2025-05-29
George Home Feature Hiball Glass,£0.60,(60.0p/each),drinks,soft_drink,2025-05-29
George Home Blue Ombre Tumbler,£2.50,(£2.50/each),drinks,soft_drink,2025-05-29
George Home Tumblers,£1.25,(31.2p/each),drinks,soft_drink,2025-05-29
George Home Clear Pint Glass,£0.60,(60.0p/each),drinks,soft_drink,2025-05-29
Diet Coke 1.25L,£1.24,(9.9p/100ml),drinks,soft_drink,2025-05-29
George Home Green Stacking Rib Hiball Glass,£2.50,(£2.50/each),drinks,soft_drink,2025-05-29
Pepsi Max No Sugar Cola Bottle,£1.64,(32.8p/100ml),drinks,soft_drink,2025-05-29
George Home Spiderman Mason Jar,£3.00,(£3.00/each),drinks,soft_drink,2025-05-29
Tango Sugar Free Strawberry Smash 500ml,£1.64,(32.8p/100ml),drinks,soft_drink,2025-05-29
Pepsi Diet,£1.98,(9.9p/100ml),drinks,soft_drink,2025-05-29
Coca-Cola Zero Sugar Lime 8 x 330ml,£4.24,(16.1p/100ml),drinks,soft_drink,2025-05-29
George Home Elysia Hiball,£2.00,(£2.00/each),drinks,soft_drink,2025-05-29
Coca-Cola Zero Sugar Cherry 24 x 330ml,£9.24,(11.7p/100ml),drinks,soft_drink,2025-05-29
George Home Green Scallop Hiball Glass,£2.50,(£2.50/each),drinks,soft_drink,2025-05-29
George Home Nightmare Before Christmas Mason Jar,£3.00,(£3.00/each),drinks,soft_drink,2025-05-29
Diet Coke No Caffeine 2L,£1.98,(9.9p/100ml),drinks,soft_drink,2025-05-29
George Home Colour Block Kids Tumbler (Style May Vary),£1.50,(£1.50/each),drinks,soft_drink,2025-05-29
Pepsi Max Cherry 1.25 Litres,£1.36,(10.9p/100ml),drinks,soft_drink,2025-05-29
George Home Iridescent Ribbed Tumbler,£2.50,(£2.50/each),drinks,soft_drink,2025-05-29
Coca-Cola Zero Sugar Zero Caffeine 24 x 330ml,£9.24,(11.7p/100ml),drinks,soft_drink,2025-05-29
Sprite Zero Sugar 2L,£2.14,(10.7p/100ml),drinks,soft_drink,2025-05-29
Pepsi Max Cans,£11.48,(14.5p/100ml),drinks,soft_drink,2025-05-29
Pepsi Max Cherry Cola,£11.48,(14.5p/100ml),drinks,soft_drink,2025-05-29
Coca-Cola Original Taste 24 x 330ml,£12.48,(15.8p/100ml),drinks,soft_drink,2025-05-29
Pepsi Diet Cans,£11.48,(14.5p/100ml),drinks,soft_drink,2025-05-29
IRN-BRU Xtra Sugar Free Soft Drink,£8.32,(10.5p/100ml),drinks,soft_drink,2025-05-29
IRN-BRU Sugar Free Soft Drink,£8.32,(10.5p/100ml),drinks,soft_drink,2025-05-29
Coca-Cola Zero Sugar 24 x 330ml,£7.58,(9.6p/100ml),drinks,soft_drink,2025-05-29
Coca-Cola Zero Sugar Zero Caffeine 2L,£1.88,(9.4p/100ml),drinks,soft_drink,2025-05-29
Fanta Raspberry Zero 500ml,£1.74,(34.8p/100ml),drinks,soft_drink,2025-05-29
Dr Pepper Zero 8 x 330ml,£3.48,(13.2p/100ml),drinks,soft_drink,2025-05-29
Dr Pepper Zero Cherry Crush 8 x 330ml,£3.48,(13.2p/100ml),drinks,soft_drink,2025-05-29
Coca-Cola Zero Sugar 150ml,£0.60,(40.0p/100ml),drinks,soft_drink,2025-05-29
Vimto Vimto Zero 8 x 330ml,£3.16,(12.0p/100ml),drinks,soft_drink,2025-05-29
George Home Clear Pint Glass,£0.60,(60.0p/each),drinks,soft_drink,2025-05-29
George Home Tumblers,£1.75,(29.2p/each),drinks,soft_drink,2025-05-29
At Home with Stacey Solomon Pink Hammered Hiball Glasses - Set of 2,£8.00,(£4.00/each),drinks,soft_drink,2025-05-29
George Home Avengers Tumbler 4pk,£9.00,(£2.25/each),drinks,soft_drink,2025-05-29
Diet Coke 150ml,£0.60,(40.0p/100ml),drinks,soft_drink,2025-05-29
George Home 40oz Tumbler with Straw and Handle,£8.00,(£8.00/each),drinks,soft_drink,2025-05-29
7UP Zero Sugar,£1.74,(34.8p/100ml),drinks,soft_drink,2025-05-29
George Home Grey Ribbed Tumbler Glass - Set of 2,£6.00,(£3.00/each),drinks,soft_drink,2025-05-29
George Home Stainless Steel Cups/Tumblers,£1.50,(75.0p/each),drinks,soft_drink,2025-05-29
Coca-Cola Original Taste 4 x 250ml,£5.08,(50.8p/100ml),drinks,soft_drink,2025-05-29
George Home Colour Block Kids Tumbler (Style May Vary),£1.50,(£1.50/each),drinks,soft_drink,2025-05-29
George Home Green Scallop Hiball Glass,£2.50,(£2.50/each),drinks,soft_drink,2025-05-29
George Home Red Strawberry Mason Jar,£2.50,(£2.50/each),drinks,soft_drink,2025-05-29
Coca-Cola Zero Sugar Zero Caffeine 24 x 330ml,£9.24,(11.7p/100ml),drinks,soft_drink,2025-05-29
George Home Grey Bubble Tumbler,£2.50,(£2.50/each),drinks,soft_drink,2025-05-29
George Home Clear Can Glass,£2.00,(£2.00/each),drinks,soft_drink,2025-05-29
Radnor Fizz Tropical No Added Sugar Bottles,£1.98,(15.0p/100ml),drinks,soft_drink,2025-05-29
IRN-BRU Sugar Free Soft Drink,£8.32,(10.5p/100ml),drinks,soft_drink,2025-05-29
Tango Strawberry Smash Sugar Free Cans 24 x 330ml,£8.32,(10.5p/100ml),drinks,soft_drink,2025-05-29
George Home Allerga Hiball,£1.50,(£1.50/each),drinks,soft_drink,2025-05-29
Pepsi Max Lime No Sugar Cola Cans,£11.48,(14.5p/100ml),drinks,soft_drink,2025-05-29
Tango Sugar Free Strawberry Smash 500ml,£1.64,(32.8p/100ml),drinks,soft_drink,2025-05-29
Pepsi Diet,£1.98,(9.9p/100ml),drinks,soft_drink,2025-05-29
George Home 4 Pack Basic Glasses 270ml,£1.40,(35.0p/each),drinks,soft_drink,2025-05-29
Pepsi Max Drinks Bundle 72 Cans,£34.44,null,drinks,soft_drink,2025-05-29
George Home Grey Bubble Hiball,£2.50,(£2.50/each),drinks,soft_drink,2025-05-29
George Home Pink Ombre Hi-Ball Glass,£2.50,(£2.50/each),drinks,soft_drink,2025-05-29
Old Jamaica Diet Ginger Beer,£0.58,(17.6p/100ml),drinks,soft_drink,2025-05-29
Disney Nightmare Before Christmas Canister,£6.00,(£3.00/each),drinks,soft_drink,2025-05-29
Coca-Cola Zero Sugar 150ml,£0.60,(40.0p/100ml),drinks,soft_drink,2025-05-29
Coca-Cola Classic 500ml,£1.94,(38.8p/100ml),drinks,soft_drink,2025-05-29
George Home Purple Stacking Rib Hiball Glass,£2.50,(£2.50/each),drinks,soft_drink,2025-05-29
George Home GH TUMBLERS,£7.18,(£1.79/each),drinks,soft_drink,2025-05-29
George Home Disney Stitch Fruit Tumbler (style may vary),£7.03,(£1.76/each),drinks,soft_drink,2025-05-29
George Home Strawberry Hiball,£1.00,(£1.00/each),drinks,soft_drink,2025-05-29
George Home Leafy Textured Glass Tumbler,£2.00,(£2.00/each),drinks,soft_drink,2025-05-29
George Home Nightmare Before Christmas Mason Jar,£3.00,(£3.00/each),drinks,soft_drink,2025-05-29
Diet Coke No Caffeine 2L,£1.98,(9.9p/100ml),drinks,soft_drink,2025-05-29
Coca-Cola Zero Sugar Lime 8 x 330ml,£4.24,(16.1p/100ml),drinks,soft_drink,2025-05-29
George Home Leafy Textured Hi-Ball Glass,£2.00,(£2.00/each),drinks,soft_drink,2025-05-29
George Home Disney Stitch Fruit Canister,£4.52,(£2.26/each),drinks,soft_drink,2025-05-29
Stacey Solomon Dimple Glass,£10.00,(£2.50/each),drinks,soft_drink,2025-05-29
George Home 4 x Pint Glass Bundle,£2.40,null,drinks,soft_drink,2025-05-29
Coca-Cola Zero Sugar 18 x 330ml,£9.24,(15.6p/100ml),drinks,soft_drink,2025-05-29
George Home Timeless Coupe Glass,£2.00,(£2.00/each),drinks,soft_drink,2025-05-29
Pepsi Max No Caffeine,£3.98,(15.1p/100ml),drinks,soft_drink,2025-05-29
Pepsi Max Cans,£11.48,(14.5p/100ml),drinks,soft_drink,2025-05-29
Pepsi Max Cherry Cola,£11.48,(14.5p/100ml),drinks,soft_drink,2025-05-29
Coca-Cola Original Taste 24 x 330ml,£12.48,(15.8p/100ml),drinks,soft_drink,2025-05-29
Pepsi Diet Cans,£11.48,(14.5p/100ml),drinks,soft_drink,2025-05-29
IRN-BRU Xtra Sugar Free Soft Drink,£8.32,(10.5p/100ml),drinks,soft_drink,2025-05-29
IRN-BRU Sugar Free Soft Drink,£8.32,(10.5p/100ml),drinks,soft_drink,2025-05-29
Coca-Cola Zero Sugar 24 x 330ml,£7.58,(9.6p/100ml),drinks,soft_drink,2025-05-29
Coca-Cola Zero Sugar Zero Caffeine 2L,£1.88,(9.4p/100ml),drinks,soft_drink,2025-05-29
Fanta Raspberry Zero 500ml,£1.74,(34.8p/100ml),drinks,soft_drink,2025-05-29
Dr Pepper Zero 8 x 330ml,£3.48,(13.2p/100ml),drinks,soft_drink,2025-05-29
Dr Pepper Zero Cherry Crush 8 x 330ml,£3.48,(13.2p/100ml),drinks,soft_drink,2025-05-29
Coca-Cola Zero Sugar 150ml,£0.60,(40.0p/100ml),drinks,soft_drink,2025-05-29
Vimto Vimto Zero 8 x 330ml,£3.16,(12.0p/100ml),drinks,soft_drink,2025-05-29
Pepsi Max Lime No Sugar Cola Cans,£11.48,(14.5p/100ml),drinks,soft_drink,2025-05-29
George Home Clear Can Glass,£2.00,(£2.00/each),drinks,soft_drink,2025-05-29
Diet Coke 150ml,£0.60,(40.0p/100ml),drinks,soft_drink,2025-05-29
George Home Grey Bubble Tumbler,£2.50,(£2.50/each),drinks,soft_drink,2025-05-29
7UP Zero Sugar,£1.74,(34.8p/100ml),drinks,soft_drink,2025-05-29
George Home 40oz Tumbler with Straw and Handle,£8.00,(£8.00/each),drinks,soft_drink,2025-05-29
Pepsi Max Lime No Sugar Cola Bottle,£1.36,(10.9p/100ml),drinks,soft_drink,2025-05-29
Dr Pepper Zero Cherry Crush 500ml,£1.74,(34.8p/100ml),drinks,soft_drink,2025-05-29
IRN-BRU Sugar Free Soft Drink,£8.32,(10.5p/100ml),drinks,soft_drink,2025-05-29
Radnor Fizz Tropical No Added Sugar Bottles,£1.98,(15.0p/100ml),drinks,soft_drink,2025-05-29
IRN-BRU Sugar Free Soft Drink,£3.78,(14.3p/100ml),drinks,soft_drink,2025-05-29
George Home 4 x Large Hiball Glass Bundle,£2.40,null,drinks,soft_drink,2025-05-29
At Home with Stacey Solomon Hammered Hi-ball Glasses - Set of 2,£7.00,(£3.50/each),drinks,soft_drink,2025-05-29
George Home Blue Stacking Rib Hiball Glass,£2.50,(£2.50/each),drinks,soft_drink,2025-05-29
George Home Large Hiball Glass,£0.60,(60.0p/each),drinks,soft_drink,2025-05-29
Schweppes Mixers Bundle,£4.94,null,drinks,soft_drink,2025-05-29
George Home Grey Ribbed Hi-Ball Glass - Set of 2,£6.00,(£3.00/each),drinks,soft_drink,2025-05-29
George Home Grey Ribbed Tumbler Glass - Set of 2,£6.00,(£3.00/each),drinks,soft_drink,2025-05-29
George Home Avengers Tumbler 4pk,£9.00,(£2.25/each),drinks,soft_drink,2025-05-29
George Home Tumblers,£1.75,(29.2p/each),drinks,soft_drink,2025-05-29
At Home with Stacey Solomon Pink Hammered Hiball Glasses - Set of 2,£8.00,(£4.00/each),drinks,soft_drink,2025-05-29
ASDA Diet Tropical Crush 2 Litres,£0.82,(4.1p/100ml),drinks,soft_drink,2025-05-29
ASDA Diet Orange Crush 2 Litres,£0.82,(4.1p/100ml),drinks,soft_drink,2025-05-29
ASDA ASDA CHERRYADE,£0.82,(4.1p/100ml),drinks,soft_drink,2025-05-29
ASDA Tropical Crush Zero Cans,£1.99,(10.1p/100ml),drinks,soft_drink,2025-05-29
ASDA Diet Iron Brew 2 Litres,£0.80,(4.0p/100ml),drinks,soft_drink,2025-05-29
ASDA Cherry Cola Zero,£0.49,(2.5p/100ml),drinks,soft_drink,2025-05-29
ASDA Diet Lemonade 2 Litres,£0.60,(3.0p/100ml),drinks,soft_drink,2025-05-29
ASDA Diet Cloudy Lemonade 2 Litres,£0.82,(4.1p/100ml),drinks,soft_drink,2025-05-29
ASDA Cola Zero,£0.49,(2.5p/100ml),drinks,soft_drink,2025-05-29
ASDA Diet Lemon & Lime 2 Litres,£0.82,(4.1p/100ml),drinks,soft_drink,2025-05-29
ASDA Diet Lemonade 6 x 330ml,£1.45,(7.3p/100ml),drinks,soft_drink,2025-05-29
ASDA Diet Cola 2 Litres,£0.49,(2.5p/100ml),drinks,soft_drink,2025-05-29
Pepsi Max Cans,£11.48,(14.5p/100ml),drinks,soft_drink,2025-05-29
Pepsi Max Cherry Cola,£11.48,(14.5p/100ml),drinks,soft_drink,2025-05-29
Coca-Cola Original Taste 24 x 330ml,£12.48,(15.8p/100ml),drinks,soft_drink,2025-05-29
Pepsi Diet Cans,£11.48,(14.5p/100ml),drinks,soft_drink,2025-05-29
IRN-BRU Xtra Sugar Free Soft Drink,£8.32,(10.5p/100ml),drinks,soft_drink,2025-05-29
IRN-BRU Sugar Free Soft Drink,£8.32,(10.5p/100ml),drinks,soft_drink,2025-05-29
Coca-Cola Zero Sugar 24 x 330ml,£7.58,(9.6p/100ml),drinks,soft_drink,2025-05-29
Coca-Cola Zero Sugar Zero Caffeine 2L,£1.88,(9.4p/100ml),drinks,soft_drink,2025-05-29
Fanta Raspberry Zero 500ml,£1.74,(34.8p/100ml),drinks,soft_drink,2025-05-29
Dr Pepper Zero 8 x 330ml,£3.48,(13.2p/100ml),drinks,soft_drink,2025-05-29
Dr Pepper Zero Cherry Crush 8 x 330ml,£3.48,(13.2p/100ml),drinks,soft_drink,2025-05-29
Coca-Cola Zero Sugar 150ml,£0.60,(40.0p/100ml),drinks,soft_drink,2025-05-29
Vimto Vimto Zero 8 x 330ml,£3.16,(12.0p/100ml),drinks,soft_drink,2025-05-29
Pepsi Max Cans,£11.48,(14.5p/100ml),drinks,soft_drink,2025-05-29
Pepsi Max No Sugar Mango 24 x 330ml,£11.48,(14.5p/100ml),drinks,soft_drink,2025-05-29
Pepsi Max 2 Litres,£1.98,(9.9p/100ml),drinks,soft_drink,2025-05-29
Pepsi Diet,£1.98,(9.9p/100ml),drinks,soft_drink,2025-05-29
Pepsi Max No Caffeine,£1.98,(9.9p/100ml),drinks,soft_drink,2025-05-29
Coca-Cola Original Taste 24 x 330ml,£12.48,(15.8p/100ml),drinks,soft_drink,2025-05-29
Coca-Cola Original Taste,£2.00,(16.0p/100ml),drinks,soft_drink,2025-05-29
Coca-Cola Cherry 1.75L,£2.58,(14.7p/100ml),drinks,soft_drink,2025-05-29
Pepsi Max Lime No Sugar Cola Bottle,£1.98,(9.9p/100ml),drinks,soft_drink,2025-05-29
Pepsi Max Cherry Bottle,£1.98,(9.9p/100ml),drinks,soft_drink,2025-05-29
Coca-Cola Original Taste Bottle,£1.98,(11.3p/100ml),drinks,soft_drink,2025-05-29
Coca-Cola Original Taste 6 x 250ml,£3.58,(23.9p/100ml),drinks,soft_drink,2025-05-29
Coca-Cola Zero Sugar 24 x 330ml,£7.58,(9.6p/100ml),drinks,soft_drink,2025-05-29
Diet Coke 24 x 330ml,£11.98,(15.1p/100ml),drinks,soft_drink,2025-05-29
Diet Coke 2L,£1.98,(9.9p/100ml),drinks,soft_drink,2025-05-29
Coca-Cola Original Taste 12 x 330ml,£8.25,(20.8p/100ml),drinks,soft_drink,2025-05-29
George Home Blue Ombre Tumbler,£2.50,(£2.50/each),drinks,soft_drink,2025-05-29
Pepsi Max Caffeine Free 24 x 330ml,£11.48,(14.5p/100ml),drinks,soft_drink,2025-05-29
George Home Lemon Hiball,£1.00,(£1.00/each),drinks,soft_drink,2025-05-29
George Home Grey Palm Tumbler,£2.00,(£2.00/each),drinks,soft_drink,2025-05-29
George Home Clear Pint Glass,£0.60,(60.0p/each),drinks,soft_drink,2025-05-29
George Home Linka Hiball,£1.50,(£1.50/each),drinks,soft_drink,2025-05-29
George Home Timeless Hiball,£2.00,(£2.00/each),drinks,soft_drink,2025-05-29
George Home Plastic Lustre Straw Tumbler (Colour May Vary),£5.00,(£5.00/each),drinks,soft_drink,2025-05-29
George Home Feature Hiball Glass,£0.60,(60.0p/each),drinks,soft_drink,2025-05-29
George Home Tumblers,£1.25,(31.2p/each),drinks,soft_drink,2025-05-29
George Home Gold Metallic Tumbler,£2.50,(£2.50/each),drinks,soft_drink,2025-05-29
Coca-Cola Zero Sugar Zero Caffeine 2L,£1.88,(9.4p/100ml),drinks,soft_drink,2025-05-29
Coca-Cola Cherry 8 x 330ml,£5.80,(22.0p/100ml),drinks,soft_drink,2025-05-29
George Home Stainless Steel Cups/Tumblers,£1.50,(75.0p/each),drinks,soft_drink,2025-05-29
Coca-Cola Original Taste 4 x 250ml,£5.08,(50.8p/100ml),drinks,soft_drink,2025-05-29
Diet Coke 1.25L,£1.24,(9.9p/100ml),drinks,soft_drink,2025-05-29
Pepsi 2 litres,£2.15,(10.8p/100ml),drinks,soft_drink,2025-05-29
Pepsi Max Cans,£11.48,(14.5p/100ml),drinks,soft_drink,2025-05-29
Pepsi Max Cherry Cola,£11.48,(14.5p/100ml),drinks,soft_drink,2025-05-29
Coca-Cola Original Taste 24 x 330ml,£12.48,(15.8p/100ml),drinks,soft_drink,2025-05-29
Pepsi Diet Cans,£11.48,(14.5p/100ml),drinks,soft_drink,2025-05-29
IRN-BRU Xtra Sugar Free Soft Drink,£8.32,(10.5p/100ml),drinks,soft_drink,2025-05-29
IRN-BRU Sugar Free Soft Drink,£8.32,(10.5p/100ml),drinks,soft_drink,2025-05-29
Coca-Cola Zero Sugar 24 x 330ml,£7.58,(9.6p/100ml),drinks,soft_drink,2025-05-29
Diet Coke No Caffeine 8 x 330ml,£4.24,(16.1p/100ml),drinks,soft_drink,2025-05-29
Pepsi 500ml,£1.64,(32.8p/100ml),drinks,soft_drink,2025-05-29
Pepsi Max Cherry 1.25 Litres,£1.36,(10.9p/100ml),drinks,soft_drink,2025-05-29
Coca-Cola Zero Sugar 2L,£1.88,(9.4p/100ml),drinks,soft_drink,2025-05-29
Pepsi Max Cherry Cans,£3.98,(15.1p/100ml),drinks,soft_drink,2025-05-29
George Home Colour Block Kids Tumbler (Style May Vary),£1.50,(£1.50/each),drinks,soft_drink,2025-05-29
Coca-Cola Zero Sugar Zero Caffeine 8 x 330ml,£4.24,(16.1p/100ml),drinks,soft_drink,2025-05-29
Fentimans Classic Curiosity Cola,£1.98,(26.4p/100ml),drinks,soft_drink,2025-05-29
George Home White Confetti Hiball 2pk,£6.00,(£6.00/each),drinks,soft_drink,2025-05-29
George Home Red Strawberry Mason Jar,£2.50,(£2.50/each),drinks,soft_drink,2025-05-29
George Home Iridescent Ribbed Tumbler,£2.50,(£2.50/each),drinks,soft_drink,2025-05-29
George Home Cockerpoo Hiball,£1.00,(£1.00/each),drinks,soft_drink,2025-05-29
Pepsi Max Drinks Bundle 72 Cans,£34.44,null,drinks,soft_drink,2025-05-29
George Home Elysia Hiball,£2.00,(£2.00/each),drinks,soft_drink,2025-05-29
Coca-Cola Zero Sugar Cherry 24 x 330ml,£9.24,(11.7p/100ml),drinks,soft_drink,2025-05-29
George Home Green Scallop Hiball Glass,£2.50,(£2.50/each),drinks,soft_drink,2025-05-29
Coca-Cola Zero Sugar Zero Caffeine 24 x 330ml,£9.24,(11.7p/100ml),drinks,soft_drink,2025-05-29
George Home Green Stacking Rib Hiball Glass,£2.50,(£2.50/each),drinks,soft_drink,2025-05-29
Pepsi Max No Sugar Cola Bottle,£1.64,(32.8p/100ml),drinks,soft_drink,2025-05-29
George Home Spiderman Mason Jar,£3.00,(£3.00/each),drinks,soft_drink,2025-05-29
Pepsi Cream Soda Flavour 8 x 330ml,£3.98,(15.1p/100ml),drinks,soft_drink,2025-05-29
George Home 4 Pack Basic Glasses 270ml,£1.40,(35.0p/each),drinks,soft_drink,2025-05-29
George Home Allerga Hiball,£1.50,(£1.50/each),drinks,soft_drink,2025-05-29
Diet Coke No Caffeine 2L,£1.98,(9.9p/100ml),drinks,soft_drink,2025-05-29
Pepsi 2 litres,£2.15,(10.8p/100ml),drinks,soft_drink,2025-05-29
Coca-Cola Zero Sugar 150ml,£0.60,(40.0p/100ml),drinks,soft_drink,2025-05-29
George Home Disney Stitch Fruit Tumbler (style may vary),£7.03,(£1.76/each),drinks,soft_drink,2025-05-29
George Home Leafy Textured Glass Tumbler,£2.00,(£2.00/each),drinks,soft_drink,2025-05-29
George Home GH TUMBLERS,£7.18,(£1.79/each),drinks,soft_drink,2025-05-29
George Home Disney Stitch Fruit Canister,£4.52,(£2.26/each),drinks,soft_drink,2025-05-29
Stacey Solomon Dimple Glass,£10.00,(£2.50/each),drinks,soft_drink,2025-05-29
George Home Purple Stacking Rib Hiball Glass,£2.50,(£2.50/each),drinks,soft_drink,2025-05-29
Coca-Cola Classic 500ml,£1.94,(38.8p/100ml),drinks,soft_drink,2025-05-29
George Home Strawberry Hiball,£1.00,(£1.00/each),drinks,soft_drink,2025-05-29
George Home 4 x Pint Glass Bundle,£2.40,null,drinks,soft_drink,2025-05-29
Coca-Cola Zero Sugar Lime 2L,£1.88,(9.4p/100ml),drinks,soft_drink,2025-05-29
Coca-Cola Lime 8 x 330ml,£5.48,(20.8p/100ml),drinks,soft_drink,2025-05-29
Coca-Cola Zero Sugar Lime 8 x 330ml,£4.24,(16.1p/100ml),drinks,soft_drink,2025-05-29
George Home Leafy Textured Hi-Ball Glass,£2.00,(£2.00/each),drinks,soft_drink,2025-05-29
Disney Nightmare Before Christmas Canister,£6.00,(£3.00/each),drinks,soft_drink,2025-05-29
Pepsi Max Cans,£11.48,(14.5p/100ml),drinks,soft_drink,2025-05-29
Pepsi Max Cherry Cola,£11.48,(14.5p/100ml),drinks,soft_drink,2025-05-29
Coca-Cola Original Taste 24 x 330ml,£12.48,(15.8p/100ml),drinks,soft_drink,2025-05-29
Pepsi Diet Cans,£11.48,(14.5p/100ml),drinks,soft_drink,2025-05-29
IRN-BRU Xtra Sugar Free Soft Drink,£8.32,(10.5p/100ml),drinks,soft_drink,2025-05-29
IRN-BRU Sugar Free Soft Drink,£8.32,(10.5p/100ml),drinks,soft_drink,2025-05-29
Coca-Cola Zero Sugar 24 x 330ml,£7.58,(9.6p/100ml),drinks,soft_drink,2025-05-29
George Home Green Stem Tumbler,£2.50,(£2.50/each),drinks,soft_drink,2025-05-29
Coca-Cola Zero Sugar 18 x 330ml,£9.24,(15.6p/100ml),drinks,soft_drink,2025-05-29
Pepsi Diet Cans,£3.98,(15.1p/100ml),drinks,soft_drink,2025-05-29
Pepsi Max 12 x 330ml,£5.64,(14.2p/100ml),drinks,soft_drink,2025-05-29
George Home Avengers Hiball,£1.50,(£1.50/each),drinks,soft_drink,2025-05-29
Coca-Cola Lime 1.75L,£2.58,(£147.43/100lt),drinks,soft_drink,2025-05-29
George Home Timeless Glass Tumbler,£2.00,(£2.00/each),drinks,soft_drink,2025-05-29
George Home Palm Tree Hiball,£1.00,(£1.00/each),drinks,soft_drink,2025-05-29
Coca-Cola Cherry 8 x 330ml,£5.80,(22.0p/100ml),drinks,soft_drink,2025-05-29
Pepsi 2 litres,£2.15,(10.8p/100ml),drinks,soft_drink,2025-05-29
Coca-Cola Zero Sugar 150ml,£0.60,(40.0p/100ml),drinks,soft_drink,2025-05-29
Fentimans Classic Curiosity Cola,£1.98,(26.4p/100ml),drinks,soft_drink,2025-05-29
George Home White Confetti Hiball 2pk,£6.00,(£6.00/each),drinks,soft_drink,2025-05-29
Coca-Cola Zero Sugar Zero Caffeine 8 x 330ml,£4.24,(16.1p/100ml),drinks,soft_drink,2025-05-29
George Home Red Strawberry Mason Jar,£2.50,(£2.50/each),drinks,soft_drink,2025-05-29
George Home Elysia Hiball,£2.00,(£2.00/each),drinks,soft_drink,2025-05-29
Coca-Cola Zero Sugar Cherry 24 x 330ml,£9.24,(11.7p/100ml),drinks,soft_drink,2025-05-29
George Home Iridescent Ribbed Tumbler,£2.50,(£2.50/each),drinks,soft_drink,2025-05-29
George Home Green Stacking Rib Hiball Glass,£2.50,(£2.50/each),drinks,soft_drink,2025-05-29
Pepsi Max No Sugar Cola Bottle,£1.64,(32.8p/100ml),drinks,soft_drink,2025-05-29
George Home Spiderman Mason Jar,£3.00,(£3.00/each),drinks,soft_drink,2025-05-29
Pepsi Cream Soda Flavour 8 x 330ml,£3.98,(15.1p/100ml),drinks,soft_drink,2025-05-29
George Home Nightmare Before Christmas Mason Jar,£3.00,(£3.00/each),drinks,soft_drink,2025-05-29
Diet Coke No Caffeine 2L,£1.98,(9.9p/100ml),drinks,soft_drink,2025-05-29
George Home Colour Block Kids Tumbler (Style May Vary),£1.50,(£1.50/each),drinks,soft_drink,2025-05-29
George Home 4 Pack Basic Glasses 270ml,£1.40,(35.0p/each),drinks,soft_drink,2025-05-29
Coca-Cola Zero Sugar Zero Caffeine 24 x 330ml,£9.24,(11.7p/100ml),drinks,soft_drink,2025-05-29
George Home Green Scallop Hiball Glass,£2.50,(£2.50/each),drinks,soft_drink,2025-05-29
George Home Allerga Hiball,£1.50,(£1.50/each),drinks,soft_drink,2025-05-29
George Home Cockerpoo Hiball,£1.00,(£1.00/each),drinks,soft_drink,2025-05-29
Pepsi Max Drinks Bundle 72 Cans,£34.44,null,drinks,soft_drink,2025-05-29
George Home Grey Bubble Tumbler,£2.50,(£2.50/each),drinks,soft_drink,2025-05-29
Coca-Cola Zero Sugar Cherry 2 L,£1.88,(9.4p/100ml),drinks,soft_drink,2025-05-29
Diet Coke 8 x 330ml,£4.25,(16.1p/100ml),drinks,soft_drink,2025-05-29
Pepsi Max Lime No Sugar Cola Cans,£11.48,(14.5p/100ml),drinks,soft_drink,2025-05-29
George Home Clear Can Glass,£2.00,(£2.00/each),drinks,soft_drink,2025-05-29
Diet Coke 500ml,£1.84,(36.8p/100ml),drinks,soft_drink,2025-05-29
Pepsi Max 1.25 Litres,£1.36,(10.9p/100ml),drinks,soft_drink,2025-05-29
Diet Coke 150ml,£0.60,(40.0p/100ml),drinks,soft_drink,2025-05-29
George Home 40oz Tumbler with Straw and Handle,£8.00,(£8.00/each),drinks,soft_drink,2025-05-29
Pepsi Max Cans,£11.48,(14.5p/100ml),drinks,soft_drink,2025-05-29
Pepsi Max Cherry Cola,£11.48,(14.5p/100ml),drinks,soft_drink,2025-05-29
Coca-Cola Original Taste 24 x 330ml,£12.48,(15.8p/100ml),drinks,soft_drink,2025-05-29
Pepsi Diet Cans,£11.48,(14.5p/100ml),drinks,soft_drink,2025-05-29
IRN-BRU Xtra Sugar Free Soft Drink,£8.32,(10.5p/100ml),drinks,soft_drink,2025-05-29
IRN-BRU Sugar Free Soft Drink,£8.32,(10.5p/100ml),drinks,soft_drink,2025-05-29
Coca-Cola Zero Sugar 24 x 330ml,£7.58,(9.6p/100ml),drinks,soft_drink,2025-05-29
Pepsi Max Lime No Sugar Cola Bottle,£1.36,(10.9p/100ml),drinks,soft_drink,2025-05-29
George Home 4 x Large Hiball Glass Bundle,£2.40,null,drinks,soft_drink,2025-05-29
At Home with Stacey Solomon Hammered Hi-ball Glasses - Set of 2,£7.00,(£3.50/each),drinks,soft_drink,2025-05-29
George Home Blue Stacking Rib Hiball Glass,£2.50,(£2.50/each),drinks,soft_drink,2025-05-29
Pepsi Max Cherry Cans,£3.98,(15.1p/100ml),drinks,soft_drink,2025-05-29
Coca-Cola Zero Sugar 2L,£1.88,(9.4p/100ml),drinks,soft_drink,2025-05-29
Pepsi Treats Strawberries 'N' Cream Flavour Bottles 12 x 500ml,£1.64,(32.8p/100ml),drinks,soft_drink,2025-05-29
Pepsi Max Cans,£3.98,(15.1p/100ml),drinks,soft_drink,2025-05-29
George Home Allerga Hiball,£1.50,(£1.50/each),drinks,soft_drink,2025-05-29
Coca-Cola Lime 1.75L,£2.58,(£147.43/100lt),drinks,soft_drink,2025-05-29
Coca-Cola Zero Sugar 18 x 330ml,£9.24,(15.6p/100ml),drinks,soft_drink,2025-05-29
Pepsi 8 x 330ml,£4.48,(17.0p/100ml),drinks,soft_drink,2025-05-29
Pepsi Max No Caffeine,£3.98,(15.1p/100ml),drinks,soft_drink,2025-05-29
Pepsi Diet Cans,£3.98,(15.1p/100ml),drinks,soft_drink,2025-05-29
George Home Timeless Coupe Glass,£2.00,(£2.00/each),drinks,soft_drink,2025-05-29
Coca-Cola Original Taste 150ml,£0.68,(45.3p/100ml),drinks,soft_drink,2025-05-29
George Home Mason Jar,£1.00,(£1.00/each),drinks,soft_drink,2025-05-29
Pepsi Diet Cans,£11.48,(14.5p/100ml),drinks,soft_drink,2025-05-29
ASDA Cola Zero,£0.49,(2.5p/100ml),drinks,soft_drink,2025-05-29
ASDA Cola 2 Litres,£0.70,(3.5p/100ml),drinks,soft_drink,2025-05-29
ASDA Cherry Cola Zero,£0.49,(2.5p/100ml),drinks,soft_drink,2025-05-29
ASDA Diet Cola 2 Litres,£0.49,(2.5p/100ml),drinks,soft_drink,2025-05-29
Pepsi Max Cans,£11.48,(14.5p/100ml),drinks,soft_drink,2025-05-29
Pepsi Max Cherry Cola,£11.48,(14.5p/100ml),drinks,soft_drink,2025-05-29
Coca-Cola Original Taste 24 x 330ml,£12.48,(15.8p/100ml),drinks,soft_drink,2025-05-29
Pepsi Diet Cans,£11.48,(14.5p/100ml),drinks,soft_drink,2025-05-29
IRN-BRU Xtra Sugar Free Soft Drink,£8.32,(10.5p/100ml),drinks,soft_drink,2025-05-29
IRN-BRU Sugar Free Soft Drink,£8.32,(10.5p/100ml),drinks,soft_drink,2025-05-29
Coca-Cola Zero Sugar 24 x 330ml,£7.58,(9.6p/100ml),drinks,soft_drink,2025-05-29
Schweppes Lemonade 2L,£1.38,(6.9p/100ml),drinks,soft_drink,2025-05-29
Schweppes Original Lemonade 12 x 150ml,£3.76,(20.9p/100ml),drinks,soft_drink,2025-05-29
Schweppes Slimline Lemonade 2L,£1.38,(6.9p/100ml),drinks,soft_drink,2025-05-29
Schweppes Slimline Tonic Water 1L,£1.78,(17.8p/100ml),drinks,soft_drink,2025-05-29
Schweppes Canada Dry Ginger Ale 1L,£1.78,(17.8p/100ml),drinks,soft_drink,2025-05-29
Schweppes Slimline Bitter Lemon 1L,£1.78,(17.8p/100ml),drinks,soft_drink,2025-05-29
Schweppes Indian Tonic Water 1L,£1.78,(17.8p/100ml),drinks,soft_drink,2025-05-29
Schweppes Peppermint Flavour Cordial 1L,£2.75,(27.5p/100ml),drinks,soft_drink,2025-05-29
Schweppes Soda Water 1L,£1.78,(17.8p/100ml),drinks,soft_drink,2025-05-29
Schweppes Slimline Elderflower Tonic Water 1L,£1.78,(17.8p/100ml),drinks,soft_drink,2025-05-29
Schweppes Slimline Tonic Water 12 x 150ml,£3.76,(20.9p/100ml),drinks,soft_drink,2025-05-29
Schweppes Slimline Canada Dry Ginger Ale 1L,£1.78,(17.8p/100ml),drinks,soft_drink,2025-05-29
Schweppes Pink Soda Cans,£5.84,(32.4p/100ml),drinks,soft_drink,2025-05-29
Schweppes Canada Dry Ginger Ale 12 x 150ml,£5.84,(32.4p/100ml),drinks,soft_drink,2025-05-29
Schweppes Mixers Bundle,£4.94,null,drinks,soft_drink,2025-05-29
Schweppes Tonic Water 12 x 150ml,£3.76,(20.9p/100ml),drinks,soft_drink,2025-05-29
Schweppes Slimline Grapefuit Tonic Water 1L,£1.78,(17.8p/100ml),drinks,soft_drink,2025-05-29
ASDA Classic Lemonade 2 Litres,£0.60,(3.0p/100ml),drinks,soft_drink,2025-05-29
ASDA Lemonade Bottles,£3.82,(12.7p/100ml),drinks,soft_drink,2025-05-29
ASDA Diet Lemonade 6 x 330ml,£1.45,(7.3p/100ml),drinks,soft_drink,2025-05-29
ASDA Diet Lemonade 2 Litres,£0.60,(3.0p/100ml),drinks,soft_drink,2025-05-29
ASDA Diet Cloudy Lemonade 2 Litres,£0.82,(4.1p/100ml),drinks,soft_drink,2025-05-29
ASDA Diet Pink Lemonade 2 Litres,£0.82,(4.1p/100ml),drinks,soft_drink,2025-05-29
ASDA Diet Lemon & Lime 2 Litres,£0.82,(4.1p/100ml),drinks,soft_drink,2025-05-29
George Home Blue Ombre Tumbler,£2.50,(£2.50/each),drinks,soft_drink,2025-05-29
George Home Lemon Hiball,£1.00,(£1.00/each),drinks,soft_drink,2025-05-29
George Home Grey Palm Tumbler,£2.00,(£2.00/each),drinks,soft_drink,2025-05-29
George Home Clear Pint Glass,£0.60,(60.0p/each),drinks,soft_drink,2025-05-29
George Home Linka Hiball,£1.50,(£1.50/each),drinks,soft_drink,2025-05-29
George Home Timeless Hiball,£2.00,(£2.00/each),drinks,soft_drink,2025-05-29
George Home Plastic Lustre Straw Tumbler (Colour May Vary),£5.00,(£5.00/each),drinks,soft_drink,2025-05-29
George Home Feature Hiball Glass,£0.60,(60.0p/each),drinks,soft_drink,2025-05-29
Sprite 150ml,£0.60,(40.0p/100ml),drinks,soft_drink,2025-05-29
George Home Tumblers,£1.25,(31.2p/each),drinks,soft_drink,2025-05-29
George Home Gold Metallic Tumbler,£2.50,(£2.50/each),drinks,soft_drink,2025-05-29
George Home Stainless Steel Cups/Tumblers,£1.50,(75.0p/each),drinks,soft_drink,2025-05-29
Sprite Zero Sugar 8 x 330ml,£3.48,(13.2p/100ml),drinks,soft_drink,2025-05-29
George Home Timeless Coupe Glass,£2.00,(£2.00/each),drinks,soft_drink,2025-05-29
George Home Stem Beer Glass - Set of 2,£3.50,(£1.75/each),drinks,soft_drink,2025-05-29
George Home Iridescent Ribbed Tumbler,£2.50,(£2.50/each),drinks,soft_drink,2025-05-29
George Home Elysia Hiball,£2.00,(£2.00/each),drinks,soft_drink,2025-05-29
Sprite 2L,£2.14,(10.7p/100ml),drinks,soft_drink,2025-05-29
George Home Colour Block Kids Tumbler (Style May Vary),£1.50,(£1.50/each),drinks,soft_drink,2025-05-29
George Home Green Scallop Hiball Glass,£2.50,(£2.50/each),drinks,soft_drink,2025-05-29
George Home Red Strawberry Mason Jar,£2.50,(£2.50/each),drinks,soft_drink,2025-05-29
Sprite No Sugar,£1.74,(34.8p/100ml),drinks,soft_drink,2025-05-29
Sprite Zero Sugar 2L,£2.14,(10.7p/100ml),drinks,soft_drink,2025-05-29
George Home Cockerpoo Hiball,£1.00,(£1.00/each),drinks,soft_drink,2025-05-29
George Home Green Stacking Rib Hiball Glass,£2.50,(£2.50/each),drinks,soft_drink,2025-05-29
George Home Spiderman Mason Jar,£3.00,(£3.00/each),drinks,soft_drink,2025-05-29
George Home 4 Pack Basic Glasses 270ml,£1.40,(35.0p/each),drinks,soft_drink,2025-05-29
George Home Grey Bubble Hiball,£2.50,(£2.50/each),drinks,soft_drink,2025-05-29
George Home Pink Ombre Hi-Ball Glass,£2.50,(£2.50/each),drinks,soft_drink,2025-05-29
George Home Allerga Hiball,£1.50,(£1.50/each),drinks,soft_drink,2025-05-29
Cawston Press Elderflower Lemonade 4 x 250ml,£3.48,(34.8p/100ml),drinks,soft_drink,2025-05-29
George Home White Confetti Hiball 2pk,£6.00,(£6.00/each),drinks,soft_drink,2025-05-29
Sprite Lemon-Lime 8 x 330ml,£3.48,(13.2p/100ml),drinks,soft_drink,2025-05-29
,,,drinks,soft_drink,2025-05-29
,,,drinks,soft_drink,2025-05-29
,,,drinks,soft_drink,2025-05-29
,,,drinks,soft_drink,2025-05-29
George Home White Confetti Hiball 2pk,£6.00,(£6.00/each),drinks,soft_drink,2025-05-29
Sprite Lemon-Lime 8 x 330ml,£3.48,(13.2p/100ml),drinks,soft_drink,2025-05-29
Sprite No Sugar,£1.74,(34.8p/100ml),drinks,soft_drink,2025-05-29
George Home Colour Block Kids Tumbler (Style May Vary),£1.50,(£1.50/each),drinks,soft_drink,2025-05-29
Sprite 2L,£2.14,(10.7p/100ml),drinks,soft_drink,2025-05-29
George Home Iridescent Ribbed Tumbler,£2.50,(£2.50/each),drinks,soft_drink,2025-05-29
George Home Green Stacking Rib Hiball Glass,£2.50,(£2.50/each),drinks,soft_drink,2025-05-29
Sprite Zero Sugar 2L,£2.14,(10.7p/100ml),drinks,soft_drink,2025-05-29
Fanta Icy Lemon 2 Litre,£2.14,(10.7p/100ml),drinks,soft_drink,2025-05-29
George Home Cockerpoo Hiball,£1.00,(£1.00/each),drinks,soft_drink,2025-05-29
George Home Nightmare Before Christmas Mason Jar,£3.00,(£3.00/each),drinks,soft_drink,2025-05-29
George Home Spiderman Mason Jar,£3.00,(£3.00/each),drinks,soft_drink,2025-05-29
George Home Red Strawberry Mason Jar,£2.50,(£2.50/each),drinks,soft_drink,2025-05-29
George Home Allerga Hiball,£1.50,(£1.50/each),drinks,soft_drink,2025-05-29
George Home Green Scallop Hiball Glass,£2.50,(£2.50/each),drinks,soft_drink,2025-05-29
George Home Elysia Hiball,£2.00,(£2.00/each),drinks,soft_drink,2025-05-29
George Home Clear Can Glass,£2.00,(£2.00/each),drinks,soft_drink,2025-05-29
George Home Ribbed Hiball 2 Pack,£6.00,(£3.00/each),drinks,soft_drink,2025-05-29
George Home Clear Rib Mixer 2pk,£6.00,(£3.00/each),drinks,soft_drink,2025-05-29
George Home 4 x Large Hiball Glass Bundle,£2.40,null,drinks,soft_drink,2025-05-29
George Home Grey Bubble Tumbler,£2.50,(£2.50/each),drinks,soft_drink,2025-05-29
George Home 40oz Tumbler with Straw and Handle,£8.00,(£8.00/each),drinks,soft_drink,2025-05-29
George Home Grey Ribbed Hi-Ball Glass - Set of 2,£6.00,(£3.00/each),drinks,soft_drink,2025-05-29
7UP Zero Sugar,£1.74,(34.8p/100ml),drinks,soft_drink,2025-05-29
San Pellegrino Sparkling Lemon Cans,£3.98,(20.1p/100ml),drinks,soft_drink,2025-05-29
George Home Hiball Glasses,£4.50,(£1.12/each),drinks,soft_drink,2025-05-29
At Home with Stacey Solomon Hammered Hi-ball Glasses - Set of 2,£7.00,(£3.50/each),drinks,soft_drink,2025-05-29
George Home Blue Stacking Rib Hiball Glass,£2.50,(£2.50/each),drinks,soft_drink,2025-05-29
George Home Grey Ribbed Tumbler Glass - Set of 2,£6.00,(£3.00/each),drinks,soft_drink,2025-05-29
7UP Refreshing Lemon & Lime Taste 8 x 330ml,£3.34,(12.7p/100ml),drinks,soft_drink,2025-05-29
George Home Avengers Tumbler 4pk,£9.00,(£2.25/each),drinks,soft_drink,2025-05-29
George Home Large Hiball Glass,£0.60,(60.0p/each),drinks,soft_drink,2025-05-29
George Home Soda Glass,£0.60,(60.0p/each),drinks,soft_drink,2025-05-29
George Home Timeless Coupe Glass,£2.00,(£2.00/each),drinks,soft_drink,2025-05-29
ASDA Diet Iron Brew 2 Litres,£0.80,(4.0p/100ml),drinks,soft_drink,2025-05-29
George Home Timeless Glass Tumbler,£2.00,(£2.00/each),drinks,soft_drink,2025-05-29
George Home Palm Tree Hiball,£1.00,(£1.00/each),drinks,soft_drink,2025-05-29
George Home Avengers Hiball,£1.50,(£1.50/each),drinks,soft_drink,2025-05-29
George Home Green Stem Tumbler,£2.50,(£2.50/each),drinks,soft_drink,2025-05-29
George Home Mason Jar,£1.00,(£1.00/each),drinks,soft_drink,2025-05-29
George Home Tumblers,£1.75,(29.2p/each),drinks,soft_drink,2025-05-29
At Home with Stacey Solomon Pink Hammered Hiball Glasses - Set of 2,£8.00,(£4.00/each),drinks,soft_drink,2025-05-29
Sprite 150ml,£0.60,(40.0p/100ml),drinks,soft_drink,2025-05-29
Fanta Lemon 8 x 330ml,£3.48,(13.2p/100ml),drinks,soft_drink,2025-05-29
Schweppes Slimline Tonic Water 12 x 150ml,£3.76,(20.9p/100ml),drinks,soft_drink,2025-05-29
Schweppes Original Lemonade 12 x 150ml,£3.76,(20.9p/100ml),drinks,soft_drink,2025-05-29
Rubicon Sparkling Mango 8 x 330ml,£2.98,(11.3p/100ml),drinks,soft_drink,2025-05-29
Tango Orange Cans,£8.32,(10.5p/100ml),drinks,soft_drink,2025-05-29
Tango Sugar Free Cherry 24 x 330ml (8.4kg),£8.32,(10.5p/100ml),drinks,soft_drink,2025-05-29
Fanta Fruit Twist 8 x 330ml,£3.48,(13.2p/100ml),drinks,soft_drink,2025-05-29
Fanta Orange 8 x 330ml,£3.48,(13.2p/100ml),drinks,soft_drink,2025-05-29
Fanta Orange Zero 8 x 330ml,£3.48,(13.2p/100ml),drinks,soft_drink,2025-05-29
Fanta Zero Sugar Fruit Twist 8 x 330ml,£3.48,(13.2p/100ml),drinks,soft_drink,2025-05-29
ASDA Diet Tropical Crush 2 Litres,£0.82,(4.1p/100ml),drinks,soft_drink,2025-05-29
ASDA Diet Dandelion & Burdock 2 Litres,£0.82,(4.1p/100ml),drinks,soft_drink,2025-05-29
ASDA Diet Orange Crush 2 Litres,£0.82,(4.1p/100ml),drinks,soft_drink,2025-05-29
ASDA ASDA CHERRYADE,£0.82,(4.1p/100ml),drinks,soft_drink,2025-05-29
Slush Puppie Fizzy Blue Raspberry Drink,£0.98,(4.9p/100ml),drinks,soft_drink,2025-05-29
ASDA Rhubarb Crumble & Custard Flavour Soda 2 Litres,£0.82,(4.1p/100ml),drinks,soft_drink,2025-05-29
Slush Puppie Red Cherry Fizzie 2 Litre,£0.98,(4.9p/100ml),drinks,soft_drink,2025-05-29
ASDA Peaches & Cream Flavour Soda 2 Litres,£0.82,(4.1p/100ml),drinks,soft_drink,2025-05-29
ASDA Diet Cream Soda 2 Litres,£0.82,(4.1p/100ml),drinks,soft_drink,2025-05-29
Vimto Fizzy Original,£1.18,(5.9p/100ml),drinks,soft_drink,2025-05-29
ASDA Raspberry Ripple Flavour Soda 2 Litres,£0.82,(4.1p/100ml),drinks,soft_drink,2025-05-29
Tango Orange,£1.44,(7.2p/100ml),drinks,soft_drink,2025-05-29
Dr Pepper 8 x 330ml,£3.48,(13.2p/100ml),drinks,soft_drink,2025-05-29
ASDA Tropical Crush Zero Cans,£1.99,(10.1p/100ml),drinks,soft_drink,2025-05-29
Vimto 8 x 330ml,£3.16,(12.0p/100ml),drinks,soft_drink,2025-05-29
Tango Sugar Free Strawberry Smash 8 x 330ml,£3.98,(15.1p/100ml),drinks,soft_drink,2025-05-29
Fanta Raspberry 8 x 330ml,£3.48,(13.2p/100ml),drinks,soft_drink,2025-05-29
Dr Pepper Zero Cherry Crush 2L,£1.44,(7.2p/100ml),drinks,soft_drink,2025-05-29
ASDA Diet Ginger Beer,£0.82,(4.1p/100ml),drinks,soft_drink,2025-05-29
Rubicon Sparkling Passion Fruit Juice Soft Drink,£3.65,(18.4p/100ml),drinks,soft_drink,2025-05-29
Tango Cherry Sugar Free 2 Litres,£1.44,(7.2p/100ml),drinks,soft_drink,2025-05-29
Fanta Fruit Twist 2L,£2.14,(10.7p/100ml),drinks,soft_drink,2025-05-29
Tango Sugar Free Strawberry Smash 2 Litres,£1.44,(7.2p/100ml),drinks,soft_drink,2025-05-29
Dr Pepper 2L,£2.14,(10.7p/100ml),drinks,soft_drink,2025-05-29
Dr Pepper Zero Cherry Crush 8 x 330ml,£3.48,(13.2p/100ml),drinks,soft_drink,2025-05-29
Tango Apple Sugar Free Cans,£3.34,(12.7p/100ml),drinks,soft_drink,2025-05-29
Tango Orange Cans,£3.34,(12.7p/100ml),drinks,soft_drink,2025-05-29
Fanta Lemon 8 x 330ml,£3.48,(13.2p/100ml),drinks,soft_drink,2025-05-29
Vimto Vimto Zero 8 x 330ml,£3.16,(12.0p/100ml),drinks,soft_drink,2025-05-29
Fanta Icy Lemon 2 Litre,£2.14,(10.7p/100ml),drinks,soft_drink,2025-05-29
Fanta Fruit Twist Zero 2L,£2.14,(10.7p/100ml),drinks,soft_drink,2025-05-29
Fanta Orange 2L,£2.14,(10.7p/100ml),drinks,soft_drink,2025-05-29
Radnor Fizz Strawberry 4 x 330ml,£1.98,(15.0p/100ml),drinks,soft_drink,2025-05-29
George Home Linka Hiball,£1.50,(£1.50/each),drinks,soft_drink,2025-05-29
KA Sparkling Fruit Punch Soft Drink,£0.57,(17.3p/100ml),drinks,soft_drink,2025-05-29
Shloer Red Grape Sparkling Juice Drink,£1.24,(16.5p/100ml),drinks,soft_drink,2025-05-29
Belvoir Raspberry Lemonade,£3.25,(43.3p/100ml),drinks,soft_drink,2025-05-29
George Home Timeless Hiball,£2.00,(£2.00/each),drinks,soft_drink,2025-05-29
Fanta Orange Zero 24 x 330ml,£9.24,(11.7p/100ml),drinks,soft_drink,2025-05-29
Niru Sparkling Pineapple,£1.65,(8.2p/100ml),drinks,soft_drink,2025-05-29
George Home Plastic Lustre Straw Tumbler (Colour May Vary),£5.00,(£5.00/each),drinks,soft_drink,2025-05-29
Pepsi Max Cans,£11.48,(14.5p/100ml),drinks,soft_drink,2025-05-29
Pepsi Max Cherry Cola,£11.48,(14.5p/100ml),drinks,soft_drink,2025-05-29
Coca-Cola Original Taste 24 x 330ml,£12.48,(15.8p/100ml),drinks,soft_drink,2025-05-29
Pepsi Diet Cans,£11.48,(14.5p/100ml),drinks,soft_drink,2025-05-29
IRN-BRU Xtra Sugar Free Soft Drink,£8.32,(10.5p/100ml),drinks,soft_drink,2025-05-29
IRN-BRU Sugar Free Soft Drink,£8.32,(10.5p/100ml),drinks,soft_drink,2025-05-29
Coca-Cola Zero Sugar 24 x 330ml,£7.58,(9.6p/100ml),drinks,soft_drink,2025-05-29
Rubicon Sparkling Mango 8 x 330ml,£2.98,(11.3p/100ml),drinks,soft_drink,2025-05-29
Tango Orange Cans,£8.32,(10.5p/100ml),drinks,soft_drink,2025-05-29
Niru Sparkling Passion Fruit,£1.65,(8.2p/100ml),drinks,soft_drink,2025-05-29
Niru Sparkling Mango 2L,£1.65,(8.2p/100ml),drinks,soft_drink,2025-05-29
Niru Sparkling Pineapple,£1.65,(8.2p/100ml),drinks,soft_drink,2025-05-29
Tango Orange,£1.44,(7.2p/100ml),drinks,soft_drink,2025-05-29
Tango Sugar Free Cherry 24 x 330ml (8.4kg),£8.32,(10.5p/100ml),drinks,soft_drink,2025-05-29
Niru Sparkling Tropical,£1.65,(8.2p/100ml),drinks,soft_drink,2025-05-29
Tango Apple Sugar Free,£8.32,(10.5p/100ml),drinks,soft_drink,2025-05-29
Tango Apple Sugar Free Cans,£3.34,(12.7p/100ml),drinks,soft_drink,2025-05-29
Tango Orange Cans,£3.34,(12.7p/100ml),drinks,soft_drink,2025-05-29
Tango Sugar Free Orange Cans,£3.34,(12.7p/100ml),drinks,soft_drink,2025-05-29
KA Sparkling Black Grape Juice Soft Drink,£1.43,(7.1p/100ml),drinks,soft_drink,2025-05-29
Rubicon Sparkling Passion Juice Soft Drink,£6.87,(11.6p/100ml),drinks,soft_drink,2025-05-29
Shloer White Grape Sparkling Juice Drink,£1.24,(16.5p/100ml),drinks,soft_drink,2025-05-29
Rubicon Sparkling Mango Juice Soft Drink 18 x 330ml,£6.87,(11.6p/100ml),drinks,soft_drink,2025-05-29
Tango Orange,£1.44,(7.2p/100ml),drinks,soft_drink,2025-05-29
Fanta Raspberry Zero 500ml,£1.74,(34.8p/100ml),drinks,soft_drink,2025-05-29
Rubicon Sparkling Mango 8 x 330ml,£2.98,(11.3p/100ml),drinks,soft_drink,2025-05-29
Tango Apple Sugar Free,£8.32,(10.5p/100ml),drinks,soft_drink,2025-05-29
Tango Orange Cans,£8.32,(10.5p/100ml),drinks,soft_drink,2025-05-29
KA Sparkling Fruit Punch Soft Drink,£1.43,(7.1p/100ml),drinks,soft_drink,2025-05-29
George Home Plastic Lustre Straw Tumbler (Colour May Vary),£5.00,(£5.00/each),drinks,soft_drink,2025-05-29
Rubicon Sparkling Passion Juice Soft Drink,£6.87,(11.6p/100ml),drinks,soft_drink,2025-05-29
IRN-BRU Xtra Sugar Free Soft Drink,£3.78,(14.3p/100ml),drinks,soft_drink,2025-05-29
George Home Feature Hiball Glass,£0.60,(60.0p/each),drinks,soft_drink,2025-05-29
Sprite 150ml,£0.60,(40.0p/100ml),drinks,soft_drink,2025-05-29
Fanta Orange 150ml,£0.60,(40.0p/100ml),drinks,soft_drink,2025-05-29
Old Jamaica Extra Fiery Ginger Beer Zero Sugar,£0.58,(17.6p/100ml),drinks,soft_drink,2025-05-29
Fanta Raspberry Zero 500ml,£1.74,(34.8p/100ml),drinks,soft_drink,2025-05-29
George Home Gold Metallic Tumbler,£2.50,(£2.50/each),drinks,soft_drink,2025-05-29
Tango Sugar Free Orange Cans,£3.34,(12.7p/100ml),drinks,soft_drink,2025-05-29
Niru Sparkling Pineapple,£1.65,(8.2p/100ml),drinks,soft_drink,2025-05-29
George Home Tumblers,£1.25,(31.2p/each),drinks,soft_drink,2025-05-29
George Home Linka Hiball,£1.50,(£1.50/each),drinks,soft_drink,2025-05-29
KA Sparkling Fruit Punch Soft Drink,£0.57,(17.3p/100ml),drinks,soft_drink,2025-05-29
Shloer Red Grape Sparkling Juice Drink,£1.24,(16.5p/100ml),drinks,soft_drink,2025-05-29
George Home Timeless Hiball,£2.00,(£2.00/each),drinks,soft_drink,2025-05-29
Baldwin's Original Sarsaparilla,£2.13,(21.3p/100ml),drinks,soft_drink,2025-05-29
Rubicon Spring Orange Mango Sparkling Spring Water Drink,£1.18,(7.9p/100ml),drinks,soft_drink,2025-05-29
Dalston's Real Squeezed Rhubarb & Sparkling Water 4 x 330ml,£3.48,(26.4p/100ml),drinks,soft_drink,2025-05-29
Dr Pepper Zero 8 x 330ml,£3.48,(13.2p/100ml),drinks,soft_drink,2025-05-29
Rubicon Sparkling Mango Juice Soft Drink,£0.57,(17.3p/100ml),drinks,soft_drink,2025-05-29
George Home Grey Palm Hiball,£2.00,(£2.00/each),drinks,soft_drink,2025-05-29
George Home Stem Beer Glass - Set of 2,£3.50,(£1.75/each),drinks,soft_drink,2025-05-29
Cawston Press Elderflower Lemonade 4 x 250ml,£3.48,(34.8p/100ml),drinks,soft_drink,2025-05-29
Bigga Pineapple Flavour Soft Drink,£1.28,(21.3p/100ml),drinks,soft_drink,2025-05-29
Sprite Zero Sugar 2L,£2.14,(10.7p/100ml),drinks,soft_drink,2025-05-29
George Home White Confetti Hiball 2pk,£6.00,(£6.00/each),drinks,soft_drink,2025-05-29
George Home Cockerpoo Hiball,£1.00,(£1.00/each),drinks,soft_drink,2025-05-29
Ting Zesty Caribbean Fruit Fizz,£0.58,(17.6p/100ml),drinks,soft_drink,2025-05-29
George Home Grey Ribbed Hi-Ball Glass - Set of 2,£6.00,(£3.00/each),drinks,soft_drink,2025-05-29
Fanta Zero Sugar Orange 2L,£2.14,(10.7p/100ml),drinks,soft_drink,2025-05-29
7UP Zero Sugar 24 Cans,£8.32,(10.5p/100ml),drinks,soft_drink,2025-05-29
Rubicon Sparkling Pomegranate Juice Soft Drink,£0.57,(17.3p/100ml),drinks,soft_drink,2025-05-29
Dr Pepper Zero Cherry Crush 500ml,£1.74,(34.8p/100ml),drinks,soft_drink,2025-05-29
George Home 4 x Large Hiball Glass Bundle,£2.40,null,drinks,soft_drink,2025-05-29
At Home with Stacey Solomon Hammered Hi-ball Glasses - Set of 2,£7.00,(£3.50/each),drinks,soft_drink,2025-05-29
George Home Blue Stacking Rib Hiball Glass,£2.50,(£2.50/each),drinks,soft_drink,2025-05-29
Niru Sparkling Tropical,£1.65,(8.2p/100ml),drinks,soft_drink,2025-05-29
George Home Hiball Glasses,£4.50,(£1.12/each),drinks,soft_drink,2025-05-29
Dr Pepper 18 x 330ml,£6.18,(10.4p/100ml),drinks,soft_drink,2025-05-29
IRN-BRU Sugar Free Soft Drink,£3.78,(14.3p/100ml),drinks,soft_drink,2025-05-29
George Home Ribbed Hiball 2 Pack,£6.00,(£3.00/each),drinks,soft_drink,2025-05-29
Appletiser Sparkling Apple Juice 750ml,£2.38,(31.7p/100ml),drinks,soft_drink,2025-05-29
George Home Clear Rib Mixer 2pk,£6.00,(£3.00/each),drinks,soft_drink,2025-05-29
Rubicon Sparkling Mango Juice Soft Drink,£8.32,(10.5p/100ml),drinks,soft_drink,2025-05-29
Fanta Orange Zero 24 x 330ml,£9.24,(11.7p/100ml),drinks,soft_drink,2025-05-29
Belvoir Raspberry Lemonade,£3.25,(43.3p/100ml),drinks,soft_drink,2025-05-29
George Home Clear Pint Glass,£0.60,(60.0p/each),drinks,soft_drink,2025-05-29
Dr Pepper Zero Cherry Crush 24 x 330ml,£8.32,(10.5p/100ml),drinks,soft_drink,2025-05-29
George Home Tumblers,£1.75,(29.2p/each),drinks,soft_drink,2025-05-29
Pepsi Max Cans,£11.48,(14.5p/100ml),drinks,soft_drink,2025-05-29
Pepsi Max Cherry Cola,£11.48,(14.5p/100ml),drinks,soft_drink,2025-05-29
Coca-Cola Original Taste 24 x 330ml,£12.48,(15.8p/100ml),drinks,soft_drink,2025-05-29
Pepsi Diet Cans,£11.48,(14.5p/100ml),drinks,soft_drink,2025-05-29
IRN-BRU Xtra Sugar Free Soft Drink,£8.32,(10.5p/100ml),drinks,soft_drink,2025-05-29
IRN-BRU Sugar Free Soft Drink,£8.32,(10.5p/100ml),drinks,soft_drink,2025-05-29
Coca-Cola Zero Sugar 24 x 330ml,£7.58,(9.6p/100ml),drinks,soft_drink,2025-05-29
Rubicon Sparkling Mango 8 x 330ml,£2.98,(11.3p/100ml),drinks,soft_drink,2025-05-29
Niru Sparkling Passion Fruit,£1.65,(8.2p/100ml),drinks,soft_drink,2025-05-29
Tango Orange Cans,£8.32,(10.5p/100ml),drinks,soft_drink,2025-05-29
Niru Sparkling Mango 2L,£1.65,(8.2p/100ml),drinks,soft_drink,2025-05-29
Tango Apple Sugar Free,£8.32,(10.5p/100ml),drinks,soft_drink,2025-05-29
Tango Orange,£1.44,(7.2p/100ml),drinks,soft_drink,2025-05-29
Tango Orange Cans,£3.34,(12.7p/100ml),drinks,soft_drink,2025-05-29
Niru Sparkling Tropical,£1.65,(8.2p/100ml),drinks,soft_drink,2025-05-29
Niru Sparkling Pineapple,£1.65,(8.2p/100ml),drinks,soft_drink,2025-05-29
Tango Sugar Free Cherry 24 x 330ml (8.4kg),£8.32,(10.5p/100ml),drinks,soft_drink,2025-05-29
Tango Cherry Sugar Free 2 Litres,£1.44,(7.2p/100ml),drinks,soft_drink,2025-05-29
Tango Sugar Free Orange,£1.44,(7.2p/100ml),drinks,soft_drink,2025-05-29
KA Sparkling Black Grape Juice Soft Drink,£1.43,(7.1p/100ml),drinks,soft_drink,2025-05-29
Rubicon Sparkling Passion Juice Soft Drink,£6.87,(11.6p/100ml),drinks,soft_drink,2025-05-29
Shloer White Grape Sparkling Juice Drink,£1.24,(16.5p/100ml),drinks,soft_drink,2025-05-29
Rubicon Sparkling Mango Juice Soft Drink 18 x 330ml,£6.87,(11.6p/100ml),drinks,soft_drink,2025-05-29
Tango Orange,£1.44,(7.2p/100ml),drinks,soft_drink,2025-05-29
Fanta Raspberry Zero 500ml,£1.74,(34.8p/100ml),drinks,soft_drink,2025-05-29
Rubicon Sparkling Mango 8 x 330ml,£2.98,(11.3p/100ml),drinks,soft_drink,2025-05-29
Tango Apple Sugar Free,£8.32,(10.5p/100ml),drinks,soft_drink,2025-05-29
Tango Orange Cans,£8.32,(10.5p/100ml),drinks,soft_drink,2025-05-29
George Home Allerga Hiball,£1.50,(£1.50/each),drinks,soft_drink,2025-05-29
Tango Strawberry Smash Sugar Free Cans 24 x 330ml,£8.32,(10.5p/100ml),drinks,soft_drink,2025-05-29
Belvoir Raspberry Lemonade,£3.25,(43.3p/100ml),drinks,soft_drink,2025-05-29
Fanta Orange Zero 24 x 330ml,£9.24,(11.7p/100ml),drinks,soft_drink,2025-05-29
Bottlegreen Sparkling Elderflower Light Presse Drink,£2.74,(36.5p/100ml),drinks,soft_drink,2025-05-29
Tango Sugar Free Orange,£1.44,(7.2p/100ml),drinks,soft_drink,2025-05-29
Bigga Grape Flavour Soft Drink,£1.38,(23.0p/100ml),drinks,soft_drink,2025-05-29
George Home Disney Stitch Fruit Tumbler (style may vary),£7.03,(£1.76/each),drinks,soft_drink,2025-05-29
George Home Leafy Textured Glass Tumbler,£2.00,(£2.00/each),drinks,soft_drink,2025-05-29
Rubicon Sparkling Rose Lemonade 2 Litre,£1.98,(9.9p/100ml),drinks,soft_drink,2025-05-29
Rubicon Sparkling Guava Juice Soft Drink,£0.57,(17.3p/100ml),drinks,soft_drink,2025-05-29
George Home GH TUMBLERS,£7.18,(£1.79/each),drinks,soft_drink,2025-05-29
George Home Disney Stitch Fruit Canister,£4.52,(£2.26/each),drinks,soft_drink,2025-05-29
Stacey Solomon Dimple Glass,£10.00,(£2.50/each),drinks,soft_drink,2025-05-29
George Home Purple Stacking Rib Hiball Glass,£2.50,(£2.50/each),drinks,soft_drink,2025-05-29
KA Sparkling Pineapple Juice Soft Drink,£0.57,(17.3p/100ml),drinks,soft_drink,2025-05-29
Fanta Orange 18 x 330ml,£6.18,(10.4p/100ml),drinks,soft_drink,2025-05-29
George Home Strawberry Hiball,£1.00,(£1.00/each),drinks,soft_drink,2025-05-29
IRN-BRU Soft Drink,£8.32,(10.5p/100ml),drinks,soft_drink,2025-05-29
George Home 4 x Pint Glass Bundle,£2.40,null,drinks,soft_drink,2025-05-29
Rubicon Spring Black Cherry Raspberry Sparkling Spring Water Drink,£1.18,(7.9p/100ml),drinks,soft_drink,2025-05-29
George Home Leafy Textured Hi-Ball Glass,£2.00,(£2.00/each),drinks,soft_drink,2025-05-29
Disney Nightmare Before Christmas Canister,£6.00,(£3.00/each),drinks,soft_drink,2025-05-29
Old Jamaica Diet Ginger Beer,£0.58,(17.6p/100ml),drinks,soft_drink,2025-05-29
Shloer Rose Sparkling Grape Juice Drink,£1.24,(16.5p/100ml),drinks,soft_drink,2025-05-29
San Pellegrino Sparkling Orange Cans,£3.98,(20.1p/100ml),drinks,soft_drink,2025-05-29
Radnor Fizz Apple No Added Sugar Bottles,£1.98,(15.0p/100ml),drinks,soft_drink,2025-05-29
Sprite Zero Sugar 8 x 330ml,£3.48,(13.2p/100ml),drinks,soft_drink,2025-05-29
George Home Nightmare Before Christmas Mason Jar,£3.00,(£3.00/each),drinks,soft_drink,2025-05-29
Old Jamaica Ginger Beer,£0.58,(17.6p/100ml),drinks,soft_drink,2025-05-29
Appletiser Sparkling Apple Juice 150ml,£0.60,(40.0p/100ml),drinks,soft_drink,2025-05-29
George Home Grey Bubble Hiball,£2.50,(£2.50/each),drinks,soft_drink,2025-05-29
George Home Pink Ombre Hi-Ball Glass,£2.50,(£2.50/each),drinks,soft_drink,2025-05-29
Tropical Sun American Style Root Beer,£0.85,(25.8p/100ml),drinks,soft_drink,2025-05-29
George Home Green Stem Tumbler,£2.50,(£2.50/each),drinks,soft_drink,2025-05-29
George Home Soda Glass,£0.60,(60.0p/each),drinks,soft_drink,2025-05-29
Appletiser Sparkling Apple Juice 6 x 250ml,£3.48,(23.2p/100ml),drinks,soft_drink,2025-05-29
San Pellegrino Sparkling Blood Orange Cans,£3.98,(20.1p/100ml),drinks,soft_drink,2025-05-29
Rubicon Sparkling Passion Fruit Juice Soft Drink,£0.57,(17.3p/100ml),drinks,soft_drink,2025-05-29
George Home Timeless Glass Tumbler,£2.00,(£2.00/each),drinks,soft_drink,2025-05-29
George Home Palm Tree Hiball,£1.00,(£1.00/each),drinks,soft_drink,2025-05-29
George Home Avengers Hiball,£1.50,(£1.50/each),drinks,soft_drink,2025-05-29
Fanta Fruit Twist 150ml,£0.60,(40.0p/100ml),drinks,soft_drink,2025-05-29
J2O Spritz Pear & Raspberry Sparkling Juice Drink,£1.74,(23.2p/100ml),drinks,soft_drink,2025-05-29
George Home Mason Jar,£1.00,(£1.00/each),drinks,soft_drink,2025-05-29
Pepsi Max No Sugar Mango 24 x 330ml,£11.48,(14.5p/100ml),drinks,soft_drink,2025-05-29
Shloer Pink Bubbly Non Alcoholic Sparkling Juice Drink,£3.58,(47.7p/100ml),drinks,soft_drink,2025-05-29
George Home Timeless Coupe Glass,£2.00,(£2.00/each),drinks,soft_drink,2025-05-29
Fanta Lemon 150ml,£0.60,(40.0p/100ml),drinks,soft_drink,2025-05-29
George Home Clear Rib Mixer 2pk,£6.00,(£3.00/each),drinks,soft_drink,2025-05-29
George Home Ribbed Hiball 2 Pack,£6.00,(£3.00/each),drinks,soft_drink,2025-05-29
Appletiser Sparkling Apple Juice 750ml,£2.38,(31.7p/100ml),drinks,soft_drink,2025-05-29
Coca-Cola Original Taste 4 x 250ml,£5.08,(50.8p/100ml),drinks,soft_drink,2025-05-29
Pepsi Max Cans,£11.48,(14.5p/100ml),drinks,soft_drink,2025-05-29
Pepsi Max Cherry Cola,£11.48,(14.5p/100ml),drinks,soft_drink,2025-05-29
Coca-Cola Original Taste 24 x 330ml,£12.48,(15.8p/100ml),drinks,soft_drink,2025-05-29
Pepsi Diet Cans,£11.48,(14.5p/100ml),drinks,soft_drink,2025-05-29
IRN-BRU Xtra Sugar Free Soft Drink,£8.32,(10.5p/100ml),drinks,soft_drink,2025-05-29
IRN-BRU Sugar Free Soft Drink,£8.32,(10.5p/100ml),drinks,soft_drink,2025-05-29
Coca-Cola Zero Sugar 24 x 330ml,£7.58,(9.6p/100ml),drinks,soft_drink,2025-05-29
Rubicon Sparkling Mango 8 x 330ml,£2.98,(11.3p/100ml),drinks,soft_drink,2025-05-29
Niru Sparkling Passion Fruit,£1.65,(8.2p/100ml),drinks,soft_drink,2025-05-29
Tango Orange Cans,£8.32,(10.5p/100ml),drinks,soft_drink,2025-05-29
Niru Sparkling Mango 2L,£1.65,(8.2p/100ml),drinks,soft_drink,2025-05-29
Tango Apple Sugar Free,£8.32,(10.5p/100ml),drinks,soft_drink,2025-05-29
Tango Orange,£1.44,(7.2p/100ml),drinks,soft_drink,2025-05-29
Tango Orange Cans,£3.34,(12.7p/100ml),drinks,soft_drink,2025-05-29
Niru Sparkling Tropical,£1.65,(8.2p/100ml),drinks,soft_drink,2025-05-29
Niru Sparkling Pineapple,£1.65,(8.2p/100ml),drinks,soft_drink,2025-05-29
Tango Sugar Free Cherry 24 x 330ml (8.4kg),£8.32,(10.5p/100ml),drinks,soft_drink,2025-05-29
Tango Cherry Sugar Free 2 Litres,£1.44,(7.2p/100ml),drinks,soft_drink,2025-05-29
Tango Sugar Free Orange,£1.44,(7.2p/100ml),drinks,soft_drink,2025-05-29
KA Sparkling Black Grape Juice Soft Drink,£1.43,(7.1p/100ml),drinks,soft_drink,2025-05-29
Rubicon Sparkling Passion Juice Soft Drink,£6.87,(11.6p/100ml),drinks,soft_drink,2025-05-29
Shloer White Grape Sparkling Juice Drink,£1.24,(16.5p/100ml),drinks,soft_drink,2025-05-29
Rubicon Sparkling Mango Juice Soft Drink 18 x 330ml,£6.87,(11.6p/100ml),drinks,soft_drink,2025-05-29
Tango Orange,£1.44,(7.2p/100ml),drinks,soft_drink,2025-05-29
Fanta Raspberry Zero 500ml,£1.74,(34.8p/100ml),drinks,soft_drink,2025-05-29
Rubicon Sparkling Mango 8 x 330ml,£2.98,(11.3p/100ml),drinks,soft_drink,2025-05-29
Tango Apple Sugar Free,£8.32,(10.5p/100ml),drinks,soft_drink,2025-05-29
Tango Orange Cans,£8.32,(10.5p/100ml),drinks,soft_drink,2025-05-29
George Home Grey Ribbed Hi-Ball Glass - Set of 2,£6.00,(£3.00/each),drinks,soft_drink,2025-05-29
Ting Zesty Caribbean Fruit Fizz,£0.58,(17.6p/100ml),drinks,soft_drink,2025-05-29
7UP Zero Sugar,£1.74,(34.8p/100ml),drinks,soft_drink,2025-05-29
San Pellegrino Sparkling Lemon Cans,£3.98,(20.1p/100ml),drinks,soft_drink,2025-05-29
George Home Hiball Glasses,£4.50,(£1.12/each),drinks,soft_drink,2025-05-29
At Home with Stacey Solomon Hammered Hi-ball Glasses - Set of 2,£7.00,(£3.50/each),drinks,soft_drink,2025-05-29
George Home Blue Stacking Rib Hiball Glass,£2.50,(£2.50/each),drinks,soft_drink,2025-05-29
Niru Sparkling Tropical,£1.65,(8.2p/100ml),drinks,soft_drink,2025-05-29
George Home Grey Ribbed Tumbler Glass - Set of 2,£6.00,(£3.00/each),drinks,soft_drink,2025-05-29
Pepsi Strawberries 'N' Cream Flavour 8 x 330ml,£3.98,(15.1p/100ml),drinks,soft_drink,2025-05-29
IRN-BRU Sugar Free Soft Drink,£1.85,(9.2p/100ml),drinks,soft_drink,2025-05-29
7UP Zero Sugar 1.5 Litres,£1.98,(13.2p/100ml),drinks,soft_drink,2025-05-29
Rubicon Sparkling Lychee Juice Soft Drink,£0.57,(17.3p/100ml),drinks,soft_drink,2025-05-29
Dr Pepper 18 x 330ml,£6.18,(10.4p/100ml),drinks,soft_drink,2025-05-29
Dr Pepper Zero Cherry Crush 24 x 330ml,£8.32,(10.5p/100ml),drinks,soft_drink,2025-05-29
George Home Avengers Tumbler 4pk,£9.00,(£2.25/each),drinks,soft_drink,2025-05-29
IRN-BRU Sugar Free Soft Drink,£3.78,(14.3p/100ml),drinks,soft_drink,2025-05-29
Pepsi Treats Strawberries 'N' Cream Flavour Bottles 12 x 500ml,£1.64,(32.8p/100ml),drinks,soft_drink,2025-05-29
J2O Spritz Pear & Raspberry Sparkling Juice Drink,£1.74,(23.2p/100ml),drinks,soft_drink,2025-05-29
Tropical Sun American Style Root Beer,£0.85,(25.8p/100ml),drinks,soft_drink,2025-05-29
Appletiser Sparkling Apple Juice 6 x 250ml,£3.48,(23.2p/100ml),drinks,soft_drink,2025-05-29
San Pellegrino Sparkling Blood Orange Cans,£3.98,(20.1p/100ml),drinks,soft_drink,2025-05-29
Bigga Fruit Punch Flavour Soft Drink,£1.38,(23.0p/100ml),drinks,soft_drink,2025-05-29
Fanta Raspberry Zero Sugar 2L,£2.00,(10.0p/100ml),drinks,soft_drink,2025-05-29
George Home Large Hiball Glass,£0.60,(60.0p/each),drinks,soft_drink,2025-05-29
George Home Soda Glass,£0.60,(60.0p/each),drinks,soft_drink,2025-05-29
George Home Timeless Coupe Glass,£2.00,(£2.00/each),drinks,soft_drink,2025-05-29
Fanta Lemon 150ml,£0.60,(40.0p/100ml),drinks,soft_drink,2025-05-29
Pepsi Max No Sugar Mango 24 x 330ml,£11.48,(14.5p/100ml),drinks,soft_drink,2025-05-29
George Home Timeless Glass Tumbler,£2.00,(£2.00/each),drinks,soft_drink,2025-05-29
George Home Palm Tree Hiball,£1.00,(£1.00/each),drinks,soft_drink,2025-05-29
George Home Avengers Hiball,£1.50,(£1.50/each),drinks,soft_drink,2025-05-29
Shloer Pink Bubbly Non Alcoholic Sparkling Juice Drink,£3.58,(47.7p/100ml),drinks,soft_drink,2025-05-29
Rubicon Sparkling Passion Fruit Juice Soft Drink,£0.57,(17.3p/100ml),drinks,soft_drink,2025-05-29
Fanta Fruit Twist 150ml,£0.60,(40.0p/100ml),drinks,soft_drink,2025-05-29
KA Sparkling Black Grape Juice Soft Drink,£0.57,(17.3p/100ml),drinks,soft_drink,2025-05-29
George Home Green Stem Tumbler,£2.50,(£2.50/each),drinks,soft_drink,2025-05-29
George Home Mason Jar,£1.00,(£1.00/each),drinks,soft_drink,2025-05-29
J2O Pear & Raspberry Spritz,£2.76,(27.6p/100ml),drinks,soft_drink,2025-05-29
George Home Tumblers,£1.75,(29.2p/each),drinks,soft_drink,2025-05-29
At Home with Stacey Solomon Pink Hammered Hiball Glasses - Set of 2,£8.00,(£4.00/each),drinks,soft_drink,2025-05-29
Niru Sparkling Mango 2L,£1.65,(8.2p/100ml),drinks,soft_drink,2025-05-29
Pepsi Max Cans,£11.48,(14.5p/100ml),drinks,soft_drink,2025-05-29
Pepsi Max Cherry Cola,£11.48,(14.5p/100ml),drinks,soft_drink,2025-05-29
Coca-Cola Original Taste 24 x 330ml,£12.48,(15.8p/100ml),drinks,soft_drink,2025-05-29
Pepsi Diet Cans,£11.48,(14.5p/100ml),drinks,soft_drink,2025-05-29
IRN-BRU Xtra Sugar Free Soft Drink,£8.32,(10.5p/100ml),drinks,soft_drink,2025-05-29
IRN-BRU Sugar Free Soft Drink,£8.32,(10.5p/100ml),drinks,soft_drink,2025-05-29
Coca-Cola Zero Sugar 24 x 330ml,£7.58,(9.6p/100ml),drinks,soft_drink,2025-05-29
Rubicon Sparkling Mango 8 x 330ml,£2.98,(11.3p/100ml),drinks,soft_drink,2025-05-29
Niru Sparkling Passion Fruit,£1.65,(8.2p/100ml),drinks,soft_drink,2025-05-29
Tango Orange Cans,£8.32,(10.5p/100ml),drinks,soft_drink,2025-05-29
Niru Sparkling Mango 2L,£1.65,(8.2p/100ml),drinks,soft_drink,2025-05-29
Tango Apple Sugar Free,£8.32,(10.5p/100ml),drinks,soft_drink,2025-05-29
Tango Orange,£1.44,(7.2p/100ml),drinks,soft_drink,2025-05-29
Tango Orange Cans,£3.34,(12.7p/100ml),drinks,soft_drink,2025-05-29
Niru Sparkling Tropical,£1.65,(8.2p/100ml),drinks,soft_drink,2025-05-29
Niru Sparkling Pineapple,£1.65,(8.2p/100ml),drinks,soft_drink,2025-05-29
Tango Sugar Free Cherry 24 x 330ml (8.4kg),£8.32,(10.5p/100ml),drinks,soft_drink,2025-05-29
Tango Cherry Sugar Free 2 Litres,£1.44,(7.2p/100ml),drinks,soft_drink,2025-05-29
Tango Sugar Free Orange,£1.44,(7.2p/100ml),drinks,soft_drink,2025-05-29
KA Sparkling Black Grape Juice Soft Drink,£1.43,(7.1p/100ml),drinks,soft_drink,2025-05-29
Rubicon Sparkling Passion Juice Soft Drink,£6.87,(11.6p/100ml),drinks,soft_drink,2025-05-29
Shloer White Grape Sparkling Juice Drink,£1.24,(16.5p/100ml),drinks,soft_drink,2025-05-29
Rubicon Sparkling Mango Juice Soft Drink 18 x 330ml,£6.87,(11.6p/100ml),drinks,soft_drink,2025-05-29
Tango Orange,£1.44,(7.2p/100ml),drinks,soft_drink,2025-05-29
Fanta Raspberry Zero 500ml,£1.74,(34.8p/100ml),drinks,soft_drink,2025-05-29
Fanta Zero Sugar Fruit Twist 8 x 330ml,£3.48,(13.2p/100ml),drinks,soft_drink,2025-05-29
Fanta Orange Zero 8 x 330ml,£3.48,(13.2p/100ml),drinks,soft_drink,2025-05-29
Dr Pepper Zero 8 x 330ml,£3.48,(13.2p/100ml),drinks,soft_drink,2025-05-29
Diet Coke 18 x 330ml,£6.98,(11.8p/100ml),drinks,soft_drink,2025-05-29
Coca-Cola Zero Sugar 24 x 330ml,£7.58,(9.6p/100ml),drinks,soft_drink,2025-05-29
Sprite Zero Sugar 8 x 330ml,£3.48,(13.2p/100ml),drinks,soft_drink,2025-05-29
Pepsi Max 2 Litres,£1.98,(9.9p/100ml),drinks,soft_drink,2025-05-29
Pepsi Max Cans,£3.98,(15.1p/100ml),drinks,soft_drink,2025-05-29
Diet Coke 8 x 330ml,£4.25,(16.1p/100ml),drinks,soft_drink,2025-05-29
Coca-Cola Zero Sugar Cherry 8 x 330ml,£4.24,(16.1p/100ml),drinks,soft_drink,2025-05-29
Coca-Cola Zero Sugar 8 x 330ml,£4.24,(16.1p/100ml),drinks,soft_drink,2025-05-29
Diet Coke 2L,£1.98,(9.9p/100ml),drinks,soft_drink,2025-05-29
Pepsi Max Cans,£11.48,(14.5p/100ml),drinks,soft_drink,2025-05-29
Pepsi Max 1.25 Litres,£1.36,(10.9p/100ml),drinks,soft_drink,2025-05-29
Coca-Cola Original Taste 24 x 330ml,£12.48,(15.8p/100ml),drinks,soft_drink,2025-05-29
Diet Coke No Caffeine 8 x 330ml,£4.24,(16.1p/100ml),drinks,soft_drink,2025-05-29
Pepsi Diet Cans,£11.48,(14.5p/100ml),drinks,soft_drink,2025-05-29
Coca-Cola Zero Sugar 500ml,£1.84,(36.8p/100ml),drinks,soft_drink,2025-05-29
Coca-Cola Zero Sugar Zero Caffeine 8 x 330ml,£4.24,(16.1p/100ml),drinks,soft_drink,2025-05-29
Diet Coke 500ml,£1.84,(36.8p/100ml),drinks,soft_drink,2025-05-29
Tango Sugar Free Strawberry Smash 8 x 330ml,£3.98,(15.1p/100ml),drinks,soft_drink,2025-05-29
Dr Pepper Zero Cherry Crush 8 x 330ml,£3.48,(13.2p/100ml),drinks,soft_drink,2025-05-29
Fanta Orange Zero 24 x 330ml,£9.24,(11.7p/100ml),drinks,soft_drink,2025-05-29
Tango Apple Sugar Free Cans,£3.34,(12.7p/100ml),drinks,soft_drink,2025-05-29
Vimto Vimto Zero 8 x 330ml,£3.16,(12.0p/100ml),drinks,soft_drink,2025-05-29
Dr Pepper Zero Cherry Crush 2L,£1.44,(7.2p/100ml),drinks,soft_drink,2025-05-29
Fanta Raspberry 8 x 330ml,£3.48,(13.2p/100ml),drinks,soft_drink,2025-05-29
Pepsi Max Cherry Cans,£3.98,(15.1p/100ml),drinks,soft_drink,2025-05-29
Tango Sugar Free Orange,£1.44,(7.2p/100ml),drinks,soft_drink,2025-05-29
IRN-BRU Xtra Sugar Free Soft Drink,£8.32,(10.5p/100ml),drinks,soft_drink,2025-05-29
Tango Cherry Sugar Free 2 Litres,£1.44,(7.2p/100ml),drinks,soft_drink,2025-05-29
Dr Pepper Zero 24 x 330ml,£9.24,(11.7p/100ml),drinks,soft_drink,2025-05-29
Tango Sugar Free Strawberry Smash 2 Litres,£1.44,(7.2p/100ml),drinks,soft_drink,2025-05-29
Slush Puppie Fizzy Blue Raspberry Drink,£0.98,(4.9p/100ml),drinks,soft_drink,2025-05-29
Tango Sugar Free Orange Cans,£3.34,(12.7p/100ml),drinks,soft_drink,2025-05-29
Diet Coke 24 x 330ml,£11.98,(15.1p/100ml),drinks,soft_drink,2025-05-29
Pepsi Max Cans,£11.48,(14.5p/100ml),drinks,soft_drink,2025-05-29
Pepsi Max Cherry Cola,£11.48,(14.5p/100ml),drinks,soft_drink,2025-05-29
Coca-Cola Original Taste 24 x 330ml,£12.48,(15.8p/100ml),drinks,soft_drink,2025-05-29
Pepsi Diet Cans,£11.48,(14.5p/100ml),drinks,soft_drink,2025-05-29
IRN-BRU Xtra Sugar Free Soft Drink,£8.32,(10.5p/100ml),drinks,soft_drink,2025-05-29
IRN-BRU Sugar Free Soft Drink,£8.32,(10.5p/100ml),drinks,soft_drink,2025-05-29
Coca-Cola Zero Sugar 24 x 330ml,£7.58,(9.6p/100ml),drinks,soft_drink,2025-05-29
Coca-Cola Zero Sugar Zero Caffeine 2L,£1.88,(9.4p/100ml),drinks,soft_drink,2025-05-29
Fanta Raspberry Zero 500ml,£1.74,(34.8p/100ml),drinks,soft_drink,2025-05-29
Dr Pepper Zero 8 x 330ml,£3.48,(13.2p/100ml),drinks,soft_drink,2025-05-29
Dr Pepper Zero Cherry Crush 8 x 330ml,£3.48,(13.2p/100ml),drinks,soft_drink,2025-05-29
Coca-Cola Zero Sugar 150ml,£0.60,(40.0p/100ml),drinks,soft_drink,2025-05-29
Vimto Vimto Zero 8 x 330ml,£3.16,(12.0p/100ml),drinks,soft_drink,2025-05-29
Coca-Cola Zero Sugar Cherry 2 L,£1.88,(9.4p/100ml),drinks,soft_drink,2025-05-29
Pepsi Max Lime No Sugar Cola Cans,£3.98,(15.1p/100ml),drinks,soft_drink,2025-05-29
Slush Puppie Fizzy Blue Raspberry Drink,£0.98,(4.9p/100ml),drinks,soft_drink,2025-05-29
7UP Zero Sugar 24 Cans,£8.32,(10.5p/100ml),drinks,soft_drink,2025-05-29
Diet Coke 24 x 330ml,£11.98,(15.1p/100ml),drinks,soft_drink,2025-05-29
IRN-BRU Xtra Sugar Free Soft Drink,£3.78,(14.3p/100ml),drinks,soft_drink,2025-05-29
Tango Sugar Free Orange Cans,£3.34,(12.7p/100ml),drinks,soft_drink,2025-05-29
Schweppes Slimline Lemonade 2L,£1.38,(6.9p/100ml),drinks,soft_drink,2025-05-29
Coca-Cola Zero Sugar Lime 2L,£1.88,(9.4p/100ml),drinks,soft_drink,2025-05-29
Pepsi Max Lime No Sugar Cola Bottle,£1.98,(9.9p/100ml),drinks,soft_drink,2025-05-29
Pepsi Max Cherry Cola,£11.48,(14.5p/100ml),drinks,soft_drink,2025-05-29
IRN-BRU Xtra Sugar Free Soft Drink,£8.32,(10.5p/100ml),drinks,soft_drink,2025-05-29
Radnor Fizz Apple No Added Sugar Bottles,£1.98,(15.0p/100ml),drinks,soft_drink,2025-05-29
Pepsi Max Caffeine Free 24 x 330ml,£11.48,(14.5p/100ml),drinks,soft_drink,2025-05-29
George Home Linka Hiball,£1.50,(£1.50/each),drinks,soft_drink,2025-05-29
George Home Timeless Hiball,£2.00,(£2.00/each),drinks,soft_drink,2025-05-29
George Home Lemon Hiball,£1.00,(£1.00/each),drinks,soft_drink,2025-05-29
George Home Grey Palm Tumbler,£2.00,(£2.00/each),drinks,soft_drink,2025-05-29
George Home Plastic Lustre Straw Tumbler (Colour May Vary),£5.00,(£5.00/each),drinks,soft_drink,2025-05-29
George Home Stem Beer Glass - Set of 2,£3.50,(£1.75/each),drinks,soft_drink,2025-05-29
George Home Gold Metallic Tumbler,£2.50,(£2.50/each),drinks,soft_drink,2025-05-29
Coca-Cola Zero Sugar Zero Caffeine 2L,£1.88,(9.4p/100ml),drinks,soft_drink,2025-05-29
Pepsi Max No Caffeine,£1.98,(9.9p/100ml),drinks,soft_drink,2025-05-29
Fanta Raspberry Zero 500ml,£1.74,(34.8p/100ml),drinks,soft_drink,2025-05-29
George Home Feature Hiball Glass,£0.60,(60.0p/each),drinks,soft_drink,2025-05-29
George Home Blue Ombre Tumbler,£2.50,(£2.50/each),drinks,soft_drink,2025-05-29
George Home Tumblers,£1.25,(31.2p/each),drinks,soft_drink,2025-05-29
George Home Clear Pint Glass,£0.60,(60.0p/each),drinks,soft_drink,2025-05-29
Diet Coke 1.25L,£1.24,(9.9p/100ml),drinks,soft_drink,2025-05-29
George Home Green Stacking Rib Hiball Glass,£2.50,(£2.50/each),drinks,soft_drink,2025-05-29
Pepsi Max No Sugar Cola Bottle,£1.64,(32.8p/100ml),drinks,soft_drink,2025-05-29
George Home Spiderman Mason Jar,£3.00,(£3.00/each),drinks,soft_drink,2025-05-29
Tango Sugar Free Strawberry Smash 500ml,£1.64,(32.8p/100ml),drinks,soft_drink,2025-05-29
Pepsi Diet,£1.98,(9.9p/100ml),drinks,soft_drink,2025-05-29
Coca-Cola Zero Sugar Lime 8 x 330ml,£4.24,(16.1p/100ml),drinks,soft_drink,2025-05-29
George Home Elysia Hiball,£2.00,(£2.00/each),drinks,soft_drink,2025-05-29
Coca-Cola Zero Sugar Cherry 24 x 330ml,£9.24,(11.7p/100ml),drinks,soft_drink,2025-05-29
George Home Green Scallop Hiball Glass,£2.50,(£2.50/each),drinks,soft_drink,2025-05-29
George Home Nightmare Before Christmas Mason Jar,£3.00,(£3.00/each),drinks,soft_drink,2025-05-29
Diet Coke No Caffeine 2L,£1.98,(9.9p/100ml),drinks,soft_drink,2025-05-29
George Home Colour Block Kids Tumbler (Style May Vary),£1.50,(£1.50/each),drinks,soft_drink,2025-05-29
Pepsi Max Cherry 1.25 Litres,£1.36,(10.9p/100ml),drinks,soft_drink,2025-05-29
George Home Iridescent Ribbed Tumbler,£2.50,(£2.50/each),drinks,soft_drink,2025-05-29
Coca-Cola Zero Sugar Zero Caffeine 24 x 330ml,£9.24,(11.7p/100ml),drinks,soft_drink,2025-05-29
Sprite Zero Sugar 2L,£2.14,(10.7p/100ml),drinks,soft_drink,2025-05-29
Pepsi Max Cans,£11.48,(14.5p/100ml),drinks,soft_drink,2025-05-29
Pepsi Max Cherry Cola,£11.48,(14.5p/100ml),drinks,soft_drink,2025-05-29
Coca-Cola Original Taste 24 x 330ml,£12.48,(15.8p/100ml),drinks,soft_drink,2025-05-29
Pepsi Diet Cans,£11.48,(14.5p/100ml),drinks,soft_drink,2025-05-29
IRN-BRU Xtra Sugar Free Soft Drink,£8.32,(10.5p/100ml),drinks,soft_drink,2025-05-29
IRN-BRU Sugar Free Soft Drink,£8.32,(10.5p/100ml),drinks,soft_drink,2025-05-29
Coca-Cola Zero Sugar 24 x 330ml,£7.58,(9.6p/100ml),drinks,soft_drink,2025-05-29
Coca-Cola Zero Sugar Zero Caffeine 2L,£1.88,(9.4p/100ml),drinks,soft_drink,2025-05-29
Fanta Raspberry Zero 500ml,£1.74,(34.8p/100ml),drinks,soft_drink,2025-05-29
Dr Pepper Zero 8 x 330ml,£3.48,(13.2p/100ml),drinks,soft_drink,2025-05-29
Dr Pepper Zero Cherry Crush 8 x 330ml,£3.48,(13.2p/100ml),drinks,soft_drink,2025-05-29
Coca-Cola Zero Sugar 150ml,£0.60,(40.0p/100ml),drinks,soft_drink,2025-05-29
Vimto Vimto Zero 8 x 330ml,£3.16,(12.0p/100ml),drinks,soft_drink,2025-05-29
George Home Clear Pint Glass,£0.60,(60.0p/each),drinks,soft_drink,2025-05-29
George Home Tumblers,£1.75,(29.2p/each),drinks,soft_drink,2025-05-29
At Home with Stacey Solomon Pink Hammered Hiball Glasses - Set of 2,£8.00,(£4.00/each),drinks,soft_drink,2025-05-29
George Home Avengers Tumbler 4pk,£9.00,(£2.25/each),drinks,soft_drink,2025-05-29
Diet Coke 150ml,£0.60,(40.0p/100ml),drinks,soft_drink,2025-05-29
George Home 40oz Tumbler with Straw and Handle,£8.00,(£8.00/each),drinks,soft_drink,2025-05-29
7UP Zero Sugar,£1.74,(34.8p/100ml),drinks,soft_drink,2025-05-29
George Home Grey Ribbed Tumbler Glass - Set of 2,£6.00,(£3.00/each),drinks,soft_drink,2025-05-29
George Home Stainless Steel Cups/Tumblers,£1.50,(75.0p/each),drinks,soft_drink,2025-05-29
Coca-Cola Original Taste 4 x 250ml,£5.08,(50.8p/100ml),drinks,soft_drink,2025-05-29
George Home Colour Block Kids Tumbler (Style May Vary),£1.50,(£1.50/each),drinks,soft_drink,2025-05-29
George Home Green Scallop Hiball Glass,£2.50,(£2.50/each),drinks,soft_drink,2025-05-29
George Home Red Strawberry Mason Jar,£2.50,(£2.50/each),drinks,soft_drink,2025-05-29
Coca-Cola Zero Sugar Zero Caffeine 24 x 330ml,£9.24,(11.7p/100ml),drinks,soft_drink,2025-05-29
George Home Grey Bubble Tumbler,£2.50,(£2.50/each),drinks,soft_drink,2025-05-29
George Home Clear Can Glass,£2.00,(£2.00/each),drinks,soft_drink,2025-05-29
Radnor Fizz Tropical No Added Sugar Bottles,£1.98,(15.0p/100ml),drinks,soft_drink,2025-05-29
IRN-BRU Sugar Free Soft Drink,£8.32,(10.5p/100ml),drinks,soft_drink,2025-05-29
Tango Strawberry Smash Sugar Free Cans 24 x 330ml,£8.32,(10.5p/100ml),drinks,soft_drink,2025-05-29
George Home Allerga Hiball,£1.50,(£1.50/each),drinks,soft_drink,2025-05-29
Pepsi Max Lime No Sugar Cola Cans,£11.48,(14.5p/100ml),drinks,soft_drink,2025-05-29
Tango Sugar Free Strawberry Smash 500ml,£1.64,(32.8p/100ml),drinks,soft_drink,2025-05-29
Pepsi Diet,£1.98,(9.9p/100ml),drinks,soft_drink,2025-05-29
George Home 4 Pack Basic Glasses 270ml,£1.40,(35.0p/each),drinks,soft_drink,2025-05-29
Pepsi Max Drinks Bundle 72 Cans,£34.44,null,drinks,soft_drink,2025-05-29
George Home Grey Bubble Hiball,£2.50,(£2.50/each),drinks,soft_drink,2025-05-29
George Home Pink Ombre Hi-Ball Glass,£2.50,(£2.50/each),drinks,soft_drink,2025-05-29
Old Jamaica Diet Ginger Beer,£0.58,(17.6p/100ml),drinks,soft_drink,2025-05-29
Disney Nightmare Before Christmas Canister,£6.00,(£3.00/each),drinks,soft_drink,2025-05-29
Coca-Cola Zero Sugar 150ml,£0.60,(40.0p/100ml),drinks,soft_drink,2025-05-29
Coca-Cola Classic 500ml,£1.94,(38.8p/100ml),drinks,soft_drink,2025-05-29
George Home Purple Stacking Rib Hiball Glass,£2.50,(£2.50/each),drinks,soft_drink,2025-05-29
George Home GH TUMBLERS,£7.18,(£1.79/each),drinks,soft_drink,2025-05-29
George Home Disney Stitch Fruit Tumbler (style may vary),£7.03,(£1.76/each),drinks,soft_drink,2025-05-29
George Home Strawberry Hiball,£1.00,(£1.00/each),drinks,soft_drink,2025-05-29
George Home Leafy Textured Glass Tumbler,£2.00,(£2.00/each),drinks,soft_drink,2025-05-29
George Home Nightmare Before Christmas Mason Jar,£3.00,(£3.00/each),drinks,soft_drink,2025-05-29
Diet Coke No Caffeine 2L,£1.98,(9.9p/100ml),drinks,soft_drink,2025-05-29
Coca-Cola Zero Sugar Lime 8 x 330ml,£4.24,(16.1p/100ml),drinks,soft_drink,2025-05-29
George Home Leafy Textured Hi-Ball Glass,£2.00,(£2.00/each),drinks,soft_drink,2025-05-29
George Home Disney Stitch Fruit Canister,£4.52,(£2.26/each),drinks,soft_drink,2025-05-29
Stacey Solomon Dimple Glass,£10.00,(£2.50/each),drinks,soft_drink,2025-05-29
George Home 4 x Pint Glass Bundle,£2.40,null,drinks,soft_drink,2025-05-29
Coca-Cola Zero Sugar 18 x 330ml,£9.24,(15.6p/100ml),drinks,soft_drink,2025-05-29
George Home Timeless Coupe Glass,£2.00,(£2.00/each),drinks,soft_drink,2025-05-29
Pepsi Max No Caffeine,£3.98,(15.1p/100ml),drinks,soft_drink,2025-05-29
Pepsi Max Cans,£11.48,(14.5p/100ml),drinks,soft_drink,2025-05-29
Pepsi Max Cherry Cola,£11.48,(14.5p/100ml),drinks,soft_drink,2025-05-29
Coca-Cola Original Taste 24 x 330ml,£12.48,(15.8p/100ml),drinks,soft_drink,2025-05-29
Pepsi Diet Cans,£11.48,(14.5p/100ml),drinks,soft_drink,2025-05-29
IRN-BRU Xtra Sugar Free Soft Drink,£8.32,(10.5p/100ml),drinks,soft_drink,2025-05-29
IRN-BRU Sugar Free Soft Drink,£8.32,(10.5p/100ml),drinks,soft_drink,2025-05-29
Coca-Cola Zero Sugar 24 x 330ml,£7.58,(9.6p/100ml),drinks,soft_drink,2025-05-29
Coca-Cola Zero Sugar Zero Caffeine 2L,£1.88,(9.4p/100ml),drinks,soft_drink,2025-05-29
Fanta Raspberry Zero 500ml,£1.74,(34.8p/100ml),drinks,soft_drink,2025-05-29
Dr Pepper Zero 8 x 330ml,£3.48,(13.2p/100ml),drinks,soft_drink,2025-05-29
Dr Pepper Zero Cherry Crush 8 x 330ml,£3.48,(13.2p/100ml),drinks,soft_drink,2025-05-29
Coca-Cola Zero Sugar 150ml,£0.60,(40.0p/100ml),drinks,soft_drink,2025-05-29
Vimto Vimto Zero 8 x 330ml,£3.16,(12.0p/100ml),drinks,soft_drink,2025-05-29
Pepsi Max Lime No Sugar Cola Cans,£11.48,(14.5p/100ml),drinks,soft_drink,2025-05-29
George Home Clear Can Glass,£2.00,(£2.00/each),drinks,soft_drink,2025-05-29
Diet Coke 150ml,£0.60,(40.0p/100ml),drinks,soft_drink,2025-05-29
George Home Grey Bubble Tumbler,£2.50,(£2.50/each),drinks,soft_drink,2025-05-29
7UP Zero Sugar,£1.74,(34.8p/100ml),drinks,soft_drink,2025-05-29
George Home 40oz Tumbler with Straw and Handle,£8.00,(£8.00/each),drinks,soft_drink,2025-05-29
Pepsi Max Lime No Sugar Cola Bottle,£1.36,(10.9p/100ml),drinks,soft_drink,2025-05-29
Dr Pepper Zero Cherry Crush 500ml,£1.74,(34.8p/100ml),drinks,soft_drink,2025-05-29
IRN-BRU Sugar Free Soft Drink,£8.32,(10.5p/100ml),drinks,soft_drink,2025-05-29
Radnor Fizz Tropical No Added Sugar Bottles,£1.98,(15.0p/100ml),drinks,soft_drink,2025-05-29
IRN-BRU Sugar Free Soft Drink,£3.78,(14.3p/100ml),drinks,soft_drink,2025-05-29
George Home 4 x Large Hiball Glass Bundle,£2.40,null,drinks,soft_drink,2025-05-29
At Home with Stacey Solomon Hammered Hi-ball Glasses - Set of 2,£7.00,(£3.50/each),drinks,soft_drink,2025-05-29
George Home Blue Stacking Rib Hiball Glass,£2.50,(£2.50/each),drinks,soft_drink,2025-05-29
George Home Large Hiball Glass,£0.60,(60.0p/each),drinks,soft_drink,2025-05-29
Schweppes Mixers Bundle,£4.94,null,drinks,soft_drink,2025-05-29
George Home Grey Ribbed Hi-Ball Glass - Set of 2,£6.00,(£3.00/each),drinks,soft_drink,2025-05-29
George Home Grey Ribbed Tumbler Glass - Set of 2,£6.00,(£3.00/each),drinks,soft_drink,2025-05-29
George Home Avengers Tumbler 4pk,£9.00,(£2.25/each),drinks,soft_drink,2025-05-29
George Home Tumblers,£1.75,(29.2p/each),drinks,soft_drink,2025-05-29
At Home with Stacey Solomon Pink Hammered Hiball Glasses - Set of 2,£8.00,(£4.00/each),drinks,soft_drink,2025-05-29
ASDA Diet Tropical Crush 2 Litres,£0.82,(4.1p/100ml),drinks,soft_drink,2025-05-29
ASDA Diet Orange Crush 2 Litres,£0.82,(4.1p/100ml),drinks,soft_drink,2025-05-29
ASDA ASDA CHERRYADE,£0.82,(4.1p/100ml),drinks,soft_drink,2025-05-29
ASDA Tropical Crush Zero Cans,£1.99,(10.1p/100ml),drinks,soft_drink,2025-05-29
ASDA Diet Iron Brew 2 Litres,£0.80,(4.0p/100ml),drinks,soft_drink,2025-05-29
ASDA Cherry Cola Zero,£0.49,(2.5p/100ml),drinks,soft_drink,2025-05-29
ASDA Diet Lemonade 2 Litres,£0.60,(3.0p/100ml),drinks,soft_drink,2025-05-29
ASDA Diet Cloudy Lemonade 2 Litres,£0.82,(4.1p/100ml),drinks,soft_drink,2025-05-29
ASDA Cola Zero,£0.49,(2.5p/100ml),drinks,soft_drink,2025-05-29
ASDA Diet Lemon & Lime 2 Litres,£0.82,(4.1p/100ml),drinks,soft_drink,2025-05-29
ASDA Diet Lemonade 6 x 330ml,£1.45,(7.3p/100ml),drinks,soft_drink,2025-05-29
ASDA Diet Cola 2 Litres,£0.49,(2.5p/100ml),drinks,soft_drink,2025-05-29
Pepsi Max Cans,£11.48,(14.5p/100ml),drinks,soft_drink,2025-05-29
Pepsi Max Cherry Cola,£11.48,(14.5p/100ml),drinks,soft_drink,2025-05-29
Coca-Cola Original Taste 24 x 330ml,£12.48,(15.8p/100ml),drinks,soft_drink,2025-05-29
Pepsi Diet Cans,£11.48,(14.5p/100ml),drinks,soft_drink,2025-05-29
IRN-BRU Xtra Sugar Free Soft Drink,£8.32,(10.5p/100ml),drinks,soft_drink,2025-05-29
IRN-BRU Sugar Free Soft Drink,£8.32,(10.5p/100ml),drinks,soft_drink,2025-05-29
Coca-Cola Zero Sugar 24 x 330ml,£7.58,(9.6p/100ml),drinks,soft_drink,2025-05-29
Coca-Cola Zero Sugar Zero Caffeine 2L,£1.88,(9.4p/100ml),drinks,soft_drink,2025-05-29
Fanta Raspberry Zero 500ml,£1.74,(34.8p/100ml),drinks,soft_drink,2025-05-29
Dr Pepper Zero 8 x 330ml,£3.48,(13.2p/100ml),drinks,soft_drink,2025-05-29
Dr Pepper Zero Cherry Crush 8 x 330ml,£3.48,(13.2p/100ml),drinks,soft_drink,2025-05-29
Coca-Cola Zero Sugar 150ml,£0.60,(40.0p/100ml),drinks,soft_drink,2025-05-29
Vimto Vimto Zero 8 x 330ml,£3.16,(12.0p/100ml),drinks,soft_drink,2025-05-29
Fanta Zero Sugar Fruit Twist 8 x 330ml,£3.48,(13.2p/100ml),drinks,soft_drink,2025-05-29
Fanta Orange Zero 8 x 330ml,£3.48,(13.2p/100ml),drinks,soft_drink,2025-05-29
Dr Pepper Zero 8 x 330ml,£3.48,(13.2p/100ml),drinks,soft_drink,2025-05-29
Diet Coke 18 x 330ml,£6.98,(11.8p/100ml),drinks,soft_drink,2025-05-29
Coca-Cola Zero Sugar 24 x 330ml,£7.58,(9.6p/100ml),drinks,soft_drink,2025-05-29
Sprite Zero Sugar 8 x 330ml,£3.48,(13.2p/100ml),drinks,soft_drink,2025-05-29
Pepsi Max 2 Litres,£1.98,(9.9p/100ml),drinks,soft_drink,2025-05-29
Pepsi Max Cans,£3.98,(15.1p/100ml),drinks,soft_drink,2025-05-29
Diet Coke 8 x 330ml,£4.25,(16.1p/100ml),drinks,soft_drink,2025-05-29
Coca-Cola Zero Sugar Cherry 8 x 330ml,£4.24,(16.1p/100ml),drinks,soft_drink,2025-05-29
Coca-Cola Zero Sugar 8 x 330ml,£4.24,(16.1p/100ml),drinks,soft_drink,2025-05-29
Diet Coke 2L,£1.98,(9.9p/100ml),drinks,soft_drink,2025-05-29
Pepsi Max Cans,£11.48,(14.5p/100ml),drinks,soft_drink,2025-05-29
Pepsi Max 1.25 Litres,£1.36,(10.9p/100ml),drinks,soft_drink,2025-05-29
Coca-Cola Original Taste 24 x 330ml,£12.48,(15.8p/100ml),drinks,soft_drink,2025-05-29
Diet Coke No Caffeine 8 x 330ml,£4.24,(16.1p/100ml),drinks,soft_drink,2025-05-29
Pepsi Diet Cans,£11.48,(14.5p/100ml),drinks,soft_drink,2025-05-29
Coca-Cola Zero Sugar 500ml,£1.84,(36.8p/100ml),drinks,soft_drink,2025-05-29
Coca-Cola Zero Sugar Zero Caffeine 8 x 330ml,£4.24,(16.1p/100ml),drinks,soft_drink,2025-05-29
Diet Coke 500ml,£1.84,(36.8p/100ml),drinks,soft_drink,2025-05-29
Tango Sugar Free Strawberry Smash 8 x 330ml,£3.98,(15.1p/100ml),drinks,soft_drink,2025-05-29
Dr Pepper Zero Cherry Crush 8 x 330ml,£3.48,(13.2p/100ml),drinks,soft_drink,2025-05-29
Fanta Orange Zero 24 x 330ml,£9.24,(11.7p/100ml),drinks,soft_drink,2025-05-29
Tango Apple Sugar Free Cans,£3.34,(12.7p/100ml),drinks,soft_drink,2025-05-29
Vimto Vimto Zero 8 x 330ml,£3.16,(12.0p/100ml),drinks,soft_drink,2025-05-29
Dr Pepper Zero Cherry Crush 2L,£1.44,(7.2p/100ml),drinks,soft_drink,2025-05-29
Fanta Raspberry 8 x 330ml,£3.48,(13.2p/100ml),drinks,soft_drink,2025-05-29
Pepsi Max Cherry Cans,£3.98,(15.1p/100ml),drinks,soft_drink,2025-05-29
Tango Sugar Free Orange,£1.44,(7.2p/100ml),drinks,soft_drink,2025-05-29
IRN-BRU Xtra Sugar Free Soft Drink,£8.32,(10.5p/100ml),drinks,soft_drink,2025-05-29
Tango Cherry Sugar Free 2 Litres,£1.44,(7.2p/100ml),drinks,soft_drink,2025-05-29
Dr Pepper Zero 24 x 330ml,£9.24,(11.7p/100ml),drinks,soft_drink,2025-05-29
Tango Sugar Free Strawberry Smash 2 Litres,£1.44,(7.2p/100ml),drinks,soft_drink,2025-05-29
Slush Puppie Fizzy Blue Raspberry Drink,£0.98,(4.9p/100ml),drinks,soft_drink,2025-05-29
Tango Sugar Free Orange Cans,£3.34,(12.7p/100ml),drinks,soft_drink,2025-05-29
Diet Coke 24 x 330ml,£11.98,(15.1p/100ml),drinks,soft_drink,2025-05-29
,,,drinks,soft_drink,2025-05-29
,,,drinks,soft_drink,2025-05-29
,,,drinks,soft_drink,2025-05-29
,,,drinks,soft_drink,2025-05-29
,,,drinks,soft_drink,2025-05-29
,,,drinks,soft_drink,2025-05-29
,,,drinks,soft_drink,2025-05-29
,,,drinks,soft_drink,2025-05-29
,,,drinks,soft_drink,2025-05-29
,,,drinks,soft_drink,2025-05-29
,,,drinks,soft_drink,2025-05-29
,,,drinks,soft_drink,2025-05-29
,,,drinks,soft_drink,2025-05-29
Coca-Cola Zero Sugar Cherry 2 L,£1.88,(9.4p/100ml),drinks,soft_drink,2025-05-29
Pepsi Max Lime No Sugar Cola Cans,£3.98,(15.1p/100ml),drinks,soft_drink,2025-05-29
Slush Puppie Fizzy Blue Raspberry Drink,£0.98,(4.9p/100ml),drinks,soft_drink,2025-05-29
7UP Zero Sugar 24 Cans,£8.32,(10.5p/100ml),drinks,soft_drink,2025-05-29
Diet Coke 24 x 330ml,£11.98,(15.1p/100ml),drinks,soft_drink,2025-05-29
IRN-BRU Xtra Sugar Free Soft Drink,£3.78,(14.3p/100ml),drinks,soft_drink,2025-05-29
Tango Sugar Free Orange Cans,£3.34,(12.7p/100ml),drinks,soft_drink,2025-05-29
Schweppes Slimline Lemonade 2L,£1.38,(6.9p/100ml),drinks,soft_drink,2025-05-29
Coca-Cola Zero Sugar Lime 2L,£1.88,(9.4p/100ml),drinks,soft_drink,2025-05-29
Pepsi Max Lime No Sugar Cola Bottle,£1.98,(9.9p/100ml),drinks,soft_drink,2025-05-29
Pepsi Max Cherry Cola,£11.48,(14.5p/100ml),drinks,soft_drink,2025-05-29
IRN-BRU Xtra Sugar Free Soft Drink,£8.32,(10.5p/100ml),drinks,soft_drink,2025-05-29
Radnor Fizz Apple No Added Sugar Bottles,£1.98,(15.0p/100ml),drinks,soft_drink,2025-05-29
Pepsi Max Caffeine Free 24 x 330ml,£11.48,(14.5p/100ml),drinks,soft_drink,2025-05-29
George Home Linka Hiball,£1.50,(£1.50/each),drinks,soft_drink,2025-05-29
George Home Timeless Hiball,£2.00,(£2.00/each),drinks,soft_drink,2025-05-29
George Home Lemon Hiball,£1.00,(£1.00/each),drinks,soft_drink,2025-05-29
George Home Grey Palm Tumbler,£2.00,(£2.00/each),drinks,soft_drink,2025-05-29
George Home Plastic Lustre Straw Tumbler (Colour May Vary),£5.00,(£5.00/each),drinks,soft_drink,2025-05-29
George Home Stem Beer Glass - Set of 2,£3.50,(£1.75/each),drinks,soft_drink,2025-05-29
George Home Gold Metallic Tumbler,£2.50,(£2.50/each),drinks,soft_drink,2025-05-29
Coca-Cola Zero Sugar Zero Caffeine 2L,£1.88,(9.4p/100ml),drinks,soft_drink,2025-05-29
Pepsi Max No Caffeine,£1.98,(9.9p/100ml),drinks,soft_drink,2025-05-29
Fanta Raspberry Zero 500ml,£1.74,(34.8p/100ml),drinks,soft_drink,2025-05-29
George Home Feature Hiball Glass,£0.60,(60.0p/each),drinks,soft_drink,2025-05-29
George Home Blue Ombre Tumbler,£2.50,(£2.50/each),drinks,soft_drink,2025-05-29
George Home Tumblers,£1.25,(31.2p/each),drinks,soft_drink,2025-05-29
George Home Clear Pint Glass,£0.60,(60.0p/each),drinks,soft_drink,2025-05-29
Diet Coke 1.25L,£1.24,(9.9p/100ml),drinks,soft_drink,2025-05-29
George Home Green Stacking Rib Hiball Glass,£2.50,(£2.50/each),drinks,soft_drink,2025-05-29
Pepsi Max No Sugar Cola Bottle,£1.64,(32.8p/100ml),drinks,soft_drink,2025-05-29
George Home Spiderman Mason Jar,£3.00,(£3.00/each),drinks,soft_drink,2025-05-29
Tango Sugar Free Strawberry Smash 500ml,£1.64,(32.8p/100ml),drinks,soft_drink,2025-05-29
Pepsi Diet,£1.98,(9.9p/100ml),drinks,soft_drink,2025-05-29
Coca-Cola Zero Sugar Lime 8 x 330ml,£4.24,(16.1p/100ml),drinks,soft_drink,2025-05-29
George Home Elysia Hiball,£2.00,(£2.00/each),drinks,soft_drink,2025-05-29
Coca-Cola Zero Sugar Cherry 24 x 330ml,£9.24,(11.7p/100ml),drinks,soft_drink,2025-05-29
George Home Green Scallop Hiball Glass,£2.50,(£2.50/each),drinks,soft_drink,2025-05-29
George Home Nightmare Before Christmas Mason Jar,£3.00,(£3.00/each),drinks,soft_drink,2025-05-29
Diet Coke No Caffeine 2L,£1.98,(9.9p/100ml),drinks,soft_drink,2025-05-29
George Home Colour Block Kids Tumbler (Style May Vary),£1.50,(£1.50/each),drinks,soft_drink,2025-05-29
Pepsi Max Cherry 1.25 Litres,£1.36,(10.9p/100ml),drinks,soft_drink,2025-05-29
George Home Iridescent Ribbed Tumbler,£2.50,(£2.50/each),drinks,soft_drink,2025-05-29
Coca-Cola Zero Sugar Zero Caffeine 24 x 330ml,£9.24,(11.7p/100ml),drinks,soft_drink,2025-05-29
Sprite Zero Sugar 2L,£2.14,(10.7p/100ml),drinks,soft_drink,2025-05-29
Pepsi Max Cans,£11.48,(14.5p/100ml),drinks,soft_drink,2025-05-29
Pepsi Max Cherry Cola,£11.48,(14.5p/100ml),drinks,soft_drink,2025-05-29
Coca-Cola Original Taste 24 x 330ml,£12.48,(15.8p/100ml),drinks,soft_drink,2025-05-29
Pepsi Diet Cans,£11.48,(14.5p/100ml),drinks,soft_drink,2025-05-29
IRN-BRU Xtra Sugar Free Soft Drink,£8.32,(10.5p/100ml),drinks,soft_drink,2025-05-29
IRN-BRU Sugar Free Soft Drink,£8.32,(10.5p/100ml),drinks,soft_drink,2025-05-29
Coca-Cola Zero Sugar 24 x 330ml,£7.58,(9.6p/100ml),drinks,soft_drink,2025-05-29
,,,drinks,soft_drink,2025-05-29
,,,drinks,soft_drink,2025-05-29
,,,drinks,soft_drink,2025-05-29
,,,drinks,soft_drink,2025-05-29
,,,drinks,soft_drink,2025-05-29
,,,drinks,soft_drink,2025-05-29
George Home Clear Pint Glass,£0.60,(60.0p/each),drinks,soft_drink,2025-05-29
George Home Tumblers,£1.75,(29.2p/each),drinks,soft_drink,2025-05-29
At Home with Stacey Solomon Pink Hammered Hiball Glasses - Set of 2,£8.00,(£4.00/each),drinks,soft_drink,2025-05-29
George Home Avengers Tumbler 4pk,£9.00,(£2.25/each),drinks,soft_drink,2025-05-29
Diet Coke 150ml,£0.60,(40.0p/100ml),drinks,soft_drink,2025-05-29
George Home 40oz Tumbler with Straw and Handle,£8.00,(£8.00/each),drinks,soft_drink,2025-05-29
7UP Zero Sugar,£1.74,(34.8p/100ml),drinks,soft_drink,2025-05-29
George Home Grey Ribbed Tumbler Glass - Set of 2,£6.00,(£3.00/each),drinks,soft_drink,2025-05-29
George Home Stainless Steel Cups/Tumblers,£1.50,(75.0p/each),drinks,soft_drink,2025-05-29
Coca-Cola Original Taste 4 x 250ml,£5.08,(50.8p/100ml),drinks,soft_drink,2025-05-29
George Home Colour Block Kids Tumbler (Style May Vary),£1.50,(£1.50/each),drinks,soft_drink,2025-05-29
George Home Green Scallop Hiball Glass,£2.50,(£2.50/each),drinks,soft_drink,2025-05-29
George Home Red Strawberry Mason Jar,£2.50,(£2.50/each),drinks,soft_drink,2025-05-29
Coca-Cola Zero Sugar Zero Caffeine 24 x 330ml,£9.24,(11.7p/100ml),drinks,soft_drink,2025-05-29
George Home Grey Bubble Tumbler,£2.50,(£2.50/each),drinks,soft_drink,2025-05-29
George Home Clear Can Glass,£2.00,(£2.00/each),drinks,soft_drink,2025-05-29
Radnor Fizz Tropical No Added Sugar Bottles,£1.98,(15.0p/100ml),drinks,soft_drink,2025-05-29
IRN-BRU Sugar Free Soft Drink,£8.32,(10.5p/100ml),drinks,soft_drink,2025-05-29
Tango Strawberry Smash Sugar Free Cans 24 x 330ml,£8.32,(10.5p/100ml),drinks,soft_drink,2025-05-29
George Home Allerga Hiball,£1.50,(£1.50/each),drinks,soft_drink,2025-05-29
Pepsi Max Lime No Sugar Cola Cans,£11.48,(14.5p/100ml),drinks,soft_drink,2025-05-29
Tango Sugar Free Strawberry Smash 500ml,£1.64,(32.8p/100ml),drinks,soft_drink,2025-05-29
Pepsi Diet,£1.98,(9.9p/100ml),drinks,soft_drink,2025-05-29
George Home 4 Pack Basic Glasses 270ml,£1.40,(35.0p/each),drinks,soft_drink,2025-05-29
Pepsi Max Drinks Bundle 72 Cans,£34.44,null,drinks,soft_drink,2025-05-29
George Home Grey Bubble Hiball,£2.50,(£2.50/each),drinks,soft_drink,2025-05-29
George Home Pink Ombre Hi-Ball Glass,£2.50,(£2.50/each),drinks,soft_drink,2025-05-29
Old Jamaica Diet Ginger Beer,£0.58,(17.6p/100ml),drinks,soft_drink,2025-05-29
Disney Nightmare Before Christmas Canister,£6.00,(£3.00/each),drinks,soft_drink,2025-05-29
Coca-Cola Zero Sugar 150ml,£0.60,(40.0p/100ml),drinks,soft_drink,2025-05-29
Coca-Cola Classic 500ml,£1.94,(38.8p/100ml),drinks,soft_drink,2025-05-29
George Home Purple Stacking Rib Hiball Glass,£2.50,(£2.50/each),drinks,soft_drink,2025-05-29
George Home GH TUMBLERS,£7.18,(£1.79/each),drinks,soft_drink,2025-05-29
George Home Disney Stitch Fruit Tumbler (style may vary),£7.03,(£1.76/each),drinks,soft_drink,2025-05-29
George Home Strawberry Hiball,£1.00,(£1.00/each),drinks,soft_drink,2025-05-29
George Home Leafy Textured Glass Tumbler,£2.00,(£2.00/each),drinks,soft_drink,2025-05-29
George Home Nightmare Before Christmas Mason Jar,£3.00,(£3.00/each),drinks,soft_drink,2025-05-29
Diet Coke No Caffeine 2L,£1.98,(9.9p/100ml),drinks,soft_drink,2025-05-29
Coca-Cola Zero Sugar Lime 8 x 330ml,£4.24,(16.1p/100ml),drinks,soft_drink,2025-05-29
George Home Leafy Textured Hi-Ball Glass,£2.00,(£2.00/each),drinks,soft_drink,2025-05-29
George Home Disney Stitch Fruit Canister,£4.52,(£2.26/each),drinks,soft_drink,2025-05-29
Stacey Solomon Dimple Glass,£10.00,(£2.50/each),drinks,soft_drink,2025-05-29
George Home 4 x Pint Glass Bundle,£2.40,null,drinks,soft_drink,2025-05-29
Coca-Cola Zero Sugar 18 x 330ml,£9.24,(15.6p/100ml),drinks,soft_drink,2025-05-29
George Home Timeless Coupe Glass,£2.00,(£2.00/each),drinks,soft_drink,2025-05-29
Pepsi Max No Caffeine,£3.98,(15.1p/100ml),drinks,soft_drink,2025-05-29
Pepsi Max Cans,£11.48,(14.5p/100ml),drinks,soft_drink,2025-05-29
Pepsi Max Cherry Cola,£11.48,(14.5p/100ml),drinks,soft_drink,2025-05-29
Coca-Cola Original Taste 24 x 330ml,£12.48,(15.8p/100ml),drinks,soft_drink,2025-05-29
Pepsi Diet Cans,£11.48,(14.5p/100ml),drinks,soft_drink,2025-05-29
IRN-BRU Xtra Sugar Free Soft Drink,£8.32,(10.5p/100ml),drinks,soft_drink,2025-05-29
IRN-BRU Sugar Free Soft Drink,£8.32,(10.5p/100ml),drinks,soft_drink,2025-05-29
Coca-Cola Zero Sugar 24 x 330ml,£7.58,(9.6p/100ml),drinks,soft_drink,2025-05-29
Coca-Cola Zero Sugar Zero Caffeine 2L,£1.88,(9.4p/100ml),drinks,soft_drink,2025-05-29
Fanta Raspberry Zero 500ml,£1.74,(34.8p/100ml),drinks,soft_drink,2025-05-29
Dr Pepper Zero 8 x 330ml,£3.48,(13.2p/100ml),drinks,soft_drink,2025-05-29
Dr Pepper Zero Cherry Crush 8 x 330ml,£3.48,(13.2p/100ml),drinks,soft_drink,2025-05-29
Coca-Cola Zero Sugar 150ml,£0.60,(40.0p/100ml),drinks,soft_drink,2025-05-29
Vimto Vimto Zero 8 x 330ml,£3.16,(12.0p/100ml),drinks,soft_drink,2025-05-29
Pepsi Max Lime No Sugar Cola Cans,£11.48,(14.5p/100ml),drinks,soft_drink,2025-05-29
George Home Clear Can Glass,£2.00,(£2.00/each),drinks,soft_drink,2025-05-29
Diet Coke 150ml,£0.60,(40.0p/100ml),drinks,soft_drink,2025-05-29
George Home Grey Bubble Tumbler,£2.50,(£2.50/each),drinks,soft_drink,2025-05-29
7UP Zero Sugar,£1.74,(34.8p/100ml),drinks,soft_drink,2025-05-29
George Home 40oz Tumbler with Straw and Handle,£8.00,(£8.00/each),drinks,soft_drink,2025-05-29
Pepsi Max Lime No Sugar Cola Bottle,£1.36,(10.9p/100ml),drinks,soft_drink,2025-05-29
Dr Pepper Zero Cherry Crush 500ml,£1.74,(34.8p/100ml),drinks,soft_drink,2025-05-29
IRN-BRU Sugar Free Soft Drink,£8.32,(10.5p/100ml),drinks,soft_drink,2025-05-29
Radnor Fizz Tropical No Added Sugar Bottles,£1.98,(15.0p/100ml),drinks,soft_drink,2025-05-29
IRN-BRU Sugar Free Soft Drink,£3.78,(14.3p/100ml),drinks,soft_drink,2025-05-29
George Home 4 x Large Hiball Glass Bundle,£2.40,null,drinks,soft_drink,2025-05-29
At Home with Stacey Solomon Hammered Hi-ball Glasses - Set of 2,£7.00,(£3.50/each),drinks,soft_drink,2025-05-29
George Home Blue Stacking Rib Hiball Glass,£2.50,(£2.50/each),drinks,soft_drink,2025-05-29
George Home Large Hiball Glass,£0.60,(60.0p/each),drinks,soft_drink,2025-05-29
Schweppes Mixers Bundle,£4.94,null,drinks,soft_drink,2025-05-29
George Home Grey Ribbed Hi-Ball Glass - Set of 2,£6.00,(£3.00/each),drinks,soft_drink,2025-05-29
George Home Grey Ribbed Tumbler Glass - Set of 2,£6.00,(£3.00/each),drinks,soft_drink,2025-05-29
George Home Avengers Tumbler 4pk,£9.00,(£2.25/each),drinks,soft_drink,2025-05-29
George Home Tumblers,£1.75,(29.2p/each),drinks,soft_drink,2025-05-29
At Home with Stacey Solomon Pink Hammered Hiball Glasses - Set of 2,£8.00,(£4.00/each),drinks,soft_drink,2025-05-29
ASDA Diet Tropical Crush 2 Litres,£0.82,(4.1p/100ml),drinks,soft_drink,2025-05-29
ASDA Diet Orange Crush 2 Litres,£0.82,(4.1p/100ml),drinks,soft_drink,2025-05-29
ASDA ASDA CHERRYADE,£0.82,(4.1p/100ml),drinks,soft_drink,2025-05-29
ASDA Tropical Crush Zero Cans,£1.99,(10.1p/100ml),drinks,soft_drink,2025-05-29
ASDA Diet Iron Brew 2 Litres,£0.80,(4.0p/100ml),drinks,soft_drink,2025-05-29
ASDA Cherry Cola Zero,£0.49,(2.5p/100ml),drinks,soft_drink,2025-05-29
ASDA Diet Lemonade 2 Litres,£0.60,(3.0p/100ml),drinks,soft_drink,2025-05-29
ASDA Diet Cloudy Lemonade 2 Litres,£0.82,(4.1p/100ml),drinks,soft_drink,2025-05-29
ASDA Cola Zero,£0.49,(2.5p/100ml),drinks,soft_drink,2025-05-29
ASDA Diet Lemon & Lime 2 Litres,£0.82,(4.1p/100ml),drinks,soft_drink,2025-05-29
ASDA Diet Lemonade 6 x 330ml,£1.45,(7.3p/100ml),drinks,soft_drink,2025-05-29
ASDA Diet Cola 2 Litres,£0.49,(2.5p/100ml),drinks,soft_drink,2025-05-29
Pepsi Max Cans,£11.48,(14.5p/100ml),drinks,soft_drink,2025-05-29
Pepsi Max Cherry Cola,£11.48,(14.5p/100ml),drinks,soft_drink,2025-05-29
Coca-Cola Original Taste 24 x 330ml,£12.48,(15.8p/100ml),drinks,soft_drink,2025-05-29
Pepsi Diet Cans,£11.48,(14.5p/100ml),drinks,soft_drink,2025-05-29
IRN-BRU Xtra Sugar Free Soft Drink,£8.32,(10.5p/100ml),drinks,soft_drink,2025-05-29
IRN-BRU Sugar Free Soft Drink,£8.32,(10.5p/100ml),drinks,soft_drink,2025-05-29
Coca-Cola Zero Sugar 24 x 330ml,£7.58,(9.6p/100ml),drinks,soft_drink,2025-05-29
Coca-Cola Zero Sugar Zero Caffeine 2L,£1.88,(9.4p/100ml),drinks,soft_drink,2025-05-29
Fanta Raspberry Zero 500ml,£1.74,(34.8p/100ml),drinks,soft_drink,2025-05-29
Dr Pepper Zero 8 x 330ml,£3.48,(13.2p/100ml),drinks,soft_drink,2025-05-29
Dr Pepper Zero Cherry Crush 8 x 330ml,£3.48,(13.2p/100ml),drinks,soft_drink,2025-05-29
Coca-Cola Zero Sugar 150ml,£0.60,(40.0p/100ml),drinks,soft_drink,2025-05-29
Vimto Vimto Zero 8 x 330ml,£3.16,(12.0p/100ml),drinks,soft_drink,2025-05-29
Evian Still Natural Mineral Water Bottles,£5.23,(5.8p/100ml),drinks,water,2025-05-29
Aqua Libra Sparkling Water Infused with Raspberry & Blackcurrant Cans,£2.48,(18.8p/100ml),drinks,water,2025-05-29
Aqua Libra Sparkling Water Infused with Cucumber Mint & Lime,£2.48,(18.8p/100ml),drinks,water,2025-05-29
ASDA Still Natural Mineral Water Bottles,£1.79,(3.0p/100ml),drinks,water,2025-05-29
ASDA Strawberry Flavour Still Water,£0.74,(7.4p/100ml),drinks,water,2025-05-29
ASDA Summer Fruits Flavoured Still Water Bottle,£0.74,(7.4p/100ml),drinks,water,2025-05-29
ASDA Apple & Raspberry Flavour Sparkling Water,£0.74,(7.4p/100ml),drinks,water,2025-05-29
Nestle Pure Life Still Spring Water Bottles,£2.42,(4.0p/100ml),drinks,water,2025-05-29
ASDA Still Natural Mineral Water 2 Litres,£0.75,(3.8p/100ml),drinks,water,2025-05-29
ASDA Still Natural Mineral Water Bottle,£1.40,(2.8p/100ml),drinks,water,2025-05-29
Highland Spring Still Spring Water 12 x 500ml,£3.58,(6.0p/100ml),drinks,water,2025-05-29
Nestle Pure Life Still Spring Water Bottles,£3.24,(3.6p/100ml),drinks,water,2025-05-29
ASDA Sparkling Blueberry & Raspberry Flavour Water 1 Litre,£0.74,(7.4p/100ml),drinks,water,2025-05-29
ASDA No Added Sugar Sparkling Lemon & Lime Flavour Water 1 Litre,£0.74,(7.4p/100ml),drinks,water,2025-05-29
Buxton Still Natural Mineral Water Sports Cap Bottles,£2.73,(6.1p/100ml),drinks,water,2025-05-29
ASDA Sparkling Apple & Mango Flavour Water 1 Litre,£0.74,(7.4p/100ml),drinks,water,2025-05-29
ASDA Still Lemon & Lime Flavour Water 1 Litre,£0.74,(7.4p/100ml),drinks,water,2025-05-29
ASDA Strawberry Flavoured Kids Still Water Bottles,£2.02,(12.6p/100ml),drinks,water,2025-05-29
Highland Spring Still Spring Water 6 x 1.5L,£4.24,(4.7p/100ml),drinks,water,2025-05-29
Buxton Still Natural Mineral Water Bottles,£3.94,(4.4p/100ml),drinks,water,2025-05-29
Volvic Touch of Fruit Sugar Free Special Edition Mango Passion Flavoured Water,£0.93,(6.2p/100ml),drinks,water,2025-05-29
San Pellegrino Sparkling Natural Mineral Water Bottle,£1.60,(16.0p/100ml),drinks,water,2025-05-29
Radnor Splash Apple & Raspberry Still Spring Water Cartons,£0.93,(12.4p/100ml),drinks,water,2025-05-29
Rubicon Spring Orange Mango Sparkling Spring Water Drink,£1.18,(7.9p/100ml),drinks,water,2025-05-29
ASDA Sparkling Natural Mineral Water Bottle,£0.70,(3.5p/100ml),drinks,water,2025-05-29
Volvic Touch of Fruit Summer Fruits Flavoured Water,£0.93,(6.2p/100ml),drinks,water,2025-05-29
Volvic Touch of Fruit Strawberry Flavoured Water,£0.93,(6.2p/100ml),drinks,water,2025-05-29
Buxton Sparkling Natural Mineral Water Bottles,£2.98,(7.4p/100ml),drinks,water,2025-05-29
Volvic Touch of Fruit Sugar Free Summer Fruits Flavoured Water,£0.93,(6.2p/100ml),drinks,water,2025-05-29
Buxton Sparkling Natural Mineral Water,£3.94,(6.6p/100ml),drinks,water,2025-05-29
Highland Spring Still Spring Water 12 x 330ml,£3.64,(9.2p/100ml),drinks,water,2025-05-29
Evian Sparkling Natural Mineral Water 1L,£1.32,(13.2p/100ml),drinks,water,2025-05-29
Volvic Touch of Fruit Sugar Free Strawberry Flavoured Water,£0.93,(6.2p/100ml),drinks,water,2025-05-29
San Pellegrino Sparkling Natural Mineral Water Bottles,£5.48,(9.1p/100ml),drinks,water,2025-05-29
Kubus Raspberry Flavoured Drink,£0.78,(15.6p/100ml),drinks,water,2025-05-29
Volvic Touch of Fruit Limited Edition Apple & Blackcurrant Natural Flavoured Sugar Free Water,£0.93,(6.2p/100ml),drinks,water,2025-05-29
Evian Still Natural Mineral Water Bottles,£3.14,(10.5p/100ml),drinks,water,2025-05-29
Radnor Splash Orange & Passion Fruit Still Spring Water Cartons,£0.93,(12.4p/100ml),drinks,water,2025-05-29
Evian Still Natural Mineral Water Bottle,£1.08,(7.2p/100ml),drinks,water,2025-05-29
Rubicon Spring Black Cherry Raspberry Sparkling Spring Water Drink,£1.18,(7.9p/100ml),drinks,water,2025-05-29
ASDA Blackcurrant Flavoured Kids Still Water Bottles,£2.02,(12.6p/100ml),drinks,water,2025-05-29
ASDA Sparkling Natural Mineral Water,£1.75,(2.2p/100ml),drinks,water,2025-05-29
Volvic Natural Mineral Water,£0.84,(5.6p/100ml),drinks,water,2025-05-29
Volvic Touch of Fruit Sugar Free Lemon & Lime Flavoured Water,£0.93,(6.2p/100ml),drinks,water,2025-05-29
Volvic Touch of Fruit Sugar Free Watermelon Flavoured Water,£0.93,(6.2p/100ml),drinks,water,2025-05-29
Highland Spring Still Spring Water 1.5 Litre,£1.08,(7.2p/100ml),drinks,water,2025-05-29
,,,drinks,water,2025-05-29
,,,drinks,water,2025-05-29
,,,drinks,water,2025-05-29
,,,drinks,water,2025-05-29
,,,drinks,water,2025-05-29
,,,drinks,water,2025-05-29
Vimto Double Strength 725ml,£1.42,(19.6p/100ml),drinks,squash,2025-05-29
Rocks Fruity Black Currants Whole Fruit Squash,£3.38,(45.7p/100ml),drinks,squash,2025-05-29
Ribena Blackcurrant Squash,£2.24,(26.4p/100ml),drinks,squash,2025-05-29
Robinsons Double Strength Orange & Pineapple No Added Sugar Fruit Squash,£2.38,(13.6p/100ml),drinks,squash,2025-05-29
Robinsons Fruit Creations Orange & Mango No Added Sugar Squash,£2.33,(23.3p/100ml),drinks,squash,2025-05-29
Vimto No Added Sugar Mixed Fruit Squash,£2.48,(12.4p/100ml),drinks,squash,2025-05-29
Robinsons Double Strength Apple & Blackcurrant Squash No Added Sugar,£2.38,(13.6p/100ml),drinks,squash,2025-05-29
Bottlegreen Elderflower Cordial,£3.48,(69.6p/100ml),drinks,squash,2025-05-29
Robinsons Raspberry Rhubarb & Orange Blossom Fruit Cordial,£2.84,(56.8p/100ml),drinks,squash,2025-05-29
Vimto Original Squash,£1.98,(19.8p/100ml),drinks,squash,2025-05-29
Belvoir Fruit Farms Ginger Cordial,£4.24,(84.8p/100ml),drinks,squash,2025-05-29
Ribena Light No Added Sugar Blackcurrant Squash,£2.86,(19.1p/100ml),drinks,squash,2025-05-29
Robinsons Lemon No Added Sugar Squash,£1.38,(13.8p/100ml),drinks,squash,2025-05-29
ASDA No Added Sugar Double Strength Apple & Blackcurrant Squash,£1.03,(6.9p/100ml),drinks,squash,2025-05-29
ASDA No Added Sugar Double Strength Cherries & Berries Squash,£1.03,(6.9p/100ml),drinks,squash,2025-05-29
ASDA Orange & Mango Squash 1.5 Litres,£1.03,(6.9p/100ml),drinks,squash,2025-05-29
Vimto No Added Sugar Mixed Fruit Squash,£1.98,(19.8p/100ml),drinks,squash,2025-05-29
ASDA Summer Fruits Squash 1.5 Litres,£1.03,(6.9p/100ml),drinks,squash,2025-05-29
Robinsons Double Strength Orange Squash No Added Sugar,£2.38,(13.6p/100ml),drinks,squash,2025-05-29
Robinsons Double Strength Apple & Blackcurrant Squash No Added Sugar,£2.38,(13.6p/100ml),drinks,squash,2025-05-29
ASDA No Added Sugar Double Strength Lemon & Lime Squash,£1.03,(6.9p/100ml),drinks,squash,2025-05-29
ASDA Quadruple Strength Orange Squash 1.5 Litres,£1.84,(12.3p/100ml),drinks,squash,2025-05-29
Robinsons Orange Squash No Added Sugar,£1.38,(13.8p/100ml),drinks,squash,2025-05-29
Robinsons Apple & Blackcurrant 750ml,£2.24,(29.9p/100ml),drinks,squash,2025-05-29
ASDA Quadruple Strength Apple & Blackcurrant Squash 1.5 Litres,£1.84,(12.3p/100ml),drinks,squash,2025-05-29
Robinsons Apple & Blackcurrant Squash No Added Sugar,£1.38,(13.8p/100ml),drinks,squash,2025-05-29
Robinsons Double Strength Summer Fruits Squash No Added Sugar,£2.38,(13.6p/100ml),drinks,squash,2025-05-29
Robinsons Fruit & Barley Apple & Pear Squash No Added Sugar,£1.38,(13.8p/100ml),drinks,squash,2025-05-29
Vimto Remix No Added Sugar Raspberry Orange & Passionfruit Squash,£1.98,(19.8p/100ml),drinks,squash,2025-05-29
Robinsons Fruit & Barley Peach Squash No Added Sugar,£1.38,(13.8p/100ml),drinks,squash,2025-05-29
ASDA Apple Squash 1.5 Litres,£1.03,(6.9p/100ml),drinks,squash,2025-05-29
George Home 4 x Large Hiball Glass Bundle,£2.40,null,drinks,squash,2025-05-29
At Home with Stacey Solomon Hammered Hi-ball Glasses - Set of 2,£7.00,(£3.50/each),drinks,squash,2025-05-29
George Home Ribbed Hiball 2 Pack,£6.00,(£3.00/each),drinks,squash,2025-05-29
George Home Linka Hiball,£1.50,(£1.50/each),drinks,squash,2025-05-29
George Home Linka Tumbler,£1.50,(£1.50/each),drinks,squash,2025-05-29
George Home Feature Hiball Glass,£0.60,(60.0p/each),drinks,squash,2025-05-29
George Home Tumbler,£1.50,(£1.50/each),drinks,squash,2025-05-29
George Home Leafy Textured Hi-Ball Glass,£2.00,(£2.00/each),drinks,squash,2025-05-29
George Home Leafy Textured Glass Tumbler,£2.00,(£2.00/each),drinks,squash,2025-05-29
George Home Elysia Hiball,£2.00,(£2.00/each),drinks,squash,2025-05-29
George Home Timeless Hiball,£2.00,(£2.00/each),drinks,squash,2025-05-29
George Home Allerga Hiball,£1.50,(£1.50/each),drinks,squash,2025-05-29
Arla Bob Skimmed Milk That Tastes like Semi Skimmed,£2.74,(£1.37/lt),drinks,milk,2025-05-29
Arla Big Milk Fresh Whole Milk Vitamin Enriched for Kids 1+,£2.74,(£1.37/lt),drinks,milk,2025-05-29
Cravendale Filtered Fresh Semi Skimmed Milk Fresher for Longer,£2.74,(£1.37/lt),drinks,milk,2025-05-29
ASDA British Milk Semi Skimmed 6 Pints,£2.30,(67.5p/lt),drinks,milk,2025-05-29
ASDA British Milk Semi Skimmed 4 Pints,£1.55,(68.2p/lt),drinks,milk,2025-05-29
ASDA British Milk Whole 4 Pints,£1.55,(68.2p/lt),drinks,milk,2025-05-29
ASDA British Milk Whole 6 Pints,£2.30,(67.5p/lt),drinks,milk,2025-05-29
ASDA British Milk Semi Skimmed 2 Pints,£1.20,(£1.06/lt),drinks,milk,2025-05-29
Cravendale Filtered Fresh Whole Milk Fresher for Longer,£2.74,(£1.37/lt),drinks,milk,2025-05-29
ASDA British Milk Skimmed 4 Pints,£1.55,(68.3p/lt),drinks,milk,2025-05-29
Cravendale Filtered Fresh Semi Skimmed Milk Fresher for Longer,£1.24,(£1.24/lt),drinks,milk,2025-05-29
ASDA British Milk Semi Skimmed 1 Pint,£0.85,(£1.50/lt),drinks,milk,2025-05-29
ASDA British Milk Filtered Whole 2 Litres,£2.08,(£1.04/lt),drinks,milk,2025-05-29
ASDA British Milk Whole 2 Pints,£1.20,(£1.06/lt),drinks,milk,2025-05-29
ASDA British Milk Filtered Semi Skimmed 2 Litres,£2.08,(£1.04/lt),drinks,milk,2025-05-29
Cravendale Filtered Fresh Whole Milk Fresher for Longer,£1.24,(£1.24/lt),drinks,milk,2025-05-29
ASDA Organic Semi Skimmed Milk,£2.24,(98.7p/lt),drinks,milk,2025-05-29
ASDA Organic Whole Milk,£2.24,(98.7p/lt),drinks,milk,2025-05-29
ASDA Organic Fresh Semi Skimmed British Milk 1 Litre,£1.54,(£1.54/lt),drinks,milk,2025-05-29
Arla B.O.B Skimmed 1l,£1.24,(£1.24/lt),drinks,milk,2025-05-29
ASDA Organic Fresh Whole British Milk 1 Litre,£1.54,(£1.54/lt),drinks,milk,2025-05-29
ASDA British Milk Whole 1 Pint,£0.85,(£1.50/lt),drinks,milk,2025-05-29
ASDA British Milk Skimmed 2 Pints,£1.20,(£1.06/lt),drinks,milk,2025-05-29
Graham's Gold Jersey Milk,£1.78,(£1.78/lt),drinks,milk,2025-05-29
Arla BOB Semi-Skimmed That Tastes Like Whole Milk,£2.74,(£1.37/lt),drinks,milk,2025-05-29
Asda Arla Farmers Milk Whole 4 Pints,£1.80,(79.3p/lt),drinks,milk,2025-05-29
Arla LactoFREE Fresh Semi Skimmed Milk,£1.85,(£1.85/lt),drinks,milk,2025-05-29
Weetabix & Cravendale Semi Skimmed Milk Breakfast Bundle,£7.22,null,drinks,milk,2025-05-29
Yeo Valley Organic Free Range Fresh Whole Milk,£2.24,(£1.12/lt),drinks,milk,2025-05-29
Asda Arla Farmers Milk Semi Skimmed 4 Pints,£1.80,(79.3p/lt),drinks,milk,2025-05-29
Delamere Whole Goats Milk Chilled,£1.80,(£1.80/lt),drinks,milk,2025-05-29
Cravendale Filtered Fresh Skimmed Milk Fresher for Longer,£2.74,(£1.37/lt),drinks,milk,2025-05-29
Arla LactoFREE Fresh Skimmed Milk Drink,£1.85,(£1.85/lt),drinks,milk,2025-05-29
Delamere Semi Skimmed Goats Milk Chilled,£1.80,(£1.80/lt),drinks,milk,2025-05-29
Arla Barista Milk Drink 1 Litre,£1.99,(£1.99/lt),drinks,milk,2025-05-29
Family Milk Bundle,£3.48,null,drinks,milk,2025-05-29
Yeo Valley Organic Fresh Semi Skimmed Milk,£2.24,(£1.12/lt),drinks,milk,2025-05-29
Arla LactoFREE Fresh Whole Milk,£1.85,(£1.85/lt),drinks,milk,2025-05-29
Arla LactoFREE Fresh Semi Skimmed Milk,£2.75,(£1.38/lt),drinks,milk,2025-05-29
Arla LactoFREE Organic Semi Skimmed Milk Drink,£2.00,(£2.00/lt),drinks,milk,2025-05-29
ASDA Lactose Free Semi Skimmed Milk,£0.99,(99.0p/lt),drinks,milk,2025-05-29
Yeo Valley Organic Free Range Fresh Whole Milk,£1.54,(£1.54/lt),drinks,milk,2025-05-29
ASDA British Milk Skimmed 1 Pint,£0.85,(£1.50/lt),drinks,milk,2025-05-29
Yeo Valley Organic Fresh Semi Skimmed Milk,£1.54,(£1.54/lt),drinks,milk,2025-05-29
PG Tips 80 Original Tea Bags 232g,£2.68,(£1.16/100g),drinks,tea,2025-05-29
PG Tips 210 Original Tea Bags 609g,£5.50,(90.3p/100g),drinks,tea,2025-05-29
PG Tips 70 Decaf Tea Bags 203g,£2.68,(£1.32/100g),drinks,tea,2025-05-29
ASDA English Breakfast Classic Black 50 Tea Bags,£0.90,(72.0p/100g),drinks,tea,2025-05-29
Riya's Karak (Spicy & Strong) Chai,£2.50,(£1.39/100g),drinks,tea,2025-05-29
Riya's Adrak (Ginger) Chai,£2.50,(£1.39/100g),drinks,tea,2025-05-29
Dalgety Strong Lemon & Ginger 18 Herbal Teabags 54g,£1.98,(£3.67/100g),drinks,tea,2025-05-29
Dalgety Strong Pure Peppermint 18 Herbal Tea Teabags 40g,£1.98,(£4.95/100g),drinks,tea,2025-05-29
Bubbleology Milk Tea Mixology Kit With Tapioca Pearls,£8.50,(£2.93/100g),drinks,tea,2025-05-29
Dalgety Strong Honey & Ginger 18 Herbal Teabags 72g,£1.90,(£2.64/100g),drinks,tea,2025-05-29
Riya's Masala (Spicy) Chai,£2.50,(£1.39/100g),drinks,tea,2025-05-29
Bubbleology Taro Milk Bubble Tea With Tapioca Pearls,£1.98,(£2.64/100g),drinks,tea,2025-05-29
Good Earth Rooibos Chai Tea Bags x 15,£2.48,(£7.19/100g),drinks,tea,2025-05-29
Twinings English Breakfast 40 Plant-Based Tea Bags,£2.98,(£2.98/100g),drinks,tea,2025-05-29
Twinings Superblends Super Green Matcha 20 Plant-Based Tea Bags 40g,£2.98,(£8.05/100g),drinks,tea,2025-05-29
Good Earth Moroccan Mint Tea Bags x 15,£2.48,(£9.19/100g),drinks,tea,2025-05-29
Tetley 50 Green Tea Matcha Tea Bags 105g,£2.36,(£2.25/100g),drinks,tea,2025-05-29
Tetley Immune Tropical Super Green Tea 20 Tea Bags,£1.76,(£4.40/100g),drinks,tea,2025-05-29
Twinings Everyday 120 Plant-Based Tea Bags 348g,£5.18,(£1.49/100g),drinks,tea,2025-05-29
Pukka Vanilla Chai 40g,£3.48,(£8.70/100g),drinks,tea,2025-05-29
Twinings Decaf Pure Green Tea 20 Tea Bags,£2.25,(£6.43/100g),drinks,tea,2025-05-29
Clipper Fairtrade 80 Organic English Breakfast Bags 232g,£3.75,(£1.34/100g),drinks,tea,2025-05-29
Twinings Pure Fennel 40g,£2.28,(£5.70/100g),drinks,tea,2025-05-29
Twinings Superblends Cleanse Matcha 20 Plant-Based Tea Bags 40g,£2.98,(£8.05/100g),drinks,tea,2025-05-29
Good Earth Elderflower & Pear 15 Biodegradable Teabags 18g,£2.48,(£13.78/100g),drinks,tea,2025-05-29
Twinings Pomegranate Green Tea 20 Tea Bags,£2.25,(£5.62/100g),drinks,tea,2025-05-29
Twinings English Breakfast Decaffeinated 40 Plant-Based Tea Bags,£3.22,(£2.93/100g),drinks,tea,2025-05-29
"Twinings Superblends Turmeric with Orange and Star Anise, 20 Tea Bags",£2.98,(£7.45/100g),drinks,tea,2025-05-29
Twinings Decaffeinated Everyday 80 Tea Bags 250g,£3.98,(£1.72/100g),drinks,tea,2025-05-29
Twinings Lemon Green Tea 20 Tea Bags,£2.25,(£5.62/100g),drinks,tea,2025-05-29
Twinings Superblends Immune Support Blackcurrant & Raspberry,£2.98,(£7.45/100g),drinks,tea,2025-05-29
Pukka Peace Organic 20 Herbal Tea Sachets 30g,£3.48,(£11.60/100g),drinks,tea,2025-05-29
Twinings Superblends Focus Mango & Pineapple with Ginseng Tea Bags 30g,£2.98,(£9.93/100g),drinks,tea,2025-05-29
Drink Me Chai Dirty Chai Latte 200g,£3.65,(£1.82/100g),drinks,tea,2025-05-29
Twinings Pure Green Tea 80 Tea Bags,£5.00,(£2.50/100g),drinks,tea,2025-05-29
Twinings Mango & Strawberry with Zesty Lime 20 Tea Bags,£2.78,(£5.56/100g),drinks,tea,2025-05-29
"Pukka Chamomile, Vanilla & Manuka Honey 20 Organic Herbal Tea Bags",£3.48,(£10.88/100g),drinks,tea,2025-05-29
Bubbleology Mango Bubble Tea,£1.98,(£1.33/100g),drinks,tea,2025-05-29
ASDA Extra Special 50 English Breakfast Tea Bags,£1.70,(£1.36/100g),drinks,tea,2025-05-29
ASDA Green Tea & Mint 20 Tea Bags,£0.75,(£1.88/100g),drinks,tea,2025-05-29
Tetley Herbal Pure Camomile Tea Bags x20,£1.48,(£4.93/100g),drinks,tea,2025-05-29
ASDA Decaf Green Tea 50 Tea Bags,£0.75,(75.0p/100g),drinks,tea,2025-05-29
Twinings Superblends Moment of Calm Spiced Camomile & Vanilla 20 Tea Bags 30g,£2.98,(£9.93/100g),drinks,tea,2025-05-29
"Good Earth Hibiscus, Sweet Berries & Rose Tea Bags x 15",£2.48,(£5.90/100g),drinks,tea,2025-05-29
Lancashire Tea 80 Tea Bags,£2.18,(87.2p/100g),drinks,tea,2025-05-29
Pukka 20 Organic Three Chamomile Herbal Tea Sachets 30g,£3.48,(£11.60/100g),drinks,tea,2025-05-29
Twinings Raspberry & Lemon 20 Tea Bags,£2.78,(£6.95/100g),drinks,tea,2025-05-29
"Twinings Superblends Digest Spearmint, Apple & Rooibios with Baobab 20 Tea Bags 35g",£2.98,(£8.76/100g),drinks,tea,2025-05-29
Pukka Organic Three Ginger 20 Herbal Tea Sachet 36g,£3.48,(£9.67/100g),drinks,tea,2025-05-29
,,,drinks,tea,2025-05-29
,,,drinks,tea,2025-05-29
,,,drinks,tea,2025-05-29
,,,drinks,tea,2025-05-29
,,,drinks,tea,2025-05-29
,,,drinks,tea,2025-05-29
,,,drinks,tea,2025-05-29
,,,drinks,tea,2025-05-29
,,,drinks,tea,2025-05-29
,,,drinks,tea,2025-05-29
,,,drinks,tea,2025-05-29
,,,drinks,tea,2025-05-29
,,,drinks,tea,2025-05-29
PG Tips 80 Original Tea Bags 232g,£2.68,(£1.16/100g),drinks,tea,2025-05-29
PG Tips 210 Original Tea Bags 609g,£5.50,(90.3p/100g),drinks,tea,2025-05-29
Pukka Organic Peppermint & Licorice 20 Herbal Tea Sachets 30g,£3.48,(£11.60/100g),drinks,tea,2025-05-29
Twinings English Breakfast 120 Plant-Based Tea Bags 300g,£5.18,(£1.73/100g),drinks,tea,2025-05-29
Bubbleology Fruit Tea Mixology Kit With Popping Boba,£8.50,(£2.10/100g),drinks,tea,2025-05-29
Twinings Superblends Sleep Valerian & Orange Blossom 20 Tea Bags 30g,£2.98,(£9.93/100g),drinks,tea,2025-05-29
ASDA Wild Berry 20 Tea Bags,£0.75,(3.8p/each),drinks,tea,2025-05-29
"Twinings Superblends Detox with Lemon, Ginger and Fennel, 20 Tea Bags",£2.98,(£7.45/100g),drinks,tea,2025-05-29
"Pukka Organic Turmeric, Ginger & Orange 20 Herbal Tea Bags 36g",£3.48,(£9.67/100g),drinks,tea,2025-05-29
Tetley Green Tea Mango & Passionfruit x50,£2.36,(£2.36/100g),drinks,tea,2025-05-29
Twinings Mint Green Tea 20 Tea Bags,£2.25,(£5.62/100g),drinks,tea,2025-05-29
ASDA Mango & Strawberry 20 Tea Bags,£0.75,(£1.88/100g),drinks,tea,2025-05-29
ASDA 80 Loose Leaf Tea 250g,£1.64,(65.6p/100g),drinks,tea,2025-05-29
Good Earth Turmeric Lemon Tea Bags x 15,£2.48,(£5.90/100g),drinks,tea,2025-05-29
Tea India Masala Chai 40 Tea Bags 100g,£3.18,(£3.18/100g),drinks,tea,2025-05-29
Twinings Assam 80 Tea Bags,£3.98,(£1.99/100g),drinks,tea,2025-05-29
Tetley Herbal Fresh Mint Tea Bags x20,£1.48,(£4.62/100g),drinks,tea,2025-05-29
Twinings Strawberry & Raspberry 20 Tea Bags,£2.28,(£5.70/100g),drinks,tea,2025-05-29
Twinings The Earl Grey 40 Plant-Based Tea Bags,£2.98,(£2.98/100g),drinks,tea,2025-05-29
Tetley Boost Berry Burst Super Green Tea 20 Tea Bags,£1.76,(£4.40/100g),drinks,tea,2025-05-29
Bubbleology Passion Fruit Bubble Tea With Popping Boba,£1.98,(£1.55/100g),drinks,tea,2025-05-29
ASDA Green Tea with Lemon 20 Tea Bags,£0.75,(£1.88/100g),drinks,tea,2025-05-29
ASDA Lemon & Ginger 20 Tea Bags,£0.75,(£1.88/100g),drinks,tea,2025-05-29
Tetley Green Tea Decaf 50 Tea Bags,£2.36,(£2.36/100g),drinks,tea,2025-05-29
Twinings Pure Camomile 20 Tea Bags,£2.28,(£7.60/100g),drinks,tea,2025-05-29
Twinings Cranberry & Raspberry 20 Tea Bags,£2.28,(£5.70/100g),drinks,tea,2025-05-29
Twinings Superblends Wellbeing Collection 20 Tea Bags,£2.98,(£8.05/100g),drinks,tea,2025-05-29
Tetley Super Herbal Happy Tummy Mint and Fennel 18 Tea Bags 32.4g,£1.76,(£5.43/100g),drinks,tea,2025-05-29
Taylors of Harrogate Yorkshire Tea Bedtime Brew 40 Tea Bags,£2.48,(£2.48/100g),drinks,tea,2025-05-29
Twinings Pure Green Tea 20 Tea Bags,£2.25,(£4.50/100g),drinks,tea,2025-05-29
Tetley Herbal Zingy Lemon & Ginger Tea Bags x20,£1.48,(£3.70/100g),drinks,tea,2025-05-29
Twinings Plant-Based Lady Grey Bright with Zesty Orange Tea Bags,£3.98,(£1.99/100g),drinks,tea,2025-05-29
Twinings Spiced Ginger 20 Tea Bags,£2.28,(£7.60/100g),drinks,tea,2025-05-29
Yorkshire Tea Caramelised Biscuit Brew 40 Tea Bags 112g,£2.48,(£2.21/100g),drinks,tea,2025-05-29
ASDA Extra Special Earl Grey 50 Tea Bags,£1.50,(£1.50/100g),drinks,tea,2025-05-29
Twinings Superblends Metabolism Peppermint with Spiced Green Tea & Nettle 20 Tea Bags,£2.98,(£7.45/100g),drinks,tea,2025-05-29
Twinings Lemon & Ginger 80 Single Tea Bags 120g,£5.00,(£4.17/100g),drinks,tea,2025-05-29
Tetley Super Fruits Immune Peach & Orange 20 Tea Bags,£1.76,(£4.40/100g),drinks,tea,2025-05-29
Twinings Superblends 20 Wind Down Collection 33.2g,£2.98,(£9.03/100g),drinks,tea,2025-05-29
Typhoo 400 Premium Everyday Tea Bags 1250g,£8.00,(64.0p/100g),drinks,tea,2025-05-29
"Twinings Superblends Glow with Strawberry, Cucumber and Green Tea, 20 Tea Bags",£2.98,(£7.45/100g),drinks,tea,2025-05-29
Tetley Pure Red Bush 40 Tea Bags,£1.98,(£1.98/100g),drinks,tea,2025-05-29
"Tetley Super Herbal Sleep Camomile, Vanilla and Lavender 18 Tea Bags 27g",£1.76,(£6.52/100g),drinks,tea,2025-05-29
Twinings Soothing Camomile & Honey 20 Tea Bags,£2.28,(£7.60/100g),drinks,tea,2025-05-29
PG Tips 80 Original Tea Bags 232g,£2.68,(£1.16/100g),drinks,tea,2025-05-29
PG Tips 210 Original Tea Bags 609g,£5.50,(90.3p/100g),drinks,tea,2025-05-29
Pukka Organic Peppermint & Licorice 20 Herbal Tea Sachets 30g,£3.48,(£11.60/100g),drinks,tea,2025-05-29
Pukka 20 Organic Supreme Matcha Green Tea Sachets 30g,£3.48,(£11.60/100g),drinks,tea,2025-05-29
Pukka Organic Night Time 20 Herbal Tea Sachets,£3.48,(£17.40/100g),drinks,tea,2025-05-29
PG Tips 70 Decaf Tea Bags 203g,£2.68,(£1.32/100g),drinks,tea,2025-05-29
Pukka Organic Three Mint 20 Herbal Tea Sachets 32g,£3.48,(£10.88/100g),drinks,tea,2025-05-29
"Twinings Superblends Glow with Strawberry, Cucumber and Green Tea, 20 Tea Bags",£2.98,(£7.45/100g),drinks,tea,2025-05-29
Pukka 20 Organic Three Chamomile Herbal Tea Sachets 30g,£3.48,(£11.60/100g),drinks,tea,2025-05-29
Twinings Lemon & Ginger 20 Tea Bags,£2.28,(£7.60/100g),drinks,tea,2025-05-29
Tetley Decaf 160 Tea Bags,£4.98,(99.6p/100g),drinks,tea,2025-05-29
Tetley Super Herbal Happy Tummy Mint and Fennel 18 Tea Bags 32.4g,£1.76,(£5.43/100g),drinks,tea,2025-05-29
Tetley Green Tea Decaf 50 Tea Bags,£2.36,(£2.36/100g),drinks,tea,2025-05-29
PG Tips 80 Original Tea Bags 232g,£2.68,(£1.16/100g),drinks,tea,2025-05-29
PG Tips 210 Original Tea Bags 609g,£5.50,(90.3p/100g),drinks,tea,2025-05-29
Pukka Organic Peppermint & Licorice 20 Herbal Tea Sachets 30g,£3.48,(£11.60/100g),drinks,tea,2025-05-29
Clipper Organic Everyday Tea 160 Tea bags,£6.95,(£1.30/100g),drinks,tea,2025-05-29
Clipper Fairtrade Pure Green Tea 80 Tea Bags,£4.00,(£2.50/100g),drinks,tea,2025-05-29
Twinings Lemon & Ginger 20 Tea Bags,£2.28,(£7.60/100g),drinks,tea,2025-05-29
Pukka 20 Organic Supreme Matcha Green Tea Sachets 30g,£3.48,(£11.60/100g),drinks,tea,2025-05-29
Tetley Super Fruits Boost Blueberry & Raspberry 20 Tea Bags,£1.76,(£4.40/100g),drinks,tea,2025-05-29
Pukka Organic Night Time 20 Herbal Tea Sachets,£3.48,(£17.40/100g),drinks,tea,2025-05-29
Pukka Organic Three Mint 20 Herbal Tea Sachets 32g,£3.48,(£10.88/100g),drinks,tea,2025-05-29
Twinings Strong English Breakfast 80 Tea Bags,£3.98,(£1.59/100g),drinks,tea,2025-05-29
Tick Tock Rooibos Tea 40 Bags,£2.50,(£2.78/100g),drinks,tea,2025-05-29
Twinings Pure Peppermint 20 Tea Bags,£2.28,(£5.70/100g),drinks,tea,2025-05-29
ASDA Redbush Tea 80 Bags,£2.50,(£1.56/100g),drinks,tea,2025-05-29
"Twinings Superblends Sleep with Spiced Apple and Camomile, 20 Tea Bags",£2.98,(£9.93/100g),drinks,tea,2025-05-29
Twinings The Earl Grey Decaffeinated 40 Plant-Based Tea Bags,£3.22,(£3.22/100g),drinks,tea,2025-05-29
Tetley Green Tea with Lemon 50 Tea Bags,£2.36,(£2.36/100g),drinks,tea,2025-05-29
Typhoo 80 Premium Everyday Tea Bags 250g,£2.99,(£1.20/100g),drinks,tea,2025-05-29
Lift Instant Lemon Flavour Tea,£1.70,(£1.03/100g),drinks,tea,2025-05-29
Clipper Organic Everyday Tea 80 Tea bags,£3.76,(£1.32/100g),drinks,tea,2025-05-29
Tetley Earl Grey 50 Tea Bags,£2.28,(£1.82/100g),drinks,tea,2025-05-29
Twinings The Earl Grey 80 Plant-Based Tea Bags,£3.98,(£1.99/100g),drinks,tea,2025-05-29
Twinings Everyday Plant-Based Tea Bags,£4.78,(£2.06/100g),drinks,tea,2025-05-29
Taylors of Harrogate Yorkshire Tea Black Loose Leaf Tea,£2.95,(£1.18/100g),drinks,tea,2025-05-29
Twinings The Earl Grey 120 Plant-Based Tea Bags 300g,£5.18,(£1.73/100g),drinks,tea,2025-05-29
Taylors of Harrogate Yorkshire Tea Malty Biscuit Brew 40 Tea Bags 112g,£2.48,(£2.21/100g),drinks,tea,2025-05-29
Drink Me Spiced Chai Latte,£3.65,(£1.46/100g),drinks,tea,2025-05-29
Twinings Pure Peppermint 80 Tea Bags,£5.00,(£3.12/100g),drinks,tea,2025-05-29
ASDA Camomile Tea 40 Bags,£1.75,(£2.92/100g),drinks,tea,2025-05-29
JUST ESSENTIALS by ASDA 40 Tea Bags,£0.45,(45.0p/100g),drinks,tea,2025-05-29
PG Tips 40 Original Tea Bags 116g,£1.80,(£1.55/100g),drinks,tea,2025-05-29
Tetley Pure Green Tea 50 Tea Bags,£2.36,(£2.36/100g),drinks,tea,2025-05-29
Taylors of Harrogate Yorkshire Tea Gold 80 Tea Bags,£3.98,(£1.59/100g),drinks,tea,2025-05-29
Tetley Decaf 80 Tea Bags,£2.48,(99.2p/100g),drinks,tea,2025-05-29
Tetley Original 40 Tea Bags,£1.68,(£1.34/100g),drinks,tea,2025-05-29
PG Tips 70 Decaf Tea Bags 203g,£2.68,(£1.32/100g),drinks,tea,2025-05-29
ASDA Peppermint Tea 40 Bags,£1.75,(£2.19/100g),drinks,tea,2025-05-29
Twinings English Breakfast 80 Plant-Based Tea Bags,£4.78,(£2.39/100g),drinks,tea,2025-05-29
ASDA Extra Strong 80 Tea Bags 232g,£2.00,(86.2p/100g),drinks,tea,2025-05-29
Taylors of Harrogate Yorkshire Tea Decaf 160 Tea Bags,£5.98,(£1.20/100g),drinks,tea,2025-05-29
ASDA Decaf 80 Tea Bags 232g,£1.65,(71.1p/100g),drinks,tea,2025-05-29
Tetley Decaf 160 Tea Bags,£4.98,(99.6p/100g),drinks,tea,2025-05-29
Tetley Original 80 Tea Bags,£1.98,(79.2p/100g),drinks,tea,2025-05-29
Taylors of Harrogate Yorkshire Tea Decaf 80 Tea Bags,£4.08,(£1.63/100g),drinks,tea,2025-05-29
Taylors of Harrogate Yorkshire Tea 40 Tea Bags,£1.75,(£1.40/100g),drinks,tea,2025-05-29
Taylors of Harrogate Yorkshire Tea 160 Tea Bags,£6.19,(£1.24/100g),drinks,tea,2025-05-29
ASDA Everyday 240 Tea Bags 696g,£3.20,(46.0p/100g),drinks,tea,2025-05-29
Taylors of Harrogate Yorkshire Tea 80 Tea Bags,£3.30,(£1.32/100g),drinks,tea,2025-05-29
Tetley Original 240 Tea Bags,£5.00,(66.7p/100g),drinks,tea,2025-05-29
Tetley Original Tea Bags 1.25kg,£8.74,(69.9p/100g),drinks,tea,2025-05-29
Taylors of Harrogate Yorkshire Tea 240 Tea Bags,£5.98,(79.7p/100g),drinks,tea,2025-05-29
PG Tips 80 Original Tea Bags 232g,£2.68,(£1.16/100g),drinks,tea,2025-05-29
PG Tips 210 Original Tea Bags 609g,£5.50,(90.3p/100g),drinks,tea,2025-05-29
Pukka Organic Peppermint & Licorice 20 Herbal Tea Sachets 30g,£3.48,(£11.60/100g),drinks,tea,2025-05-29
Pukka 20 Organic Supreme Matcha Green Tea Sachets 30g,£3.48,(£11.60/100g),drinks,tea,2025-05-29
Pukka Organic Night Time 20 Herbal Tea Sachets,£3.48,(£17.40/100g),drinks,tea,2025-05-29
PG Tips 70 Decaf Tea Bags 203g,£2.68,(£1.32/100g),drinks,tea,2025-05-29
Pukka Organic Three Mint 20 Herbal Tea Sachets 32g,£3.48,(£10.88/100g),drinks,tea,2025-05-29
"Twinings Superblends Glow with Strawberry, Cucumber and Green Tea, 20 Tea Bags",£2.98,(£7.45/100g),drinks,tea,2025-05-29
Pukka 20 Organic Three Chamomile Herbal Tea Sachets 30g,£3.48,(£11.60/100g),drinks,tea,2025-05-29
Twinings Lemon & Ginger 20 Tea Bags,£2.28,(£7.60/100g),drinks,tea,2025-05-29
Tetley Decaf 160 Tea Bags,£4.98,(99.6p/100g),drinks,tea,2025-05-29
Tetley Super Herbal Happy Tummy Mint and Fennel 18 Tea Bags 32.4g,£1.76,(£5.43/100g),drinks,tea,2025-05-29
Tetley Green Tea Decaf 50 Tea Bags,£2.36,(£2.36/100g),drinks,tea,2025-05-29
Arla Bob Skimmed Milk That Tastes like Semi Skimmed,£2.74,(£1.37/lt),drinks,coffee,2025-05-29
Alpro Soya No Sugars Chilled Drink,£1.68,(£1.68/lt),drinks,coffee,2025-05-29
L'OR Decafeine Instant Coffee,£7.24,(£4.83/100g),drinks,coffee,2025-05-29
ASDA Gold Roasted Coffee Instant Granules 200g,£2.74,(£1.37/100g),drinks,coffee,2025-05-29
ASDA Rich Roast Instant Granules 200g,£2.48,(£1.24/100g),drinks,coffee,2025-05-29
Nescafe Original Instant Coffee,£6.88,(£2.29/100g),drinks,coffee,2025-05-29
Nescafe Gold Caramel Latte Coffee Sachets,£2.20,(£1.62/100g),drinks,coffee,2025-05-29
Nescafe Azera Americano Intense 90g,£3.98,(£4.42/100g),drinks,coffee,2025-05-29
Nescafe Azera Americano 90g,£3.98,(£4.42/100g),drinks,coffee,2025-05-29
NYCoffee Salted Caramel 3in1 Extra Value Pack,£0.90,(£9.00/100g),drinks,coffee,2025-05-29
Alpro Almond No Sugars Long Life Drink,£1.88,(18.8p/100ml),drinks,coffee,2025-05-29
Nescafe Gold Blend Alta Rica Instant Coffee,£8.78,(£4.62/100g),drinks,coffee,2025-05-29
TrueStart Barista Grade Instant Coffee 100g,£3.48,(£3.48/100g),drinks,coffee,2025-05-29
Cravendale Filtered Fresh Semi Skimmed Milk Fresher for Longer,£2.74,(£1.37/lt),drinks,coffee,2025-05-29
ASDA Extra Special Southern Indian Roast & Ground Coffee,£3.76,(£1.66/100g),drinks,coffee,2025-05-29
Starbucks Multiserve Caffe Latte Iced Coffee,£2.52,(£3.36/lt),drinks,coffee,2025-05-29
Canderel Sweetener Tablets,£3.30,(1.1p/each),drinks,coffee,2025-05-29
Nescafé Latte Instant Coffee 12 x 18g Sachets,£2.48,(£1.15/100g),drinks,coffee,2025-05-29
Lavazza Espresso Maestro Decaffeinated Medium Roasting 10 Capsules 58g,£4.00,(£6.90/100g),drinks,coffee,2025-05-29
ASDA Italian Style Roasted Beans 454g,£4.98,(£1.10/100g),drinks,coffee,2025-05-29
Kenco Decaff Instant Coffee,£7.68,(£3.84/100g),drinks,coffee,2025-05-29
ASDA Extra Special Javan Volcanic Island Ground Coffee,£3.76,(£1.66/100g),drinks,coffee,2025-05-29
Nido Full Cream Milk Powder,£5.98,(£1.50/100g),drinks,coffee,2025-05-29
Kenco Rich Instant Coffee 150g,£4.98,(£3.32/100g),drinks,coffee,2025-05-29
Douwe Egberts Pure Indulgence Dark Roast Instant Coffee,£7.28,(£3.83/100g),drinks,coffee,2025-05-29
Kenco Millicano Americano Decaff Instant Coffee,£6.64,(£6.64/100g),drinks,coffee,2025-05-29
Taylors of Harrogate Flying Start Coffee Bags 10 Enveloped Bags 75g,£1.98,(£2.64/100g),drinks,coffee,2025-05-29
ASDA French Style Roasted Ground 227g,£3.18,(£1.40/100g),drinks,coffee,2025-05-29
Costa Coffee Mocha Italia Signature Blend Coffee Beans,£3.98,(£1.99/100g),drinks,coffee,2025-05-29
The Skinny Food Co. Salted Caramel Flavour Syrup with Sweetener 425ml,£2.08,(£4.89/kg),drinks,coffee,2025-05-29
ASDA Extra Special Colombian Instant Coffee,£3.08,(£3.08/100g),drinks,coffee,2025-05-29
Starbucks Caramel Latte 5 x 23g (115g),£2.98,(£2.59/100g),drinks,coffee,2025-05-29
Nescafe Aero Peppermint Mocha 7 x 19g (133g),£2.20,(£1.65/100g),drinks,coffee,2025-05-29
ASDA Caramel Latte 330ml,£0.88,(26.7p/100ml),drinks,coffee,2025-05-29
ASDA Skimmed Milk Powder 340g,£3.44,(£1.01/100g),drinks,coffee,2025-05-29
Starbucks Skinny Latte Chilled Coffee 220ml,£1.97,(89.5p/100ml),drinks,coffee,2025-05-29
Kenco Smooth Instant Coffee,£3.94,(£3.94/100g),drinks,coffee,2025-05-29
Starbucks Caramel Macchiato Iced Coffee,£1.97,(89.5p/100ml),drinks,coffee,2025-05-29
ASDA Extra Special Decaffeinated Colombian Roast & Ground Coffee,£3.76,(£1.66/100g),drinks,coffee,2025-05-29
Douwe Egberts Pure Gold Medium Roast Instant Coffee,£7.28,(£3.83/100g),drinks,coffee,2025-05-29
Silver Spoon Granulated Sugar,£1.09,(£1.09/kg),drinks,coffee,2025-05-29
Taylors of Harrogate Rich Italian Ground Roast Coffee 200g,£4.98,(£2.49/100g),drinks,coffee,2025-05-29
Costa Coffee Mocha Italia Signature Blend Ground for Cafetiere & Filter,£3.98,(£1.99/100g),drinks,coffee,2025-05-29
Leon Light Roast Ground Coffee,£4.00,(£2.00/100g),drinks,coffee,2025-05-29
Rombouts Rombouts 40 Coffee Filter Papers Size No. 4,£1.50,(3.8p/each),drinks,coffee,2025-05-29
Dolce Gusto Americano Decaffeinato 16 x 8g (128g),£3.68,(82.3p/100g),drinks,coffee,2025-05-29
Nescafe Gold Cappuccino Instant Coffee 8 Sachets,£2.20,(£1.49/100g),drinks,coffee,2025-05-29
Starbucks Caffè Latte Chilled Coffee 220ml,£1.97,(89.5p/100ml),drinks,coffee,2025-05-29
Kenco Iced Hot Vanilla Latte Sachets x8,£1.88,(£1.16/100g),drinks,coffee,2025-05-29
Lavazza Qualità Oro Ground Coffee,£4.98,(£1.99/100g),drinks,coffee,2025-05-29
ASDA House Blend Decaf Roasted Ground 227g,£3.18,(£1.40/100g),drinks,coffee,2025-05-29
ASDA Extra Special Brazilian Ground Coffee,£3.76,(£1.66/100g),drinks,coffee,2025-05-29
Plant Based by ASDA Almond Unsweetened Drink 1 Litre,£1.25,(£1.25/lt),drinks,coffee,2025-05-29
Nescafe Gold Blend Espresso Instant Coffee,£8.78,(£4.62/100g),drinks,coffee,2025-05-29
ASDA Extra Special 10 Colombian Decaff Coffee Pods,£2.88,(£5.33/100g),drinks,coffee,2025-05-29
L'OR Classique Instant Coffee,£7.24,(£4.83/100g),drinks,coffee,2025-05-29
L'OR Intense Instant Coffee,£6.74,(£4.49/100g),drinks,coffee,2025-05-29
,,,drinks,coffee,2025-05-29
,,,drinks,coffee,2025-05-29
,,,drinks,coffee,2025-05-29
,,,drinks,coffee,2025-05-29
,,,drinks,coffee,2025-05-29
,,,drinks,coffee,2025-05-29
Arla Bob Skimmed Milk That Tastes like Semi Skimmed,£2.74,(£1.37/lt),drinks,coffee,2025-05-29
Alpro Soya No Sugars Chilled Drink,£1.68,(£1.68/lt),drinks,coffee,2025-05-29
L'OR Decafeine Instant Coffee,£7.24,(£4.83/100g),drinks,coffee,2025-05-29
Lavazza Espresso Barista Gran Crema Coffee Beans 500g,£12.00,(£2.40/100g),drinks,coffee,2025-05-29
Monin Caramel Syrup,£3.45,(£1.38/100ml),drinks,coffee,2025-05-29
Nescafe Original Decaff Instant Coffee,£4.98,(£2.49/100g),drinks,coffee,2025-05-29
Nescafe Double Choc Mocha 8 x 20.9g (167.2g),£2.20,(£1.32/100g),drinks,coffee,2025-05-29
Costa Creamy Cappuccino Sachets Drinks 6 x 17g (102g),£1.88,(£1.84/100g),drinks,coffee,2025-05-29
Nescafé 3 in 1 Original 12 x 16g (192g),£1.74,(90.6p/100g),drinks,coffee,2025-05-29
Nestle Instant Full Cream Milk Powder 1.8kg Tin,£24.00,(£1.33/100g),drinks,coffee,2025-05-29
Lavazza Decaffeinated Ground Coffee,£4.98,(£1.99/100g),drinks,coffee,2025-05-29
Nescafe Toffee Nut Latte 8 x 18.6g (148.8g),£1.68,(£1.13/100g),drinks,coffee,2025-05-29
Drink Me Chai Vegan Chai Latte 250g,£4.02,(£1.61/100g),drinks,coffee,2025-05-29
Costa Coffee Intense Dark Roast 100g,£6.94,(£6.94/100g),drinks,coffee,2025-05-29
Plant Based by ASDA Almond Unsweetened Drink 1 Litre,£1.25,(£1.25/lt),drinks,coffee,2025-05-29
Nescafe Gold Cappuccino Decaf Unsweetened Taste Coffee Sachets,£2.20,(£1.83/100g),drinks,coffee,2025-05-29
NYCoffee 3 in 1 Coffee Drink 10 x 14g (140g),£0.90,(£9.00/100g),drinks,coffee,2025-05-29
ASDA Extra Special Kenyan Ground Coffee,£3.76,(£1.66/100g),drinks,coffee,2025-05-29
Nescafé Quality Street Green Triangle Hazelnut Flavour Mocha 7 x 19g (133g),£2.20,(£1.65/100g),drinks,coffee,2025-05-29
Dolce Gusto Americano Decaffeinato 16 x 8g (128g),£3.68,(82.3p/100g),drinks,coffee,2025-05-29
Kenco Iced Hot Vanilla Latte Sachets x8,£1.88,(£1.16/100g),drinks,coffee,2025-05-29
Lavazza Qualità Oro Ground Coffee,£4.98,(£1.99/100g),drinks,coffee,2025-05-29
ASDA House Blend Decaf Roasted Ground 227g,£3.18,(£1.40/100g),drinks,coffee,2025-05-29
ASDA Extra Special Brazilian Ground Coffee,£3.76,(£1.66/100g),drinks,coffee,2025-05-29
L'OR Intense Instant Coffee,£6.74,(£4.49/100g),drinks,coffee,2025-05-29
Nescafe Gold Blend Espresso Instant Coffee,£8.78,(£4.62/100g),drinks,coffee,2025-05-29
ASDA Extra Special 10 Colombian Decaff Coffee Pods,£2.88,(£5.33/100g),drinks,coffee,2025-05-29
L'OR Classique Instant Coffee,£7.24,(£4.83/100g),drinks,coffee,2025-05-29
Coffee Mate The Original,£3.84,(£1.18/100g),drinks,coffee,2025-05-29
ASDA Extra Special Espresso Coffee Beans,£3.76,(£1.66/100g),drinks,coffee,2025-05-29
Nescafe Gold Blend Intense 190g,£8.68,(£4.34/100g),drinks,coffee,2025-05-29
Taylors of Harrogate Hot Lava Java Ground Roast Coffee 200g,£4.98,(£2.49/100g),drinks,coffee,2025-05-29
Starbucks Frappuccino Vanilla Flavour 250ml,£1.17,(46.8p/100ml),drinks,coffee,2025-05-29
Nescafe Gold Blend Decaf 190g,£6.74,(£3.37/100g),drinks,coffee,2025-05-29
ASDA Light Squirty Cream 250ml,£1.88,(75.2p/100g),drinks,coffee,2025-05-29
ASDA Extra Special Decaffeinated Colombian Roast & Ground Coffee,£3.76,(£1.66/100g),drinks,coffee,2025-05-29
Starbucks Caramel Macchiato Iced Coffee,£1.97,(89.5p/100ml),drinks,coffee,2025-05-29
Douwe Egberts Pure Gold Medium Roast Instant Coffee,£7.28,(£3.83/100g),drinks,coffee,2025-05-29
Costa Coffee Mocha Italia Signature Blend Ground for Cafetiere & Filter,£3.98,(£1.99/100g),drinks,coffee,2025-05-29
Kenco Smooth Instant Coffee,£3.94,(£3.94/100g),drinks,coffee,2025-05-29
Starbucks Caffè Latte Chilled Coffee 220ml,£1.97,(89.5p/100ml),drinks,coffee,2025-05-29
Taylors of Harrogate Rich Italian Ground Roast Coffee 200g,£4.98,(£2.49/100g),drinks,coffee,2025-05-29
Silver Spoon Granulated Sugar,£1.09,(£1.09/kg),drinks,coffee,2025-05-29
Azera Americano 140g,£6.58,(£4.70/100g),drinks,coffee,2025-05-29
Alpro Soya Plant-Based Chilled Drink,£1.68,(£1.68/lt),drinks,coffee,2025-05-29
ASDA Extra Special Ethiopian Fairtrade Ground Coffee,£3.76,(£1.66/100g),drinks,coffee,2025-05-29
ASDA Extra Special Colombian Fairtrade Coffee Beans,£3.76,(£1.66/100g),drinks,coffee,2025-05-29
ASDA Extra Special Italian Style Instant Coffee,£3.08,(£3.08/100g),drinks,coffee,2025-05-29
ASDA Squirty Cream 250g,£1.88,(75.2p/100g),drinks,coffee,2025-05-29
Leon Light Roast Ground Coffee,£4.00,(£2.00/100g),drinks,coffee,2025-05-29
Lavazza Espresso Italiano Classico Ground Coffee,£4.98,(£1.99/100g),drinks,coffee,2025-05-29
Costa Barista Creations Latte Coffee 6 x 17g (102g),£1.88,(£1.84/100g),drinks,coffee,2025-05-29
Nescafé 2 in 1 8 x 9g (72g),£1.34,(£1.86/100g),drinks,coffee,2025-05-29
Nescafe Gold Cappuccino Unsweetened Taste Coffee Sachets,£2.20,(£1.94/100g),drinks,coffee,2025-05-29
Alpro Soya No Sugars Chilled Drink,£1.68,(£1.68/lt),drinks,coffee,2025-05-29
Nescafe Azera Americano Intense 90g,£3.98,(£4.42/100g),drinks,coffee,2025-05-29
Nescafe Azera Americano 90g,£3.98,(£4.42/100g),drinks,coffee,2025-05-29
TrueStart Barista Grade Instant Coffee 100g,£3.48,(£3.48/100g),drinks,coffee,2025-05-29
Cravendale Filtered Fresh Semi Skimmed Milk Fresher for Longer,£2.74,(£1.37/lt),drinks,coffee,2025-05-29
Starbucks Multiserve Caffe Latte Iced Coffee,£2.52,(£3.36/lt),drinks,coffee,2025-05-29
Arla Bob Skimmed Milk That Tastes like Semi Skimmed,£2.74,(£1.37/lt),drinks,coffee,2025-05-29
Alpro Soya No Sugars Chilled Drink,£1.68,(£1.68/lt),drinks,coffee,2025-05-29
L'OR Decafeine Instant Coffee,£7.24,(£4.83/100g),drinks,coffee,2025-05-29
Lavazza Decaffeinated Dolce Gusto Compatible Capsules x16,£4.50,(£3.52/100g),drinks,coffee,2025-05-29
Kenco Cappuccino Instant Coffee Sachets,£1.88,(£1.59/100g),drinks,coffee,2025-05-29
Camp Chicory & Coffee Essence,£2.00,(83.0p/100ml),drinks,coffee,2025-05-29
Sweetex Calorie Free Sweeteners 600 Tablets,£1.78,(0.3p/each),drinks,coffee,2025-05-29
Nescafe Irish Latte 8 x 19.8g (158.4g),£1.68,(£1.06/100g),drinks,coffee,2025-05-29
Lavazza Qualità Rossa Ground Coffee,£5.40,(£2.16/100g),drinks,coffee,2025-05-29
Taylors of Harrogate Decaffé Coffee Bags 10 Enveloped Bags,£1.98,(£2.64/100g),drinks,coffee,2025-05-29
Illy Espresso Roast Ground Coffee,£6.28,(£2.51/100g),drinks,coffee,2025-05-29
Taylors of Harrogate Rich Italian Beans Roast Coffee 200g,£4.98,(£2.49/100g),drinks,coffee,2025-05-29
Leon Light Roast Coffee Beans,£4.00,(£2.00/100g),drinks,coffee,2025-05-29
Starbucks Multiserve Caramel Macchiato Iced Coffee,£2.52,(33.6p/100ml),drinks,coffee,2025-05-29
Nestle Instant Full Cream Milk Powder 1.8kg Tin,£24.00,(£1.33/100g),drinks,coffee,2025-05-29
Nescafe Gold Cappuccino Instant Coffee,£2.48,(£1.33/100g),drinks,coffee,2025-05-29
Kenco Iced Hot Salted Caramel Latte Sachets x8,£1.88,(£1.16/100g),drinks,coffee,2025-05-29
Carnation Caramel Drizzle Sauce,£3.18,(70.7p/100g),drinks,coffee,2025-05-29
Nescafé 3 in 1 Original 12 x 16g (192g),£1.74,(90.6p/100g),drinks,coffee,2025-05-29
Douwe Egberts Pure Decaf Instant Coffee,£7.28,(£3.83/100g),drinks,coffee,2025-05-29
Nescafe Gold Vanilla Latte Coffee Sachets,£1.68,(£1.14/100g),drinks,coffee,2025-05-29
Nescafé Gold Blend 95g,£3.98,(£3.98/100g),drinks,coffee,2025-05-29
Silver Spoon Sugar White Cubes,£1.45,(£2.90/kg),drinks,coffee,2025-05-29
Kenco Unsweetened Cappuccino Instant Coffee Sachets,£1.88,(£2.14/100g),drinks,coffee,2025-05-29
Jimmy's Iced Coffee Mocha,£1.70,(£6.80/lt),drinks,coffee,2025-05-29
Costa Creamy Cappuccino Sachets Drinks 6 x 17g (102g),£1.88,(£1.84/100g),drinks,coffee,2025-05-29
Starbucks Doubleshot Espresso Iced Coffee,£1.97,(98.5p/100ml),drinks,coffee,2025-05-29
Dolce Gusto Mocha 216g,£3.68,(56.8p/100g),drinks,coffee,2025-05-29
Kenco Latte Instant Coffee Sachets,£1.88,(£1.45/100g),drinks,coffee,2025-05-29
Kenco Millicano Americano Intense Instant Coffee,£6.64,(£6.99/100g),drinks,coffee,2025-05-29
ASDA Rich Roast Decaf Instant Granules 200g,£2.73,(£1.36/100g),drinks,coffee,2025-05-29
Lavazza Qualità Oro,£18.98,(£1.90/100g),drinks,coffee,2025-05-29
Nescafé 3 in 1 Original 8 x 16g (128g),£1.34,(£1.05/100g),drinks,coffee,2025-05-29
Nescafé Original Decaff Instant Coffee,£6.88,(£2.29/100g),drinks,coffee,2025-05-29
Lavazza Qualita Rossa Coffee Beans,£5.50,(£2.20/100g),drinks,coffee,2025-05-29
ASDA Extra Special Fairtrade Peruvian Roast & Ground Coffee,£3.76,(£1.66/100g),drinks,coffee,2025-05-29
Cadbury Bournville Cocoa,£3.35,(£1.34/100g),drinks,coffee,2025-05-29
Nescafe Original Instant Coffee,£4.98,(£2.49/100g),drinks,coffee,2025-05-29
Nescafe Refill Original,£4.78,(£3.19/100g),drinks,coffee,2025-05-29
Tassimo Creamer from Milk Pods x 16,£3.98,(£1.16/100g),drinks,coffee,2025-05-29
Taylors of Harrogate Decaffé Beans Roast Coffee 200g,£4.98,(£2.49/100g),drinks,coffee,2025-05-29
Taylors of Harrogate Lazy Sunday Beans Roast Coffee 200g,£4.98,(£2.49/100g),drinks,coffee,2025-05-29
Lavazza Decaffeinated Ground Coffee,£4.98,(£1.99/100g),drinks,coffee,2025-05-29
Nescafe Gold Blend Smooth 190g,£8.68,(£4.34/100g),drinks,coffee,2025-05-29
Starbucks Frappuccino Coffee Drink Indulgent Caramel Flavour 250ml,£1.17,(46.8p/100ml),drinks,coffee,2025-05-29
Lavazza Decaffeinated Coffee Beans,£12.00,(£2.40/100g),drinks,coffee,2025-05-29
ASDA Café Latte 8 x 16g (128g),£1.22,(89.7p/100g),drinks,coffee,2025-05-29
Nescafe Gold Blend Refill 150g,£4.74,(£3.16/100g),drinks,coffee,2025-05-29
Leon Fairtrade Organic Coffee Dark Roast Ground,£4.00,(£2.00/100g),drinks,coffee,2025-05-29
Starbucks Frappuccino Coffee Drink 250ml,£1.17,(46.8p/100ml),drinks,coffee,2025-05-29
TrueStart Lightly Caffeinated Instant Coffee 100g,£3.48,(£3.48/100g),drinks,coffee,2025-05-29
Nescafe Gold Blend 190g,£6.74,(£3.37/100g),drinks,coffee,2025-05-29
Lavazza Crema e Gusto Ground Coffee,£4.95,(£1.98/100g),drinks,coffee,2025-05-29
TrueStart Super Blend Instant Coffee 100g,£3.48,(£3.48/100g),drinks,coffee,2025-05-29
Taylors of Harrogate Hot Lava Java Coffee Bags,£1.98,(£2.64/100g),drinks,coffee,2025-05-29
Alpro Soya No Sugars Chilled Drink,£1.68,(£1.68/lt),drinks,coffee,2025-05-29
Nescafe Azera Americano Intense 90g,£3.98,(£4.42/100g),drinks,coffee,2025-05-29
Nescafe Azera Americano 90g,£3.98,(£4.42/100g),drinks,coffee,2025-05-29
TrueStart Barista Grade Instant Coffee 100g,£3.48,(£3.48/100g),drinks,coffee,2025-05-29
Cravendale Filtered Fresh Semi Skimmed Milk Fresher for Longer,£2.74,(£1.37/lt),drinks,coffee,2025-05-29
Starbucks Multiserve Caffe Latte Iced Coffee,£2.52,(£3.36/lt),drinks,coffee,2025-05-29
Arla Bob Skimmed Milk That Tastes like Semi Skimmed,£2.74,(£1.37/lt),drinks,coffee,2025-05-29
Alpro Soya No Sugars Chilled Drink,£1.68,(£1.68/lt),drinks,coffee,2025-05-29
L'OR Decafeine Instant Coffee,£7.24,(£4.83/100g),drinks,coffee,2025-05-29
Leon Fairtrade Organic Coffee Dark Roast Ground,£4.00,(£2.00/100g),drinks,coffee,2025-05-29
Lavazza Espresso Barista Gran Crema Coffee Beans 500g,£12.00,(£2.40/100g),drinks,coffee,2025-05-29
Monin Caramel Syrup,£3.45,(£1.38/100ml),drinks,coffee,2025-05-29
Nescafe Double Choc Mocha 8 x 20.9g (167.2g),£2.20,(£1.32/100g),drinks,coffee,2025-05-29
Nescafe Original Decaff Instant Coffee,£4.98,(£2.49/100g),drinks,coffee,2025-05-29
Nestle Instant Full Cream Milk Powder 1.8kg Tin,£24.00,(£1.33/100g),drinks,coffee,2025-05-29
Nescafe Gold Cappuccino Instant Coffee,£2.48,(£1.33/100g),drinks,coffee,2025-05-29
Carnation Caramel Drizzle Sauce,£3.18,(70.7p/100g),drinks,coffee,2025-05-29
Nescafé 3 in 1 Original 12 x 16g (192g),£1.74,(90.6p/100g),drinks,coffee,2025-05-29
Starbucks Multiserve Caramel Macchiato Iced Coffee,£2.52,(33.6p/100ml),drinks,coffee,2025-05-29
Silver Spoon Sugar White Cubes,£1.45,(£2.90/kg),drinks,coffee,2025-05-29
Kenco Iced Hot Salted Caramel Latte Sachets x8,£1.88,(£1.16/100g),drinks,coffee,2025-05-29
Nescafé Gold Blend 95g,£3.98,(£3.98/100g),drinks,coffee,2025-05-29
Lavazza Decaffeinated Ground Coffee,£4.98,(£1.99/100g),drinks,coffee,2025-05-29
Taylors of Harrogate Decaffé Ground Roast Coffee 200g,£4.98,(£2.49/100g),drinks,coffee,2025-05-29
Costa Instant Coffee Smooth Medium Roast,£6.94,(£6.94/100g),drinks,coffee,2025-05-29
Lavazza Qualità Rossa Coffee Beans,£22.48,(£2.25/100g),drinks,coffee,2025-05-29
ASDA Skinny Latte 330ml,£0.88,(26.7p/100ml),drinks,coffee,2025-05-29
Alpro Soya No Sugars Chilled Drink,£1.68,(£1.68/lt),drinks,coffee,2025-05-29
Nescafe Azera Americano Intense 90g,£3.98,(£4.42/100g),drinks,coffee,2025-05-29
Nescafe Azera Americano 90g,£3.98,(£4.42/100g),drinks,coffee,2025-05-29
TrueStart Barista Grade Instant Coffee 100g,£3.48,(£3.48/100g),drinks,coffee,2025-05-29
Cravendale Filtered Fresh Semi Skimmed Milk Fresher for Longer,£2.74,(£1.37/lt),drinks,coffee,2025-05-29
Starbucks Multiserve Caffe Latte Iced Coffee,£2.52,(£3.36/lt),drinks,coffee,2025-05-29
Guinness Draught Stout Beer 4.1% vol 8x440ml Cans,£11.24,(£3.19/lt),drinks,beer_cider,2025-05-29
Desperados Original Tequila Flavoured Beer Bottle,£3.33,(£5.12/lt),drinks,beer_cider,2025-05-29
Birra Moretti Premium Lager Beer Bottle,£2.88,(£4.36/lt),drinks,beer_cider,2025-05-29
Stella Artois Belgium Premium Lager Beer 18 Pack,£13.97,(£1.76/lt),drinks,beer_cider,2025-05-29
BrewDog Punk Post Modern Classic IPA 4 Pack,£5.17,(£3.92/lt),drinks,beer_cider,2025-05-29
Carling Original Lager Beer 18 x 440ml,£11.97,(£1.51/lt),drinks,beer_cider,2025-05-29
Carlsberg Danish Pilsner 18 x 440ml,£11.98,(£1.51/lt),drinks,beer_cider,2025-05-29
Budweiser Lager Beer Cans,£11.98,(£1.82/lt),drinks,beer_cider,2025-05-29
Budweiser Lager Beer Bottles 24 x 300ml,£14.98,(£2.08/lt),drinks,beer_cider,2025-05-29
Corona Extra 18 x 330ml,£14.94,(£2.52/lt),drinks,beer_cider,2025-05-29
Heineken Pure Malt Lager 15 x 440ml,£11.97,(£1.81/lt),drinks,beer_cider,2025-05-29
Desperados Original Tequila Flavoured Beer Bottles,£12.97,(£4.32/lt),drinks,beer_cider,2025-05-29
San Miguel Especial Premium Lager 12 x 330ml,£11.34,(£2.86/lt),drinks,beer_cider,2025-05-29
Beck's German Pilsner Beer Bottles,£8.98,(£2.72/lt),drinks,beer_cider,2025-05-29
Carling Original Lager Beer 10 x 440ml,£8.48,(£1.93/lt),drinks,beer_cider,2025-05-29
Heineken 0.0 Alcohol Free Beer Cans,£4.33,(£2.19/lt),drinks,beer_cider,2025-05-29
Carlsberg Danish Pilsner 10 x 440ml,£7.54,(£1.71/lt),drinks,beer_cider,2025-05-29
McEwan's Champion Ale Beer,£2.18,(£4.36/lt),drinks,beer_cider,2025-05-29
Stella Artois Belgium Premium Lager Beer,£2.52,(£3.82/lt),drinks,beer_cider,2025-05-29
Staropramen Premium Czech Lager,£2.78,(£4.21/lt),drinks,beer_cider,2025-05-29
Corona Extra Premium Lager Beer Bottles,£5.47,(£4.14/lt),drinks,beer_cider,2025-05-29
Tyskie Gronie Lager,£5.28,(£2.64/lt),drinks,beer_cider,2025-05-29
Heineken Premium Lager Beer Bottle,£2.58,(£3.97/lt),drinks,beer_cider,2025-05-29
Cobra Premium Beer 620ml,£2.78,(£4.48/lt),drinks,beer_cider,2025-05-29
Morland Old Crafty Hen Oak-Aged Vintage,£2.26,(£4.52/lt),drinks,beer_cider,2025-05-29
Warsteiner Premium Lager Beer,£2.47,(£3.74/lt),drinks,beer_cider,2025-05-29
Budweiser Lager Beer Bottle,£2.48,(£3.76/lt),drinks,beer_cider,2025-05-29
Tiger Asian Lager Beer Bottle,£2.72,(£4.25/lt),drinks,beer_cider,2025-05-29
Erdinger Weissbrau Weibbier 50cl,£2.18,(£4.36/lt),drinks,beer_cider,2025-05-29
Shepherd Neame 1698 Bottle Conditioned Ale,£2.47,(£4.94/lt),drinks,beer_cider,2025-05-29
Estrella Damm Premium Lager Beer,£2.58,(£3.91/lt),drinks,beer_cider,2025-05-29
Corona Lager Beer Bottle,£2.86,(£4.61/lt),drinks,beer_cider,2025-05-29
Stella Artois Belgium Unfiltered Premium Lager Beer,£2.62,(£4.23/lt),drinks,beer_cider,2025-05-29
St Austell Brewery Tribute Ale,£1.98,(£3.96/lt),drinks,beer_cider,2025-05-29
Guinness Original Extra Stout Beer Bottle,£2.27,(£4.54/lt),drinks,beer_cider,2025-05-29
Shipyard American IPA Ale Beer,£2.34,(£4.68/lt),drinks,beer_cider,2025-05-29
Adnams Ghost Ship Ale,£2.08,(£4.16/lt),drinks,beer_cider,2025-05-29
Blue Moon Belgian White American Craft Wheat Beer,£4.98,(£3.77/lt),drinks,beer_cider,2025-05-29
Wainwright Golden Ale Beer Bottle,£1.98,(£3.96/lt),drinks,beer_cider,2025-05-29
Daura Damm Gluten-Free Lager Beer,£5.47,(£4.14/lt),drinks,beer_cider,2025-05-29
Leffe Brune Abbey Beer Bottle,£3.93,(£5.24/lt),drinks,beer_cider,2025-05-29
Tyskie Gronie Lager,£2.52,(£3.88/lt),drinks,beer_cider,2025-05-29
Badger The Golden Champion Golden Ale,£2.18,(£4.36/lt),drinks,beer_cider,2025-05-29
Wye Valley Brewery Butty Bach Premium Ale,£2.27,(£4.54/lt),drinks,beer_cider,2025-05-29
Greene King Abbot Ale,£2.27,(£4.54/lt),drinks,beer_cider,2025-05-29
Adnams Southwold Ghost Ship 0.5% Citrus Pale Ale,£1.23,(£2.46/lt),drinks,beer_cider,2025-05-29
Sharp's Amber Ale 4x,£5.38,(£2.69/lt),drinks,beer_cider,2025-05-29
BrewDog Gluten Free Punk IPA 4 x 330ml,£5.36,(£4.06/lt),drinks,beer_cider,2025-05-29
Shepherd Neame Classic Collection IPA,£2.53,(£5.06/lt),drinks,beer_cider,2025-05-29
Robinsons Iron Maiden Trooper Premium British Beer,£2.26,(£4.52/lt),drinks,beer_cider,2025-05-29
La Chouffe Strong Blonde Golden Ale 330ml,£2.63,(£7.97/lt),drinks,beer_cider,2025-05-29
Black Sheep Ale,£2.27,(£4.54/lt),drinks,beer_cider,2025-05-29
BrewDog Triple Hazy New England IPA,£4.53,(£10.30/lt),drinks,beer_cider,2025-05-29
BrewDog Hazy Jane New England IPA,£2.26,(£5.14/lt),drinks,beer_cider,2025-05-29
Wye Valley Brewery HPA Hereford Pale Ale,£2.27,(£4.54/lt),drinks,beer_cider,2025-05-29
BrewDog Hazy Jane New England IPA,£3.76,(£8.55/lt),drinks,beer_cider,2025-05-29
Vocation Toucan Tropic,£3.03,(£6.89/lt),drinks,beer_cider,2025-05-29
Titanic Brewery Dark Strong Plum Porter,£2.27,(£4.54/lt),drinks,beer_cider,2025-05-29
Judicious Juicy Pale,£3.02,(£6.86/lt),drinks,beer_cider,2025-05-29
Black Sheep Brewery Milk Stout 500ml,£2.27,(£4.54/lt),drinks,beer_cider,2025-05-29
,,,drinks,beer_cider,2025-05-29
,,,drinks,beer_cider,2025-05-29
,,,drinks,beer_cider,2025-05-29
,,,drinks,beer_cider,2025-05-29
,,,drinks,beer_cider,2025-05-29
,,,drinks,beer_cider,2025-05-29
,,,drinks,beer_cider,2025-05-29
,,,drinks,beer_cider,2025-05-29
,,,drinks,beer_cider,2025-05-29
,,,drinks,beer_cider,2025-05-29
,,,drinks,beer_cider,2025-05-29
,,,drinks,beer_cider,2025-05-29
,,,drinks,beer_cider,2025-05-29
,,,drinks,beer_cider,2025-05-29
,,,drinks,beer_cider,2025-05-29
,,,drinks,beer_cider,2025-05-29
,,,drinks,beer_cider,2025-05-29
,,,drinks,beer_cider,2025-05-29
Guinness Draught Stout Beer 4.1% vol 8x440ml Cans,£11.24,(£3.19/lt),drinks,beer_cider,2025-05-29
Desperados Original Tequila Flavoured Beer Bottle,£3.33,(£5.12/lt),drinks,beer_cider,2025-05-29
Birra Moretti Premium Lager Beer Bottle,£2.88,(£4.36/lt),drinks,beer_cider,2025-05-29
Gwei.lo Rainbow Sherbet Sour 440ml,£3.02,(£6.86/lt),drinks,beer_cider,2025-05-29
Salt Brewery Sabro Edition the Hop Single Hop Series 440ml,£3.02,(£6.86/lt),drinks,beer_cider,2025-05-29
Corona Extra Premium Lager Beer Bottles,£12.74,(£3.22/lt),drinks,beer_cider,2025-05-29
Bud Light Beer 18 x 440ml,£10.98,(£1.39/lt),drinks,beer_cider,2025-05-29
Guinness Draught Stout Beer In Can 4.1% vol 15 x 440ml Cans,£19.97,(£3.03/lt),drinks,beer_cider,2025-05-29
Madri Excepcional 10 x 440ml,£14.98,(£3.40/lt),drinks,beer_cider,2025-05-29
Birra Moretti Premium Lager Beer Bottles,£19.44,(£3.27/lt),drinks,beer_cider,2025-05-29
Heineken 0.0 Alcohol Free Beer Bottles,£9.97,(£2.52/lt),drinks,beer_cider,2025-05-29
Budweiser Lager Beer Cans,£10.74,(£2.44/lt),drinks,beer_cider,2025-05-29
BrewDog Punk Post Modern Classic IPA 12 Pack,£13.47,(£3.40/lt),drinks,beer_cider,2025-05-29
Stella Artois Belgium Premium Lager 4 Pack,£6.24,(£2.75/lt),drinks,beer_cider,2025-05-29
Carlsberg Export Lager Beer 4 Pack,£5.54,(£2.44/lt),drinks,beer_cider,2025-05-29
Corona Extra Premium Lager Beer Cans,£10.00,(£3.03/lt),drinks,beer_cider,2025-05-29
Beck's Blue Alcohol Free Lager 0.05% ABV,£7.98,(£1.93/lt),drinks,beer_cider,2025-05-29
Doom Bar Amber Ale 10x,£12.64,(£2.87/lt),drinks,beer_cider,2025-05-29
Old Speckled Hen English Pale Ale,£12.47,(£2.83/lt),drinks,beer_cider,2025-05-29
BrewDog Lost Planet First Lager,£12.98,(£2.95/lt),drinks,beer_cider,2025-05-29
Cobra Premium Beer 12 x 330ml,£14.48,(£3.66/lt),drinks,beer_cider,2025-05-29
BrewDog Hazy Jane New England IPA 12 Pack,£13.47,(£3.40/lt),drinks,beer_cider,2025-05-29
Guinness Draught 0.0% Non-Alcoholic Beer,£5.47,(£3.11/lt),drinks,beer_cider,2025-05-29
BrewDog Mixed Pack,£11.97,(£4.53/lt),drinks,beer_cider,2025-05-29
Greene King Abbot Ale,£5.93,(£2.96/lt),drinks,beer_cider,2025-05-29
Feldschlosschen Lager,£3.84,(£1.92/lt),drinks,beer_cider,2025-05-29
Bavaria 0.0% Original Alcohol Free Beer,£5.48,(£2.08/lt),drinks,beer_cider,2025-05-29
Birra Moretti Premium Lager Beer Bottles,£5.98,(£4.53/lt),drinks,beer_cider,2025-05-29
Newcastle Brown Ale Beer Bottle,£1.78,(£3.24/lt),drinks,beer_cider,2025-05-29
Budweiser Lager Beer 4 pack Cans,£5.68,(£2.50/lt),drinks,beer_cider,2025-05-29
Peroni Nastro Azzurro Gluten Free Lager Beer Bottle,£7.24,(£5.48/lt),drinks,beer_cider,2025-05-29
Estrella Damm Premium Lager Beer,£16.48,(£4.16/lt),drinks,beer_cider,2025-05-29
Pilsner Urquell The Original Pilsner,£5.97,(£3.02/lt),drinks,beer_cider,2025-05-29
Carlsberg Danish Pilsner 4 x 568ml,£4.74,(£2.09/lt),drinks,beer_cider,2025-05-29
Holsten Pils 4 x 440ml,£4.94,(£2.81/lt),drinks,beer_cider,2025-05-29
Erdinger Alkoholfrei Low Alcohol Wheat Beer Bottle,£1.37,(£2.74/lt),drinks,beer_cider,2025-05-29
St Austell Proper ??b Powerfully Hopped Cornish IPA 4 x 440ml,£5.48,(£3.11/lt),drinks,beer_cider,2025-05-29
Desperados Original Tequila Flavoured Beer Bottles,£5.47,(£5.53/lt),drinks,beer_cider,2025-05-29
Timothy Taylor's Landlord Classic Pale Ale,£1.98,(£3.96/lt),drinks,beer_cider,2025-05-29
Carling Original Lager,£4.47,(£2.54/lt),drinks,beer_cider,2025-05-29
Foster's Lager Beer Cans,£4.58,(£2.60/lt),drinks,beer_cider,2025-05-29
BrewDog Hazy Jane New England IPA 4 Pack,£5.18,(£3.92/lt),drinks,beer_cider,2025-05-29
Banks's Exceptional Amber Bitter 500ml,£1.12,(£2.24/lt),drinks,beer_cider,2025-05-29
Budweiser Lager Beer Bottles,£4.94,(£4.12/lt),drinks,beer_cider,2025-05-29
Greene King Rich & Malty Premium Ale,£12.47,(£2.83/lt),drinks,beer_cider,2025-05-29
Vocation Brewery Life & Death Classic IPA 4 x 330ml,£7.23,(£5.48/lt),drinks,beer_cider,2025-05-29
Heineken Original 4 x 568ml,£6.67,(£2.94/lt),drinks,beer_cider,2025-05-29
Angelo Poretti Premium Beer 660ml,£1.77,(£2.68/lt),drinks,beer_cider,2025-05-29
Guinness Original Extra Stout Beer,£5.25,(£2.98/lt),drinks,beer_cider,2025-05-29
Tribute Pale Ale Cans,£6.00,(£3.00/lt),drinks,beer_cider,2025-05-29
Champigneulles Continental Lager,£3.16,(£2.39/lt),drinks,beer_cider,2025-05-29
Feldschlosschen Lager,£1.12,(£2.24/lt),drinks,beer_cider,2025-05-29
Reine des Bieres Champigneulles Continental Lager,£1.23,(£2.46/lt),drinks,beer_cider,2025-05-29
"Vocation Brewery Hop, Skip & Juice Hazy Pale Ale 4 x 330ml",£7.23,(£5.48/lt),drinks,beer_cider,2025-05-29
Thornbridge Jaipur Indian Pale Ale 4 x 330ml,£5.23,(£3.96/lt),drinks,beer_cider,2025-05-29
Sierra Nevada California IPA,£5.23,(£3.68/lt),drinks,beer_cider,2025-05-29
Budweiser Budvar Original Czech Lager,£1.62,(£3.24/lt),drinks,beer_cider,2025-05-29
Leffe Blonde Alcohol Free Beer,£4.47,(£2.98/lt),drinks,beer_cider,2025-05-29
Dragon Stout,£1.92,(£6.76/lt),drinks,beer_cider,2025-05-29
Greene King Handcrafted IPA,£4.97,(£2.48/lt),drinks,beer_cider,2025-05-29
,,,drinks,beer_cider,2025-05-29
,,,drinks,beer_cider,2025-05-29
,,,drinks,beer_cider,2025-05-29
,,,drinks,beer_cider,2025-05-29
,,,drinks,beer_cider,2025-05-29
,,,drinks,beer_cider,2025-05-29
,,,drinks,beer_cider,2025-05-29
,,,drinks,beer_cider,2025-05-29
,,,drinks,beer_cider,2025-05-29
,,,drinks,beer_cider,2025-05-29
,,,drinks,beer_cider,2025-05-29
,,,drinks,beer_cider,2025-05-29
,,,drinks,beer_cider,2025-05-29
,,,drinks,beer_cider,2025-05-29
,,,drinks,beer_cider,2025-05-29
,,,drinks,beer_cider,2025-05-29
,,,drinks,beer_cider,2025-05-29
,,,drinks,beer_cider,2025-05-29
Strongbow Cider Dark Fruit Cider Cans,£14.94,(£2.26/lt),drinks,beer_cider,2025-05-29
Strongbow Dark Fruit Cider 10 x 440ml,£12.21,(£2.77/lt),drinks,beer_cider,2025-05-29
Strongbow Dark Fruit Cider Cans,£5.14,(£2.92/lt),drinks,beer_cider,2025-05-29
Old Mout Cider Berries & Cherries,£8.47,(£2.57/lt),drinks,beer_cider,2025-05-29
Thatchers Haze Cloudy Somerset Cider 10 Pack,£8.97,(£2.04/lt),drinks,beer_cider,2025-05-29
Kopparberg Premium Cider with Strawberry & Lime,£9.47,(£2.87/lt),drinks,beer_cider,2025-05-29
Thatchers Rosé Cider 4 x 440ml,£5.18,(£2.94/lt),drinks,beer_cider,2025-05-29
Kopparberg Premium Pear Cider,£2.46,(£4.92/lt),drinks,beer_cider,2025-05-29
Angry Orchard Hard Cider Crisp Apple,£2.28,(£4.56/lt),drinks,beer_cider,2025-05-29
Kopparberg Premium Cider with Strawberry & Lime,£2.47,(£4.94/lt),drinks,beer_cider,2025-05-29
Thatchers Vintage Founder's Cider,£2.48,(£4.96/lt),drinks,beer_cider,2025-05-29
Strongbow Original Cider 10x Cans,£7.97,(£1.81/lt),drinks,beer_cider,2025-05-29
Henry Westons Organic Cider 500ml,£2.44,(£4.88/lt),drinks,beer_cider,2025-05-29
Henry Westons Vintage Cider,£9.97,(£3.32/lt),drinks,beer_cider,2025-05-29
Aspall Premier Cru Cyder 500ml,£2.88,(£5.76/lt),drinks,beer_cider,2025-05-29
Old Mout Cider Pineapple & Raspberry 500ml,£2.38,(£4.76/lt),drinks,beer_cider,2025-05-29
Thatchers Old Rascal Oak Aged Cider,£2.48,(£4.96/lt),drinks,beer_cider,2025-05-29
Kopparberg Premium Cider with Mixed Fruits,£9.47,(£2.87/lt),drinks,beer_cider,2025-05-29
Aspall Imperial Cyder Harvest No. 290 500ml,£3.16,(£6.32/lt),drinks,beer_cider,2025-05-29
Thatchers Katy Medium Dry Somerset Cider,£2.32,(£4.64/lt),drinks,beer_cider,2025-05-29
Merrydown Original Vintage Apple Cider 750ml,£3.08,(£4.11/lt),drinks,beer_cider,2025-05-29
Old Mout Cider Premium Kiwi & Lime Cider Bottle,£2.38,(£4.76/lt),drinks,beer_cider,2025-05-29
Healeys Cider,£2.48,(£4.96/lt),drinks,beer_cider,2025-05-29
Kopparberg Premium Cider with Pear,£8.97,(£2.72/lt),drinks,beer_cider,2025-05-29
Scrumpy Jack Premium British Cider Cans,£5.26,(£2.99/lt),drinks,beer_cider,2025-05-29
Thatchers Gold Somerset Cider,£8.97,(£2.04/lt),drinks,beer_cider,2025-05-29
Henry Westons Cloudy Vintage Cider,£2.28,(£4.56/lt),drinks,beer_cider,2025-05-29
Magners Original Apple Irish Cider,£2.48,(£4.37/lt),drinks,beer_cider,2025-05-29
Aspall Draught Cyder,£2.74,(£5.48/lt),drinks,beer_cider,2025-05-29
Old Mout Cider Premium Berries & Cherries Cider Bottle,£2.38,(£4.76/lt),drinks,beer_cider,2025-05-29
Magners Original Apple Irish Cider Cans,£11.98,(£1.51/lt),drinks,beer_cider,2025-05-29
Thatchers Blood Orange Cider,£2.33,(£4.66/lt),drinks,beer_cider,2025-05-29
Kopparberg Premium Cider with Mixed Fruits,£2.47,(£4.94/lt),drinks,beer_cider,2025-05-29
Henry Westons Vintage Cider,£2.28,(£4.56/lt),drinks,beer_cider,2025-05-29
Strongbow Original Cider Cans,£11.47,(£1.45/lt),drinks,beer_cider,2025-05-29
Inch's Apple Cider Cans,£10.96,(£2.49/lt),drinks,beer_cider,2025-05-29
Thatchers Blood Orange Cider Cans,£5.18,(£2.94/lt),drinks,beer_cider,2025-05-29
Kopparberg Alcohol-Free Premium Cider with Strawberry & Lime,£3.73,(£2.83/lt),drinks,beer_cider,2025-05-29
Stowford Press Apple Cider,£4.03,(£2.29/lt),drinks,beer_cider,2025-05-29
Thatchers Cloudy Lemon Cider,£5.18,(£3.01/lt),drinks,beer_cider,2025-05-29
Magners Irish Cider Original Apple 12x,£9.97,(£1.89/lt),drinks,beer_cider,2025-05-29
Crumpton Oaks Farmhouse Dry Apple Cider,£3.04,(£1.52/lt),drinks,beer_cider,2025-05-29
Inch's Apple Cider Cans,£4.74,(£2.69/lt),drinks,beer_cider,2025-05-29
Strongbow Original Cider Cans,£4.58,(£2.60/lt),drinks,beer_cider,2025-05-29
Kopparberg Premium Cider with Mixed Fruit,£5.33,(£4.04/lt),drinks,beer_cider,2025-05-29
Thatchers Gold Cider 4x,£4.97,(£2.82/lt),drinks,beer_cider,2025-05-29
Thatchers Somerset Haze,£4.97,(£2.82/lt),drinks,beer_cider,2025-05-29
Stowford Press Apple Cider,£9.97,(£2.27/lt),drinks,beer_cider,2025-05-29
Stowford Press Press Apple Cider 500ml,£1.66,(£3.32/lt),drinks,beer_cider,2025-05-29
Kopparberg Premium Cider with Strawberry & Lime,£5.34,(£4.05/lt),drinks,beer_cider,2025-05-29
Old Mout Cider Berries & Cherries Alcohol Free 500ml,£1.72,(£3.44/lt),drinks,beer_cider,2025-05-29
Crumpton Oaks Farmhouse Dry Cider,£1.11,(£2.22/lt),drinks,beer_cider,2025-05-29
Kopparberg Alcohol-Free Premium Cider with Mixed Fruit,£3.74,(£2.83/lt),drinks,beer_cider,2025-05-29
,,,drinks,beer_cider,2025-05-29
,,,drinks,beer_cider,2025-05-29
,,,drinks,beer_cider,2025-05-29
,,,drinks,beer_cider,2025-05-29
,,,drinks,beer_cider,2025-05-29
,,,drinks,beer_cider,2025-05-29
,,,drinks,beer_cider,2025-05-29
,,,drinks,beer_cider,2025-05-29
,,,drinks,beer_cider,2025-05-29
Kronenbourg 1664 Biere 0.0% Alcohol Free Beer Can 6x330ml,£3.98,(£2.01/lt),drinks,alc_free,2025-05-29
Heineken 0.0 Alcohol Free Beer Bottles,£9.97,(£2.52/lt),drinks,alc_free,2025-05-29
Heineken 0.0 Alcohol Free Beer Cans,£4.33,(£2.19/lt),drinks,alc_free,2025-05-29
BrewDog Alcohol Free Mix Pack 8 x 330ml,£6.66,(£2.52/lt),drinks,alc_free,2025-05-29
Birra Moretti Zero Alcohol Free Beer 4 x 330ml,£3.97,(£3.01/lt),drinks,alc_free,2025-05-29
Guinness Draught 0.0% Non-Alcoholic Beer,£5.47,(£3.11/lt),drinks,alc_free,2025-05-29
Peroni Nastro Azzurro 0.0% 4 x 330ml,£4.44,(£3.36/lt),drinks,alc_free,2025-05-29
Corona Cero Alcohol Free Beer,£10.92,(£2.76/lt),drinks,alc_free,2025-05-29
Corona Cero 4 x 330ml,£4.47,(£3.39/lt),drinks,alc_free,2025-05-29
St Austell Brewery Proper Job 0.5% IPA 500ml,£1.46,(£2.92/lt),drinks,alc_free,2025-05-29
Beck's Blue Alcohol Free Lager 0.05% ABV,£7.98,(£1.93/lt),drinks,alc_free,2025-05-29
Erdinger Alkoholfrei Low Alcohol Wheat Beer Bottle,£1.37,(£2.74/lt),drinks,alc_free,2025-05-29
Bavaria 0.0% Original Alcohol Free Beer,£5.48,(£2.08/lt),drinks,alc_free,2025-05-29
Asahi Super Dry Alcohol Free Beer Lager Cans 4 pack,£4.44,(£3.36/lt),drinks,alc_free,2025-05-29
Kopparberg Alcohol-Free Premium Cider Pear,£1.22,(£2.44/lt),drinks,alc_free,2025-05-29
Kirkstall Virtuous Low Alcohol IPA 440ml,£2.48,(£5.64/lt),drinks,alc_free,2025-05-29
Guinness Draught 0.0% Non-Alcoholic Beer 10 Pack,£11.98,(£2.72/lt),drinks,alc_free,2025-05-29
Kopparberg Premium Cider Alcohol Free with Strawberry & Lime 10 Pack,£6.97,(£2.11/lt),drinks,alc_free,2025-05-29
Chouffe Alcohol Free Belgian Beer,£1.78,(£5.39/lt),drinks,alc_free,2025-05-29
Brooklyn Brewery Alcohol Free Special Effects Hoppy Lager 4 x 330ml,£3.97,(£3.01/lt),drinks,alc_free,2025-05-29
Beavertown Lazer Crush Alcohol Free IPA 4 x 330ml,£4.98,(£3.77/lt),drinks,alc_free,2025-05-29
Inch's 0.0% Apple Cider 440ml,£3.97,(£2.26/lt),drinks,alc_free,2025-05-29
Kopparberg Alcohol-Free Premium Cider with Mixed Fruit,£3.74,(£2.83/lt),drinks,alc_free,2025-05-29
Thatchers Zero 0.0% Alcohol Free Cider,£1.88,(£3.76/lt),drinks,alc_free,2025-05-29
Kopparberg Premium Cider Alcohol Free with Strawberry & Lime 10 Pack,£6.97,(£2.11/lt),drinks,alc_free,2025-05-29
Stowford Press Press Apple Cider 500ml,£1.66,(£3.32/lt),drinks,alc_free,2025-05-29
Kopparberg Alcohol-free Variety Pack 10 x 330ml,£6.97,(£2.11/lt),drinks,alc_free,2025-05-29
Roku The House of Suntory Gin 70cl,£33.97,(£48.53/lt),drinks,spirit,2025-05-29
Sipsmith London Dry Gin 700ml,£30.97,(£44.24/lt),drinks,spirit,2025-05-29
Hendrick's Gin,£32.97,(£47.10/lt),drinks,spirit,2025-05-29
Gordon's Special London Dry Gin,£18.97,(£18.97/lt),drinks,spirit,2025-05-29
Bombay Sapphire Gin,£30.54,(£30.54/lt),drinks,spirit,2025-05-29
ASDA London Dry Gin,£17.54,(£17.54/lt),drinks,spirit,2025-05-29
JJ Whitley London Dry Gin,£18.47,(£18.47/lt),drinks,spirit,2025-05-29
Whitley Neill Rhubarb & Ginger Gin,£21.98,(£31.40/lt),drinks,spirit,2025-05-29
Whitley Neill Raspberry Gin,£21.98,(£31.40/lt),drinks,spirit,2025-05-29
Gordon's Morello Cherry Distilled Gin,£15.97,(£22.81/lt),drinks,spirit,2025-05-29
Gordon's Sicilian Lemon Flavoured Gin,£15.97,(£22.81/lt),drinks,spirit,2025-05-29
ASDA The Distiller Cherry & Vanilla Flavoured Gin Liqueur,£8.17,(£16.34/lt),drinks,spirit,2025-05-29
Whitley Neill Black Cherry Handcrafted Gin,£21.98,(£31.40/lt),drinks,spirit,2025-05-29
ASDA Extra Special Botanical Dry Gin,£21.97,(£31.39/lt),drinks,spirit,2025-05-29
Gordon's Special London Dry Gin,£15.97,(£22.81/lt),drinks,spirit,2025-05-29
Tanqueray London Dry Gin,£22.38,(£31.97/lt),drinks,spirit,2025-05-29
Tanqueray London Dry Gin,£21.97,(£21.97/lt),drinks,spirit,2025-05-29
Gordon's Premium Pink Gin Based Flavoured Spirit Drink 35% vol 70cl,£15.97,(£22.81/lt),drinks,spirit,2025-05-29
Gordon's Mediterranean Orange Flavoured Gin,£15.97,(£22.81/lt),drinks,spirit,2025-05-29
Gordon's London Dry Gin and Diet Tonic,£2.12,(£8.48/lt),drinks,spirit,2025-05-29
Gordon's Premium Pink Gin & Tonic,£2.12,(£8.48/lt),drinks,spirit,2025-05-29
Tanqueray Negroni Gin Cocktail 17.5% vol 100ml Can,£3.17,(£31.70/lt),drinks,spirit,2025-05-29
Bombay Sapphire Gin,£19.98,(£28.54/lt),drinks,spirit,2025-05-29
Gordon's Premium Pink Gin & Tonic Ready To Drink 5% vol 6x250ml Cans,£7.48,(£4.99/lt),drinks,spirit,2025-05-29
Gordon's London Dry Gin and Tonic,£2.12,(£8.48/lt),drinks,spirit,2025-05-29
Gordon's Premium Pink Gin & Lemonade Can,£2.12,(£8.48/lt),drinks,spirit,2025-05-29
Tanqueray Flor De Sevilla Orange Flavoured Gin,£19.97,(£28.53/lt),drinks,spirit,2025-05-29
Gordon's Tropical Passionfruit Flavoured Gin,£15.97,(£22.81/lt),drinks,spirit,2025-05-29
Opihr Oriental Spiced London Dry Gin,£22.48,(£32.11/lt),drinks,spirit,2025-05-29
Sipsmith London Lemon Drizzle Gin 700ml,£30.97,(£44.24/lt),drinks,spirit,2025-05-29
Engine Italian Organic Gin 700ml,£33.44,(£47.77/lt),drinks,spirit,2025-05-29
Gordons Gin & Schweppes Tonic Bundle,£17.75,null,drinks,spirit,2025-05-29
Gordon's Premium Pink Gin Based Flavoured Spirit Drink 35% vol 1L,£26.47,(£26.47/lt),drinks,spirit,2025-05-29
Hendrick's Flora Adora Gin,£32.42,(£46.31/lt),drinks,spirit,2025-05-29
Schweppes Slimline Tonic Water 1L,£1.78,(17.8p/100ml),drinks,spirit,2025-05-29
JJ Whitley Pink Gin,£18.47,(£18.47/lt),drinks,spirit,2025-05-29
Bombay Citron Pressé Lemon Gin,£25.36,(£36.23/lt),drinks,spirit,2025-05-29
ASDA The Gin Distiller Pink Grapefruit Flavoured Gin 70cl,£15.36,(£21.94/lt),drinks,spirit,2025-05-29
Plymouth The Original Strength English Gin,£26.97,(£38.53/lt),drinks,spirit,2025-05-29
ASDA London Dry Gin,£7.23,(£20.66/lt),drinks,spirit,2025-05-29
ASDA Botanical Spirit Drink 70cl,£12.13,(£17.33/lt),drinks,spirit,2025-05-29
George Home Timeless Gin Glass,£2.50,(£2.50/each),drinks,spirit,2025-05-29
George Home Sparkle Gin Glass,£10.00,(£10.00/each),drinks,spirit,2025-05-29
George Home Gin Glasses - 2 Pack,£3.50,(£1.75/each),drinks,spirit,2025-05-29
George Home Elysia Gin Glass,£2.50,(£2.50/each),drinks,spirit,2025-05-29
George Home Ribbed Gin Glass 2 Pack,£8.00,(£4.00/each),drinks,spirit,2025-05-29
Roku The House of Suntory Gin 70cl,£33.97,(£48.53/lt),drinks,spirit,2025-05-29
Sipsmith London Dry Gin 700ml,£30.97,(£44.24/lt),drinks,spirit,2025-05-29
Hendrick's Gin,£32.97,(£47.10/lt),drinks,spirit,2025-05-29
Gordon's Premium Pink Gin & Tonic Ready To Drink 5% vol 6x250ml Cans,£7.48,(£4.99/lt),drinks,spirit,2025-05-29
Gordon's Special London Dry Gin,£18.97,(£18.97/lt),drinks,spirit,2025-05-29
Tanqueray London Dry Gin,£21.97,(£21.97/lt),drinks,spirit,2025-05-29
Plymouth The Original Strength English Gin,£26.97,(£38.53/lt),drinks,spirit,2025-05-29
Tanqueray No. Ten Gin,£35.97,(£51.39/lt),drinks,spirit,2025-05-29
Gordon's Premium Pink Gin Based Flavoured Spirit Drink 35% vol 70cl,£15.97,(£22.81/lt),drinks,spirit,2025-05-29
Gordon's Sicilian Lemon Flavoured Gin,£15.97,(£22.81/lt),drinks,spirit,2025-05-29
Gordon's Alcohol Free 0.0%,£14.98,(£21.40/lt),drinks,spirit,2025-05-29
Tanqueray Flor De Sevilla Orange Flavoured Gin,£19.97,(£28.53/lt),drinks,spirit,2025-05-29
Roku The House of Suntory Gin 70cl,£33.97,(£48.53/lt),drinks,spirit,2025-05-29
Sipsmith London Dry Gin 700ml,£30.97,(£44.24/lt),drinks,spirit,2025-05-29
Hendrick's Gin,£32.97,(£47.10/lt),drinks,spirit,2025-05-29
Hendrick's Flora Adora Gin,£32.42,(£46.31/lt),drinks,spirit,2025-05-29
ASDA Botanical Spirit Drink 70cl,£12.13,(£17.33/lt),drinks,spirit,2025-05-29
Gordon's Special London Dry Gin,£9.50,(£27.14/lt),drinks,spirit,2025-05-29
Gordons Gin & Schweppes Tonic Cans Bundle,£19.73,null,drinks,spirit,2025-05-29
ASDA The Distiller Rhubarb & Ginger Flavoured Gin Liqueur,£8.17,(£16.34/lt),drinks,spirit,2025-05-29
Sipsmith London Sloe Gin 700ml,£30.37,(£43.39/lt),drinks,spirit,2025-05-29
Tanqueray No. Ten Gin,£35.97,(£51.39/lt),drinks,spirit,2025-05-29
ASDA The Gin Distiller Black Cherry Flavoured Gin 70cl,£15.36,(£21.94/lt),drinks,spirit,2025-05-29
Bathtub Gin Bathtub Gin 700ml,£32.48,(£46.40/lt),drinks,spirit,2025-05-29
Gordon's Alcohol Free 0.0%,£14.98,(£21.40/lt),drinks,spirit,2025-05-29
Schweppes Slimline Grapefuit Tonic Water 1L,£1.78,(17.8p/100ml),drinks,spirit,2025-05-29
George Home Timeless Gin Glass,£2.50,(£2.50/each),drinks,spirit,2025-05-29
George Home Sparkle Gin Glass,£10.00,(£10.00/each),drinks,spirit,2025-05-29
George Home Gin Glasses - 2 Pack,£3.50,(£1.75/each),drinks,spirit,2025-05-29
George Home Elysia Gin Glass,£2.50,(£2.50/each),drinks,spirit,2025-05-29
George Home Ribbed Gin Glass 2 Pack,£8.00,(£4.00/each),drinks,spirit,2025-05-29
Roku The House of Suntory Gin 70cl,£33.97,(£48.53/lt),drinks,spirit,2025-05-29
Sipsmith London Dry Gin 700ml,£30.97,(£44.24/lt),drinks,spirit,2025-05-29
Hendrick's Gin,£32.97,(£47.10/lt),drinks,spirit,2025-05-29
Gordon's Premium Pink Gin & Tonic Ready To Drink 5% vol 6x250ml Cans,£7.48,(£4.99/lt),drinks,spirit,2025-05-29
Tanqueray London Dry Gin,£21.97,(£21.97/lt),drinks,spirit,2025-05-29
Plymouth The Original Strength English Gin,£26.97,(£38.53/lt),drinks,spirit,2025-05-29
Tanqueray Flor De Sevilla Orange Flavoured Gin,£19.97,(£28.53/lt),drinks,spirit,2025-05-29
Tanqueray No. Ten Gin,£35.97,(£51.39/lt),drinks,spirit,2025-05-29
Gordon's Special London Dry Gin,£18.97,(£18.97/lt),drinks,spirit,2025-05-29
Gordon's Alcohol Free 0.0%,£14.98,(£21.40/lt),drinks,spirit,2025-05-29
Gordon's Premium Pink Gin Based Flavoured Spirit Drink 35% vol 70cl,£15.97,(£22.81/lt),drinks,spirit,2025-05-29
Gordon's Premium Pink Gin Based Flavoured Spirit Drink 35% vol 1L,£26.47,(£26.47/lt),drinks,spirit,2025-05-29
Ciroc Strawberry Limonade 30% vol 70cl,£27.98,(£39.97/lt),drinks,spirit,2025-05-29
Absolut Wild Berri Berry Flavoured Swedish Vodka,£17.97,(£25.67/lt),drinks,spirit,2025-05-29
Ciroc Premium Vodka,£30.48,(£43.54/lt),drinks,spirit,2025-05-29
Smirnoff Premium Vodka,£18.97,(£18.97/lt),drinks,spirit,2025-05-29
Smirnoff Cherry Drop Vodka Based Flavoured Spirit Drink 35% vol 70cl,£15.97,(£22.81/lt),drinks,spirit,2025-05-29
JJ Vodka Raspberry Vodka Mix Spirit Drink 70cl,£13.97,(£19.96/lt),drinks,spirit,2025-05-29
Absolut Blue Original Swedish Vodka,£17.97,(£25.67/lt),drinks,spirit,2025-05-29
Smirnoff Ice Tropical Ready To Drink Premix,£2.98,(£4.26/lt),drinks,spirit,2025-05-29
Nemiroff De Luxe Premium Vodka 700ml,£17.46,(£24.94/lt),drinks,spirit,2025-05-29
Au Vodka Blue Raspberry Soda,£3.17,(£9.61/lt),drinks,spirit,2025-05-29
Smirnoff Mango & Passionfruit Twist Vodka Based Flavoured Spirit Drink 35% vol 70cl,£15.97,(£22.81/lt),drinks,spirit,2025-05-29
JJ Blue Raspberry Vodka Mix Spirit Drink 70cl,£13.97,(£19.96/lt),drinks,spirit,2025-05-29
Smirnoff & Diet Cola Vodka Ready to Drink Premix Can 250,£1.98,(£7.92/lt),drinks,spirit,2025-05-29
Ciroc Red Berry Sparkling Vodka Drink 5% vol 250ml Can,£2.73,(£10.92/lt),drinks,spirit,2025-05-29
Smirnoff Raspberry Crush Vodka Based Flavoured Spirit Drink 35% vol 70cl,£15.97,(£22.81/lt),drinks,spirit,2025-05-29
Au Vodka Black Grape Soda,£3.17,(£9.61/lt),drinks,spirit,2025-05-29
Smirnoff Ice Original Cans 10 Pack,£9.98,(£3.99/lt),drinks,spirit,2025-05-29
ASDA Triple Distilled Vodka,£17.73,(£17.73/lt),drinks,spirit,2025-05-29
Zubrowka Biala The Original Vodka,£18.47,(£18.47/lt),drinks,spirit,2025-05-29
ASDA Triple Distilled Vodka,£26.16,(£17.44/lt),drinks,spirit,2025-05-29
Glens Vodka,£18.47,(£18.47/lt),drinks,spirit,2025-05-29
ASDA Triple Distilled Vodka,£7.23,(£20.66/lt),drinks,spirit,2025-05-29
Smirnoff Premium Vodka,£15.97,(£22.81/lt),drinks,spirit,2025-05-29
Au Vodka Vodka Blue Raspberry Flavoured Vodka Spirit Drink,£28.46,(£40.66/lt),drinks,spirit,2025-05-29
Absolut Passionfruit Flavored Swedish Vodka,£22.37,(£31.96/lt),drinks,spirit,2025-05-29
Au Vodka Juicy Peach 70cl,£28.46,(£40.66/lt),drinks,spirit,2025-05-29
Krupnik Vodka 50cl,£13.00,(£26.00/lt),drinks,spirit,2025-05-29
Chase Rhubarb Flavoured Vodka 40% vol 70cl Bottle,£28.00,(£40.00/lt),drinks,spirit,2025-05-29
ASDA London Dry Gin,£26.16,(£17.44/lt),drinks,spirit,2025-05-29
Absolut Vanilia - Vanilla Flavoured Vodka 70cl,£17.97,(£25.67/lt),drinks,spirit,2025-05-29
Nemiroff De Luxe Premium Vodka 1000ml,£27.04,(£27.04/lt),drinks,spirit,2025-05-29
Krupnik Cherry Original 50cl,£13.00,(£26.00/lt),drinks,spirit,2025-05-29
Schweppes Slimline Elderflower Tonic Water 1L,£1.78,(17.8p/100ml),drinks,spirit,2025-05-29
Smirnoff Miami Peach 35% vol 70cl,£15.97,(£22.81/lt),drinks,spirit,2025-05-29
Funkin Blue Raspberry Martini Cocktails 700ml,£9.48,(£13.54/lt),drinks,spirit,2025-05-29
Ciroc Red Berry Flavoured Vodka 37.5% vol 70cl,£30.38,(£43.40/lt),drinks,spirit,2025-05-29
ASDA Neutral Spirit Drink 70cl,£12.13,(£17.33/lt),drinks,spirit,2025-05-29
Smirnoff Premium Vodka,£10.68,(£30.51/lt),drinks,spirit,2025-05-29
Absolut Blue Original Swedish Vodka,£28.98,(£28.98/lt),drinks,spirit,2025-05-29
Au Vodka Pink Lemonade Flavoured Spirit Drink,£28.46,(£40.66/lt),drinks,spirit,2025-05-29
Absolut Raspberri - Raspberry Flavoured Vodka 70cl,£22.37,(£31.96/lt),drinks,spirit,2025-05-29
Grey Goose Premium Vodka,£41.97,(£59.96/lt),drinks,spirit,2025-05-29
Absolut Blue Original Swedish Vodka,£11.68,(£33.37/lt),drinks,spirit,2025-05-29
,,,drinks,spirit,2025-05-29
,,,drinks,spirit,2025-05-29
,,,drinks,spirit,2025-05-29
,,,drinks,spirit,2025-05-29
,,,drinks,spirit,2025-05-29
,,,drinks,spirit,2025-05-29
,,,drinks,spirit,2025-05-29
,,,drinks,spirit,2025-05-29
,,,drinks,spirit,2025-05-29
,,,drinks,spirit,2025-05-29
,,,drinks,spirit,2025-05-29
,,,drinks,spirit,2025-05-29
Bell's Original Blended Scotch Whisky,£18.97,(£18.97/lt),drinks,spirit,2025-05-29
Jack Daniel's Tennessee Fire Whiskey 1L,£24.98,(£24.98/lt),drinks,spirit,2025-05-29
Jim Beam Kentucky Straight Bourbon Whiskey 1L,£21.48,(£21.48/lt),drinks,spirit,2025-05-29
Jack Daniel's Tennessee Whiskey,£34.98,(£34.98/lt),drinks,spirit,2025-05-29
Jack Daniel's Old No. 7 Tennessee Whiskey,£13.17,(£37.63/lt),drinks,spirit,2025-05-29
Maker's Mark Kentucky Straight Bourbon Whisky 70cl,£33.98,(£48.54/lt),drinks,spirit,2025-05-29
Jim Beam Red Stag Black Cherry Liqueur,£19.31,(£27.59/lt),drinks,spirit,2025-05-29
The Glenlivet 12 Year Old Single Malt Scotch Whisky,£44.97,(£64.24/lt),drinks,spirit,2025-05-29
Glen Moray Speyside Single Malt Scotch Whisky 70cl,£20.48,(£29.26/lt),drinks,spirit,2025-05-29
Jim Beam Kentucky Straight Bourbon Whiskey 70cl,£20.72,(£29.60/lt),drinks,spirit,2025-05-29
Jack Daniel's Tennessee Honey Whiskey,£34.98,(£34.98/lt),drinks,spirit,2025-05-29
Buffalo Trace Kentucky Straight Bourbon,£26.74,(£38.20/lt),drinks,spirit,2025-05-29
Jack Daniel's Gentleman Jack Whiskey,£34.48,(£49.26/lt),drinks,spirit,2025-05-29
Woodford Reserve Distiller's Select Kentucky Straight Bourbon Whiskey,£37.42,(£53.46/lt),drinks,spirit,2025-05-29
Jack Daniel's Tennessee Honey 35 cL,£13.17,(£37.63/lt),drinks,spirit,2025-05-29
Jameson Triple Distilled Blended Irish Whiskey,£25.98,(£25.98/lt),drinks,spirit,2025-05-29
Whyte & Mackay Blended Scotch Whisky,£18.47,(£18.47/lt),drinks,spirit,2025-05-29
The Famous Grouse Finest Blended Scotch Whisky,£23.47,(£23.47/lt),drinks,spirit,2025-05-29
Southern Comfort Original Liqueur with Whiskey,£20.00,(£20.00/lt),drinks,spirit,2025-05-29
ASDA McKendrick's Blended Scotch Whisky 3 Years Old,£18.44,(£18.44/lt),drinks,spirit,2025-05-29
Jack Daniel's Tennessee Whiskey,£18.97,(£27.10/lt),drinks,spirit,2025-05-29
Ballantine's Finest Blended Scotch Whisky,£18.48,(£26.40/lt),drinks,spirit,2025-05-29
Auchentoshan American Oak Cask Single Malt Whisky,£22.48,(£32.11/lt),drinks,spirit,2025-05-29
Jack Daniel's Single Barrel Select Tennessee Whiskey,£45.48,(£64.97/lt),drinks,spirit,2025-05-29
Glenfiddich 12 Year Old Single Malt Scotch Whisky,£20.00,(£57.14/lt),drinks,spirit,2025-05-29
Chivas Regal 12 Year Old Blended Scotch Whisky,£21.98,(£31.40/lt),drinks,spirit,2025-05-29
Haig Club Clubman Single Grain Scotch Whisky,£18.44,(£26.34/lt),drinks,spirit,2025-05-29
The Glenlivet Founder's Reserve Single Malt Scotch Whisky,£25.98,(£37.11/lt),drinks,spirit,2025-05-29
Wild Turkey Wild Turkey 101 Kentucky Bourbon Whiskey,£23.98,(£34.26/lt),drinks,spirit,2025-05-29
Tamnavulin Speyside Single Malt Scotch Whisky Port Cask Edition 70cl,£23.97,(£34.24/lt),drinks,spirit,2025-05-29
The Ardmore Single Malt Scotch Whisky,£32.38,(£46.26/lt),drinks,spirit,2025-05-29
Whyte & Mackay Blended Scotch Whisky,£9.22,(£26.34/lt),drinks,spirit,2025-05-29
Johnnie Walker Black Label Blended Scotch Whisky,£23.38,(£33.40/lt),drinks,spirit,2025-05-29
Glenmorangie Triple Cask Reserve 70cl,£24.98,(£35.69/lt),drinks,spirit,2025-05-29
Monkey Shoulder Blended Malt Scotch Whisky,£30.48,(£43.54/lt),drinks,spirit,2025-05-29
Bunnahabhain Stiuireadair Islay Single Malt Scotch Whisky,£27.47,(£39.24/lt),drinks,spirit,2025-05-29
Glenfiddich Single Malt Scotch Whisky 15 Years Old,£52.46,(£74.94/lt),drinks,spirit,2025-05-29
ASDA McKendrick's Blended Scotch Whisky 3 Years Old,£12.88,(£18.40/lt),drinks,spirit,2025-05-29
Laphroaig Islay Single Malt Scotch Whisky Aged 10 Years 700ml,£29.98,(£42.83/lt),drinks,spirit,2025-05-29
The Famous Grouse Finest Blended Scotch Whisky,£14.97,(£21.39/lt),drinks,spirit,2025-05-29
Jura Rum Cask Edition Single Malt Scotch Whisky,£25.28,(£36.11/lt),drinks,spirit,2025-05-29
Bell's Original Blended Scotch Whisky,£10.69,(£30.54/lt),drinks,spirit,2025-05-29
Glenfiddich Single Malt Scotch Whisky 12 Years Old,£40.00,(£57.14/lt),drinks,spirit,2025-05-29
Jura Red Wine Cask Edition Single Malt Scotch Whisky,£25.47,(£36.39/lt),drinks,spirit,2025-05-29
Jura 10 Year Old Aged Single Malt Scotch Whisky,£26.48,(£37.83/lt),drinks,spirit,2025-05-29
Whyte & Mackay Blended Scotch Whisky,£17.48,(£24.97/lt),drinks,spirit,2025-05-29
,,,drinks,spirit,2025-05-29
,,,drinks,spirit,2025-05-29
,,,drinks,spirit,2025-05-29
,,,drinks,spirit,2025-05-29
,,,drinks,spirit,2025-05-29
,,,drinks,spirit,2025-05-29
,,,drinks,spirit,2025-05-29
,,,drinks,spirit,2025-05-29
,,,drinks,spirit,2025-05-29
,,,drinks,spirit,2025-05-29
,,,drinks,spirit,2025-05-29
Bell's Original Blended Scotch Whisky,£18.97,(£18.97/lt),drinks,spirit,2025-05-29
Aberlour Distillery 12 Years Old Speyside Single Malt Scotch Whisky,£33.97,(£48.53/lt),drinks,spirit,2025-05-29
Grangestone Highland Single Malt Scotch Whisky 70cl,£25.00,(£35.71/lt),drinks,spirit,2025-05-29
Jameson Triple Distilled Irish Whiskey 700ml,£25.88,(£36.97/lt),drinks,spirit,2025-05-29
Haig Club Clubman Single Grain Scotch Whisky,£36.54,(£36.54/lt),drinks,spirit,2025-05-29
Jim Beam Orange Kentucky Bourbon Whiskey,£19.31,(£27.59/lt),drinks,spirit,2025-05-29
Haig Club Clubman Single Grain Scotch Whisky,£18.44,(£26.34/lt),drinks,spirit,2025-05-29
The Famous Grouse Finest Blended Scotch Whisky,£14.97,(£21.39/lt),drinks,spirit,2025-05-29
Jura Rum Cask Edition Single Malt Scotch Whisky,£25.28,(£36.11/lt),drinks,spirit,2025-05-29
Laphroaig Islay Single Malt Scotch Whisky Aged 10 Years 700ml,£29.98,(£42.83/lt),drinks,spirit,2025-05-29
Tamnavulin Speyside Single Malt Scotch Whisky Sherry Cask Edition 70cl,£35.38,(£50.54/lt),drinks,spirit,2025-05-29
Bell's Original Blended Scotch Whisky,£10.69,(£30.54/lt),drinks,spirit,2025-05-29
Jura 10 Year Old Aged Single Malt Scotch Whisky,£26.48,(£37.83/lt),drinks,spirit,2025-05-29
Bell's Original Blended Scotch Whisky,£15.97,(£22.81/lt),drinks,spirit,2025-05-29
Jack Daniel's Mini & Hip Flask Set,£7.97,(£7.97/each),drinks,spirit,2025-05-29
Whyte & Mackay Blended Scotch Whisky,£17.48,(£24.97/lt),drinks,spirit,2025-05-29
Glenfiddich Single Malt Scotch Whisky 12 Years Old,£40.00,(£57.14/lt),drinks,spirit,2025-05-29
The Singleton of Dufftown Malt Master Selection Single Malt Scotch Whisky,£23.96,(£34.23/lt),drinks,spirit,2025-05-29
Jura Single Malt Scotch Whisky Bourbon Cask,£22.48,(£32.11/lt),drinks,spirit,2025-05-29
Jura Red Wine Cask Edition Single Malt Scotch Whisky,£25.47,(£36.39/lt),drinks,spirit,2025-05-29
Bushmills Irish Whiskey,£19.48,(£27.83/lt),drinks,spirit,2025-05-29
Wild Turkey Wild Turkey 101 Kentucky Bourbon Whiskey,£23.98,(£34.26/lt),drinks,spirit,2025-05-29
ASDA McKendrick's Blended Scotch Whisky 3 Years Old,£6.45,(£18.43/lt),drinks,spirit,2025-05-29
Johnnie Walker Black Label Blended Scotch Whisky,£23.38,(£33.40/lt),drinks,spirit,2025-05-29
Bunnahabhain Stiuireadair Islay Single Malt Scotch Whisky,£27.47,(£39.24/lt),drinks,spirit,2025-05-29
Glenfiddich Single Malt Scotch Whisky 15 Years Old,£52.46,(£74.94/lt),drinks,spirit,2025-05-29
ASDA McKendrick's Blended Scotch Whisky 3 Years Old,£12.88,(£18.40/lt),drinks,spirit,2025-05-29
Whyte & Mackay Blended Scotch Whisky,£9.22,(£26.34/lt),drinks,spirit,2025-05-29
Jack Daniel's Tennessee Fire Whiskey 1L,£24.98,(£24.98/lt),drinks,spirit,2025-05-29
Bushmills Irish Whiskey,£30.97,(£30.97/lt),drinks,spirit,2025-05-29
Bushmills Single Malt Irish Whiskey Aged 10 Years,£36.38,(£51.97/lt),drinks,spirit,2025-05-29
Penderyn Single Malt Welsh Whisky Legend 70cl,£33.98,(£48.54/lt),drinks,spirit,2025-05-29
Southern Comfort Original Liqueur with Whiskey,£16.34,(£23.34/lt),drinks,spirit,2025-05-29
Jack Daniel's Tennessee Fire Whiskey,£18.97,(£27.10/lt),drinks,spirit,2025-05-29
Jack Daniel's Tennessee Apple Whiskey,£18.97,(£27.10/lt),drinks,spirit,2025-05-29
Jack Daniel's Tennessee Honey,£18.97,(£27.10/lt),drinks,spirit,2025-05-29
Jack Daniel's Tennessee Fire Whiskey 1L,£24.98,(£24.98/lt),drinks,spirit,2025-05-29
Jack Daniel's Tennessee Whiskey,£34.98,(£34.98/lt),drinks,spirit,2025-05-29
Jack Daniel's Tennessee Whiskey,£18.97,(£27.10/lt),drinks,spirit,2025-05-29
Aberlour Distillery 12 Years Old Speyside Single Malt Scotch Whisky,£33.97,(£48.53/lt),drinks,spirit,2025-05-29
Bell's Original Blended Scotch Whisky,£18.97,(£18.97/lt),drinks,spirit,2025-05-29
Jack Daniel's Gentleman Jack Whiskey,£34.48,(£49.26/lt),drinks,spirit,2025-05-29
Cardhu Gold Reserve Single Malt Scotch Whisky,£45.98,(£65.69/lt),drinks,spirit,2025-05-29
Monkey Shoulder Blended Malt Scotch Whisky,£30.48,(£43.54/lt),drinks,spirit,2025-05-29
Jack Daniel's Tennessee Honey Whiskey,£34.98,(£34.98/lt),drinks,spirit,2025-05-29
Jack Daniel's Tennessee Apple Whiskey,£18.97,(£27.10/lt),drinks,spirit,2025-05-29
Jack Daniel's Tennessee Fire Whiskey,£18.97,(£27.10/lt),drinks,spirit,2025-05-29
Bumbu The Original Rum,£31.48,(£44.97/lt),drinks,spirit,2025-05-29
Sailor Jerry Original Spiced Caribbean Rum,£15.97,(£22.81/lt),drinks,spirit,2025-05-29
Lamb's Spiced Rum Spirit Drink 1L,£18.47,(£18.47/lt),drinks,spirit,2025-05-29
Captain Morgan Tiki Mango & Pineapple Rum Based Spirit Drink,£15.97,(£22.81/lt),drinks,spirit,2025-05-29
The Kraken Black Spiced Rum Black Cherry & Madagascan Vanilla,£19.98,(£28.54/lt),drinks,spirit,2025-05-29
ASDA Coconut Bay 70cl,£8.22,(£11.74/lt),drinks,spirit,2025-05-29
Captain Morgan Original Spiced Gold Rum Based Spirit Drink,£18.97,(£18.97/lt),drinks,spirit,2025-05-29
Bacardí Carta Blanca White Rum,£10.68,(£30.51/lt),drinks,spirit,2025-05-29
Captain Morgan Original Spiced Gold Rum Based Spirit Drink,£10.67,(£30.49/lt),drinks,spirit,2025-05-29
Malibu Piña Colada Pre-Mixed Can,£2.17,(£8.68/lt),drinks,spirit,2025-05-29
Dead Man's Fingers Vanilla Rum Spirit Drink 70cl,£15.97,(£22.81/lt),drinks,spirit,2025-05-29
ASDA Caribbean Dark Spirit Drink 70cl,£12.58,(£17.97/lt),drinks,spirit,2025-05-29
ASDA Refined Dark Navy Rum,£17.73,(£17.73/lt),drinks,spirit,2025-05-29
Malibu Coconut Rum & Pineapple Pre-Mixed Can,£2.17,(£8.68/lt),drinks,spirit,2025-05-29
ASDA Carta Blanca Superior White Rum,£13.36,(£19.09/lt),drinks,spirit,2025-05-29
Bacardí Spiced Premium Rum Spirit Drink,£23.50,(£23.50/lt),drinks,spirit,2025-05-29
Captain Morgan Dark Rum,£19.24,(£27.49/lt),drinks,spirit,2025-05-29
Fever-Tree Refreshingly Light Spiced Orange Ginger Ale,£1.72,(34.4p/100ml),drinks,spirit,2025-05-29
Dead Man's Fingers Spiced Rum,£17.97,(£25.67/lt),drinks,spirit,2025-05-29
Bacardi Mojito,£2.07,(£8.28/lt),drinks,spirit,2025-05-29
Mount Gay Eclipse Barbados Golden Rum 70cl,£18.98,(£27.11/lt),drinks,spirit,2025-05-29
ASDA Fine Dark Navy Rum,£13.36,(£19.09/lt),drinks,spirit,2025-05-29
Bacardí Carta Blanca White Rum,£15.97,(£22.81/lt),drinks,spirit,2025-05-29
Schweppes Slimline Canada Dry Ginger Ale 1L,£1.78,(17.8p/100ml),drinks,spirit,2025-05-29
Lamb's Pineapple Rum 100cl,£18.47,(£18.47/lt),drinks,spirit,2025-05-29
Legendary El Galipote Spiced Rum Based Spirit Drink 700ml,£16.37,(£23.39/lt),drinks,spirit,2025-05-29
Dead Man's Fingers Cherry Rum Spirit Drink 70cl,£15.97,(£22.81/lt),drinks,spirit,2025-05-29
ASDA Carta Blanc Superior White Rum,£17.73,(£17.73/lt),drinks,spirit,2025-05-29
Captain Morgan Original Spiced Gold Rum Based Spirit Drink,£15.97,(£22.81/lt),drinks,spirit,2025-05-29
ASDA White Rum,£6.97,(£19.91/lt),drinks,spirit,2025-05-29
Captain Morgan Black Spiced Rum Spirit 40% vol 70cl Bottle,£23.38,(£33.40/lt),drinks,spirit,2025-05-29
ASDA Caribbean Spiced Spirit Drink,£12.22,(£17.46/lt),drinks,spirit,2025-05-29
Bacardí Carta Blanca White Rum,£18.97,(£18.97/lt),drinks,spirit,2025-05-29
Malibu Coconut Rum & Cola Pre-Mixed Can,£2.17,(£8.68/lt),drinks,spirit,2025-05-29
The Kraken Black Spiced Rum,£19.98,(£28.54/lt),drinks,spirit,2025-05-29
Dead Man's Fingers Raspberry Rum Cream Liqueur 500ml,£9.96,(£19.92/lt),drinks,spirit,2025-05-29
ASDA Refined Dark Navy Rum,£6.97,(£19.91/lt),drinks,spirit,2025-05-29
Lamb's Navy Dark Rum,£16.96,(£24.23/lt),drinks,spirit,2025-05-29
Dead Man's Fingers Blue Raspberry Tequila Cream Liqueur 500ml,£9.96,(£19.92/lt),drinks,spirit,2025-05-29
ASDA Caribbean White Spirit Drink 70cl,£12.13,(£17.33/lt),drinks,spirit,2025-05-29
Pina Colada Cocktail Bundle,£15.53,null,drinks,spirit,2025-05-29
,,,drinks,spirit,2025-05-29
,,,drinks,spirit,2025-05-29
,,,drinks,spirit,2025-05-29
,,,drinks,spirit,2025-05-29
,,,drinks,spirit,2025-05-29
,,,drinks,spirit,2025-05-29
,,,drinks,spirit,2025-05-29
,,,drinks,spirit,2025-05-29
,,,drinks,spirit,2025-05-29
,,,drinks,spirit,2025-05-29
,,,drinks,spirit,2025-05-29
,,,drinks,spirit,2025-05-29
,,,drinks,spirit,2025-05-29
,,,drinks,spirit,2025-05-29
Three Barrels Rare Old French Brandy VSOP,£25.96,(£25.96/lt),drinks,spirit,2025-05-29
Three Barrels Rare Old French Brandy VSOP,£15.42,(£22.03/lt),drinks,spirit,2025-05-29
Bardinet VSOP Finest Brandy,£18.97,(£18.97/lt),drinks,spirit,2025-05-29
St-Rémy XO French Brandy,£18.98,(£27.11/lt),drinks,spirit,2025-05-29
Martell VS Fine Cognac,£24.98,(£35.69/lt),drinks,spirit,2025-05-29
Fundador Spanish Brandy,£18.48,(£18.48/lt),drinks,spirit,2025-05-29
ASDA Napoleon French V.S.O.P. Brandy,£18.73,(£18.73/lt),drinks,spirit,2025-05-29
Comte De Laze French Brandy V.S.O.P.,£12.84,(£18.34/lt),drinks,spirit,2025-05-29
ASDA Napoleon French V.S.O.P. Brandy,£13.12,(£18.74/lt),drinks,spirit,2025-05-29
Courvoisier VS Cognac 70cl,£33.38,(£47.69/lt),drinks,spirit,2025-05-29
ASDA 3 Year Old V.S.O.P. French Brandy,£6.97,(£19.91/lt),drinks,spirit,2025-05-29
Courvoisier VSOP Cognac 70cl,£39.98,(£57.11/lt),drinks,spirit,2025-05-29
Bardinet Inspirations Finest Brandy 70cl,£19.00,(£27.14/lt),drinks,spirit,2025-05-29
Courvoisier VS Cognac 35cl,£15.97,(£45.63/lt),drinks,spirit,2025-05-29
Remy Martin VSOP Cognac Fine Champagne,£44.37,(£63.39/lt),drinks,spirit,2025-05-29
Olmeca Altos 100% Agave Plata Tequila 70cl,£27.47,(£39.24/lt),drinks,spirit,2025-05-29
Olmeca Altos 100% Agave Reposado Tequila 70cl,£28.37,(£40.53/lt),drinks,spirit,2025-05-29
Tequila Rose Strawberry Cream Liqueur with Tequila 1000ml,£19.98,(£19.98/lt),drinks,spirit,2025-05-29
Tequila Rose Strawberry Cream Liqueur with Tequila,£11.98,(£23.96/lt),drinks,spirit,2025-05-29
Jose Cuervo Especial Silver Tequila 70cl,£19.38,(£27.69/lt),drinks,spirit,2025-05-29
Sierra Tequila Blanco,£14.98,(£29.96/lt),drinks,spirit,2025-05-29
Jose Cuervo Especial Reposado Tequila 70cl,£19.38,(£27.69/lt),drinks,spirit,2025-05-29
ASDA Extra Special Margarita,£7.97,(£11.39/lt),drinks,spirit,2025-05-29
El Jimador 100% Agave Tequila Blanco,£25.37,(£36.24/lt),drinks,spirit,2025-05-29
Sierra Tequila Reposado 50cl,£17.26,(£34.52/lt),drinks,spirit,2025-05-29
Barefoot Pinot Grigio,null,null,drinks,wine,2025-05-29
Barefoot Sauvignon Blanc,null,null,drinks,wine,2025-05-29
Barefoot Malbec,null,null,drinks,wine,2025-05-29
Casillero del Diablo Reserva Chardonnay,null,null,drinks,wine,2025-05-29
Faustino VII Tempranillo Rioja 75cl,null,null,drinks,wine,2025-05-29
ASDA Extra Special Pinot Grigio Rosé,null,null,drinks,wine,2025-05-29
ASDA Extra Special Rioja Crianza,null,null,drinks,wine,2025-05-29
Oyster Bay Sauvignon Blanc,null,null,drinks,wine,2025-05-29
La Vieille Ferme Rose Wine 750ml,£6.97,(£6.97/75c3),drinks,wine,2025-05-29
Mud House Marlborough Sauvignon Blanc,null,null,drinks,wine,2025-05-29
Yellow Tail Chardonnay,null,null,drinks,wine,2025-05-29
ASDA Extra Special Pinot Grigio,null,null,drinks,wine,2025-05-29
Yellow Tail Shiraz Red Wine,null,null,drinks,wine,2025-05-29
McGuigan Classic Pinot Grigio,null,null,drinks,wine,2025-05-29
Yellow Tail Pinot Grigio White Wine 750ml,null,null,drinks,wine,2025-05-29
The Ned Sauvignon Blanc,null,null,drinks,wine,2025-05-29
McGuigan Black Label Pinot Grigio,null,null,drinks,wine,2025-05-29
Yellow Tail Merlot Red Wine,null,null,drinks,wine,2025-05-29
Barefoot Pink Moscato,null,null,drinks,wine,2025-05-29
Hardys Stamp Chardonnay,null,null,drinks,wine,2025-05-29
Jam Shed Malbec,null,null,drinks,wine,2025-05-29
Lindeman's Bin 65 Chardonnay,null,null,drinks,wine,2025-05-29
Gallo Family Vineyards White Zinfandel Rosé Wine 750ml,null,null,drinks,wine,2025-05-29
Casillero del Diablo Sauvignon Blanc,null,null,drinks,wine,2025-05-29
Espartero Rioja,null,null,drinks,wine,2025-05-29
McGuigan Black Label Chardonnay 75cl,null,null,drinks,wine,2025-05-29
McGuigan Black Label Merlot,null,null,drinks,wine,2025-05-29
Casillero del Diablo Merlot Red Wine Chile 75cl,null,null,drinks,wine,2025-05-29
Gallo Family Vineyards Merlot,null,null,drinks,wine,2025-05-29
Hardys Stamp Shiraz,null,null,drinks,wine,2025-05-29
Hardys Stamp Chardonnay Semillon,null,null,drinks,wine,2025-05-29
The Wave Rider Sauvignon Blanc 75cl,null,null,drinks,wine,2025-05-29
Yealands Sauvignon Blanc Marlborough,null,null,drinks,wine,2025-05-29
McGuigan Classic Cabernet Sauvignon,null,null,drinks,wine,2025-05-29
I Heart Pinot Grigio,null,null,drinks,wine,2025-05-29
McGuigan Black Label Red 2022 75cl,null,null,drinks,wine,2025-05-29
19 Crimes The Banished Dark Red,null,null,drinks,wine,2025-05-29
Hardys Stamp Shiraz Cabernet,null,null,drinks,wine,2025-05-29
19 Crimes Sauvignon Blanc,null,null,drinks,wine,2025-05-29
Wolf Blass Yellow Label Cabernet Sauvignon,null,null,drinks,wine,2025-05-29
Diablo Dark Red Wine 75cl,null,null,drinks,wine,2025-05-29
ASDA Extra Special Sicilian Reserve Red 75cl,£7.47,(£7.47/75c3),drinks,wine,2025-05-29
ASDA Extra Special Rueda,null,null,drinks,wine,2025-05-29
Trivento Private Reserve Malbec,null,null,drinks,wine,2025-05-29
Jam Shed Rosé,null,null,drinks,wine,2025-05-29
Trapiche Oak Cask Malbec,null,null,drinks,wine,2025-05-29
ASDA Extra Special Primitivo Puglia Indicazione Geografica Tipica 75cl,null,null,drinks,wine,2025-05-29
Faustino V Reserva Rioja 75cl,null,null,drinks,wine,2025-05-29
Canti Pinot Grigio,null,null,drinks,wine,2025-05-29
Picpoul de Pinet Blanc Sec 75cl,null,null,drinks,wine,2025-05-29
Espartero Rioja Reserva,null,null,drinks,wine,2025-05-29
Wolf Blass Yellow Label Chardonnay,null,null,drinks,wine,2025-05-29
Luis Felipe Edwards Reserva Chardonnay,null,null,drinks,wine,2025-05-29
Casillero del Diablo Reserva Especial Cabernet Sauvignon 75cl,null,null,drinks,wine,2025-05-29
Jam Shed Red Blend,null,null,drinks,wine,2025-05-29
Diablo Black Cabernet Sauvignon,null,null,drinks,wine,2025-05-29
Burdizzo Chianti Riserva,null,null,drinks,wine,2025-05-29
Casillero del Diablo Sauvignon Blanc Miniature,null,null,drinks,wine,2025-05-29
Barefoot Cabernet Sauvignon,null,null,drinks,wine,2025-05-29
Casillero del Diablo Cabernet Sauvignon Miniature,null,null,drinks,wine,2025-05-29
At Home with Stacey Solomon Clear Hammered Wine Glasses - Set of 2,£8.00,(£4.00/each),drinks,wine,2025-05-29
Gino D'Acampo Wine Glass,£9.00,(£4.50/each),drinks,wine,2025-05-29
Gino D'Acampo Prosecco Glass,£8.00,(£4.00/each),drinks,wine,2025-05-29
George Home Wine Glasses 2 Pack,£3.50,(£1.75/each),drinks,wine,2025-05-29
George Home Champagne Flute,£1.50,(£1.50/each),drinks,wine,2025-05-29
George Home Ribbed Wine Glass 2 Pack,£7.00,(£3.50/each),drinks,wine,2025-05-29
George Home Wine Glass,£1.50,(£1.50/each),drinks,wine,2025-05-29
George Home Wine Glasses,£6.00,(£3.00/each),drinks,wine,2025-05-29
George Home Large Wine Glass,£0.60,(60.0p/each),drinks,wine,2025-05-29
George Home 4 x Large Wine Glass Bundle,£2.40,null,drinks,wine,2025-05-29
George Home Clear Wine Glass,£3.50,(£1.75/each),drinks,wine,2025-05-29
George Home Clear Champagne Glasses,£3.50,(£1.75/each),drinks,wine,2025-05-29
Barefoot Pinot Grigio,null,null,drinks,wine,2025-05-29
Barefoot Malbec,null,null,drinks,wine,2025-05-29
Barefoot Sauvignon Blanc,null,null,drinks,wine,2025-05-29
Barefoot Cabernet Sauvignon,null,null,drinks,wine,2025-05-29
Barefoot Merlot,£8.47,(£8.47/75c3),drinks,wine,2025-05-29
La Vieille Ferme Rose Wine 750ml,£6.97,(£6.97/75c3),drinks,wine,2025-05-29
ASDA Extra Special Sauvignon Blanc Blush 75cl,£8.48,(£8.48/75c3),drinks,wine,2025-05-29
ASDA Extra Special Sicilian Reserve Red 75cl,£7.47,(£7.47/75c3),drinks,wine,2025-05-29
Costieres de Nimes Cuvèe Rèserve 75cl,£6.33,(£6.33/75c3),drinks,wine,2025-05-29
Bodacious 75cl,£6.74,(£6.74/75c3),drinks,wine,2025-05-29
ASDA Extra Special Pouilly Fumé 75cl,£14.24,(£14.24/75c3),drinks,wine,2025-05-29
Barefoot Malbec,£7.47,(£7.47/75c3),drinks,wine,2025-05-29
Barefoot Sauvignon Blanc,£6.97,(£6.97/75c3),drinks,wine,2025-05-29
Barefoot Pinot Grigio,£7.37,(£7.37/75c3),drinks,wine,2025-05-29
Bodacious 75cl,£6.74,(£6.74/75c3),drinks,wine,2025-05-29
Stellenbosch Original Series Cabernet Sauvignon Merlot,£7.48,(£7.48/75c3),drinks,wine,2025-05-29
Petit Chablis Bernard Lagarrigue,£11.38,(£11.38/75c3),drinks,wine,2025-05-29
Oyster Bay Chardonnay,£9.74,(£9.74/75c3),drinks,wine,2025-05-29
Trivento Golden Reserve Malbec 75cl,£11.97,(£11.97/75c3),drinks,wine,2025-05-29
Roversi Pecorino Terre di Chieti,£7.22,(£7.22/75c3),drinks,wine,2025-05-29
ASDA Extra Special Sauvignon Blanc Blush 75cl,£8.48,(£8.48/75c3),drinks,wine,2025-05-29
Echo Falls White Zinfandel Miniature,£2.74,(£10.99/75c3),drinks,wine,2025-05-29
Trivento Reserve Malbec,£2.74,(£10.99/75c3),drinks,wine,2025-05-29
Oyster Bay Hawkes Bay Merlot,£9.47,(£9.47/75c3),drinks,wine,2025-05-29
Costieres de Nimes Cuvèe Rèserve 75cl,£6.33,(£6.33/75c3),drinks,wine,2025-05-29
ASDA Extra Special Valdobbiadene Prosecco Brut 75cl,£9.43,(£9.43/75c3),drinks,wine,2025-05-29
ASDA Extra Special Sancerre 75cl,£14.98,(£14.98/75c3),drinks,wine,2025-05-29
ASDA Extra Special Dão Denominação De Origem Controlada 75cl,£6.97,(£6.97/75c3),drinks,wine,2025-05-29
Most Wanted Pinot Grigio Pink Fizz,£2.64,(£9.90/75c3),drinks,wine,2025-05-29
ASDA Extra Special Sauvignon Blanc Marlborough Awatere Valley 75cl,£9.43,(£9.43/75c3),drinks,wine,2025-05-29
ASDA Extra Special Pouilly Fumé 75cl,£14.24,(£14.24/75c3),drinks,wine,2025-05-29
ASDA Extra Special Sauvignon Blanc,£2.74,(£10.99/75c3),drinks,wine,2025-05-29
ASDA Extra Special Cóte De Beaune Villages,£14.48,(£14.48/75c3),drinks,wine,2025-05-29
Trapiche Medalla Malbec,£11.47,(£11.47/75c3),drinks,wine,2025-05-29
Exceptional by ASDA Sauvignon Blanc 75cl,£6.42,(£6.42/75c3),drinks,wine,2025-05-29
ASDA Extra Special Rosso Di Montalcino 75cl,£13.98,(£13.98/75c3),drinks,wine,2025-05-29
Champagne Jacquart Mosaïque Brut,£27.97,(£27.97/75c3),drinks,wine,2025-05-29
ASDA Extra Special Zinfandel,£2.74,(£10.99/75c3),drinks,wine,2025-05-29
Canti Prosecco,£7.27,(£7.27/75c3),drinks,wine,2025-05-29
Refined & Elegant Wine Sauvignon Blanc 2.25 litres,£15.47,(£5.16/75c3),drinks,wine,2025-05-29
Wolf Blass Red Label Shiraz Cabernet,£5.98,(£5.98/75c3),drinks,wine,2025-05-29
Trivento Reserve Malbec,£8.47,(£8.47/75c3),drinks,wine,2025-05-29
Fillipo Sansovino Pinot Grigio Rosé 75cl,£5.52,(£5.52/75c3),drinks,wine,2025-05-29
Brancott Estate Marlborough Sauvignon Blanc White Wine,£9.48,(£9.48/75c3),drinks,wine,2025-05-29
Nice Drop Merlot 750ml,£4.14,(£4.14/75c3),drinks,wine,2025-05-29
Campo Viejo Rioja Tempranillo Red Wine,£8.97,(£8.97/75c3),drinks,wine,2025-05-29
Barefoot White Zinfandel,£6.33,(£6.33/75c3),drinks,wine,2025-05-29
Hardys Stamp Chardonnay Semillon,£20.97,(£5.24/75c3),drinks,wine,2025-05-29
Wolf Blass Red Label Chardonnay Semillon,£5.98,(£5.98/75c3),drinks,wine,2025-05-29
Refined & Elegant Wine Chardonnay 2.25 litres,£15.47,(£5.16/75c3),drinks,wine,2025-05-29
Fillipo Sansovino Pinot Grigio 75cl,£5.52,(£5.52/75c3),drinks,wine,2025-05-29
Refined & Elegant Wine Malbec 2.25 litres,£15.47,(£5.16/75c3),drinks,wine,2025-05-29
Villa Maria Sauvignon Blanc Marlborough,£10.44,(£10.44/75c3),drinks,wine,2025-05-29
19 Crimes Red Wine,£9.47,(£9.47/75c3),drinks,wine,2025-05-29
ASDA Extra Special Pinot Grigio Boxed Wine,£19.64,(£6.55/75c3),drinks,wine,2025-05-29
White Zinfandel Rosé Refined & Elegant Wine 2.25 Litres,£15.47,(£5.16/75c3),drinks,wine,2025-05-29
Casillero del Diablo Cabernet Sauvignon,£8.27,(£8.27/75c3),drinks,wine,2025-05-29
Hardys Stamp Shiraz Cabernet Sauvignon,£20.97,(£5.24/75c3),drinks,wine,2025-05-29
Le Soleil Medium Dry Finest Perry 3 Litre,£6.97,(£1.74/75c3),drinks,wine,2025-05-29
La Moneda Premium Collection Malbec,£5.97,(£5.97/75c3),drinks,wine,2025-05-29
Tukituki Sauvignon Blanc Marlborough 75cl,£8.06,(£8.06/75c3),drinks,wine,2025-05-29
Barefoot Merlot,£8.47,(£8.47/75c3),drinks,wine,2025-05-29
ASDA Extra Special Crémant d'Alsace Brut 75cl,£9.98,(£9.98/75c3),drinks,wine,2025-05-29
Aupouri Sauvignon Blanc 75cl,£6.97,(£6.97/75c3),drinks,wine,2025-05-29
Mateus The Original Rosé 750ml,£6.23,(£6.23/75c3),drinks,wine,2025-05-29
Blossom Hill Crisp & Fruity White Wine 750ml,£5.74,(£5.74/75c3),drinks,wine,2025-05-29
19 Crimes The Uprising Red Wine,£10.47,(£10.47/75c3),drinks,wine,2025-05-29
Vignerons De L'Enclave Côtes du Rhône,£5.77,(£5.77/75c3),drinks,wine,2025-05-29
19 Crimes Boxed Red Wine,£16.47,(£8.23/75c3),drinks,wine,2025-05-29
Nice Drop Cabernet Sauvignon 75cl,£4.67,(£4.67/75c3),drinks,wine,2025-05-29
Black Tower Fruity White Wine,£5.34,(£5.34/75c3),drinks,wine,2025-05-29
At Home with Stacey Solomon Clear Hammered Wine Glasses - Set of 2,£8.00,(£4.00/each),drinks,wine,2025-05-29
Gino D'Acampo Wine Glass,£9.00,(£4.50/each),drinks,wine,2025-05-29
Gino D'Acampo Prosecco Glass,£8.00,(£4.00/each),drinks,wine,2025-05-29
George Home Wine Glasses 2 Pack,£3.50,(£1.75/each),drinks,wine,2025-05-29
George Home Champagne Flute,£1.50,(£1.50/each),drinks,wine,2025-05-29
George Home Ribbed Wine Glass 2 Pack,£7.00,(£3.50/each),drinks,wine,2025-05-29
George Home Wine Glass,£1.50,(£1.50/each),drinks,wine,2025-05-29
George Home Wine Glasses,£6.00,(£3.00/each),drinks,wine,2025-05-29
George Home Large Wine Glass,£0.60,(60.0p/each),drinks,wine,2025-05-29
George Home 4 x Large Wine Glass Bundle,£2.40,null,drinks,wine,2025-05-29
George Home Clear Wine Glass,£3.50,(£1.75/each),drinks,wine,2025-05-29
George Home Clear Champagne Glasses,£3.50,(£1.75/each),drinks,wine,2025-05-29
Barefoot Malbec,£7.47,(£7.47/75c3),drinks,wine,2025-05-29
Barefoot Pinot Grigio,£7.37,(£7.37/75c3),drinks,wine,2025-05-29
Barefoot Sauvignon Blanc,£6.97,(£6.97/75c3),drinks,wine,2025-05-29
Barefoot Merlot,£8.47,(£8.47/75c3),drinks,wine,2025-05-29
Barefoot Cabernet Sauvignon,£7.57,(£7.57/75c3),drinks,wine,2025-05-29
La Vieille Ferme Rose Wine 750ml,£6.97,(£6.97/75c3),drinks,wine,2025-05-29
ASDA Extra Special Sauvignon Blanc Blush 75cl,£8.48,(£8.48/75c3),drinks,wine,2025-05-29
ASDA Extra Special Sicilian Reserve Red 75cl,£7.47,(£7.47/75c3),drinks,wine,2025-05-29
Costieres de Nimes Cuvèe Rèserve 75cl,£6.33,(£6.33/75c3),drinks,wine,2025-05-29
Bodacious 75cl,£6.74,(£6.74/75c3),drinks,wine,2025-05-29
ASDA Extra Special Pouilly Fumé 75cl,£14.24,(£14.24/75c3),drinks,wine,2025-05-29
Barefoot Malbec,£7.47,(£7.47/75c3),drinks,wine,2025-05-29
Barefoot Sauvignon Blanc,£6.97,(£6.97/75c3),drinks,wine,2025-05-29
Barefoot Pinot Grigio,£7.37,(£7.37/75c3),drinks,wine,2025-05-29
Kylie Minogue Rosé,£9.74,(£9.74/75c3),drinks,wine,2025-05-29
Yellow Tail Sauvignon Blanc White Wine,£7.97,(£7.97/75c3),drinks,wine,2025-05-29
Blossom Hill Crisp & Fruity Rosé Wine 750ml,£5.74,(£5.74/75c3),drinks,wine,2025-05-29
Kumala Chenin Blanc Chardonnay,£5.34,(£5.34/75c3),drinks,wine,2025-05-29
ASDA Extra Special Gavi 75cl,£9.27,(£9.27/75c3),drinks,wine,2025-05-29
Gallo Family Vineyards White Grenache,£6.14,(£6.14/75c3),drinks,wine,2025-05-29
Exceptional by ASDA Chardonnay 75cl,£6.57,(£6.57/75c3),drinks,wine,2025-05-29
Casillero del Diablo Pinot Grigio,£8.47,(£8.47/75c3),drinks,wine,2025-05-29
Brancott Estate Flight Sauvignon Blanc White Wine,£8.74,(£8.74/75c3),drinks,wine,2025-05-29
Crémant de Bourgogne Brut,£11.98,(£11.98/75c3),drinks,wine,2025-05-29
Le Manoir Du Baron Viognier 75cl,£5.14,(£5.14/75c3),drinks,wine,2025-05-29
B by Black Tower Rosé,£3.77,(£3.77/75c3),drinks,wine,2025-05-29
Campo Viejo Rioja Blanco White Wine,£8.72,(£8.72/75c3),drinks,wine,2025-05-29
Barossa Ink Shiraz,£10.97,(£10.97/75c3),drinks,wine,2025-05-29
Dark Horse Chardonnay,£9.47,(£9.47/75c3),drinks,wine,2025-05-29
McGuigan Classic Chardonnay,£5.34,(£5.34/75c3),drinks,wine,2025-05-29
Masso Antico Primitivo 0.75L,£9.47,(£9.47/75c3),drinks,wine,2025-05-29
Casillero del Diablo Malbec,£8.27,(£8.27/75c3),drinks,wine,2025-05-29
Campo Viejo Rioja Garnacha Red Wine,£8.97,(£8.97/75c3),drinks,wine,2025-05-29
Le Soleil Medium Sweet Finest Perry 3 Litre,£6.97,(£1.74/75c3),drinks,wine,2025-05-29
Apothic Red,£10.00,(£10.00/75c3),drinks,wine,2025-05-29
19 Crimes Chardonnay,£9.54,(£9.54/75c3),drinks,wine,2025-05-29
B by Black Tower White Wine,£3.77,(£3.77/75c3),drinks,wine,2025-05-29
Kumala Pinotage Cinsault Merlot,£5.34,(£5.34/75c3),drinks,wine,2025-05-29
ASDA Extra Special Pinot Noir,£7.48,(£7.48/75c3),drinks,wine,2025-05-29
ASDA Extra Special Vouvray Chenin Blanc 75cl,£8.48,(£8.48/75c3),drinks,wine,2025-05-29
Le Cellier de Saint Louis Coteaux Varois en Provence Rosé,£7.47,(£7.47/75c3),drinks,wine,2025-05-29
Verdicchio dei Castelli di Jesi Classico,£5.52,(£5.52/75c3),drinks,wine,2025-05-29
Studio by Miraval Mediterranean Rose Wine,£12.34,(£12.34/75c3),drinks,wine,2025-05-29
Dark Horse Cabernet Sauvignon,£10.18,(£10.18/75c3),drinks,wine,2025-05-29
ASDA Extra Special Marques del Norte Rioja Reserva,£8.07,(£8.07/75c3),drinks,wine,2025-05-29
ASDA Fortified British Wine Rich Cream 1 Litre,£6.75,(£5.06/75c3),drinks,wine,2025-05-29
Three Mills Reserve Rosé Wine,£3.98,(£3.98/75c3),drinks,wine,2025-05-29
Exceptional by ASDA Zinfandel 75cl,£6.98,(£6.98/75c3),drinks,wine,2025-05-29
ASDA Extra Special Albariño Rias Baixas,£10.47,(£10.47/75c3),drinks,wine,2025-05-29
Lugana Italian Wine,£11.42,(£11.42/75c3),drinks,wine,2025-05-29
Busby Estate Chardonnay 75cl,£4.75,(£4.75/75c3),drinks,wine,2025-05-29
Oyster Bay Pinot Noir,£11.47,(£11.47/75c3),drinks,wine,2025-05-29
Black Tower Rosé 75cl,£5.34,(£5.34/75c3),drinks,wine,2025-05-29
Nice Drop Pinot Noir 75cl,£4.88,(£4.88/75c3),drinks,wine,2025-05-29
Porta 6 Vinho Tinto Red Wine 750ml,£8.47,(£8.47/75c3),drinks,wine,2025-05-29
ASDA Extra Special Soave Classico,£7.42,(£7.42/75c3),drinks,wine,2025-05-29
ASDA Extra Special Châteauneuf-Du-Pape 75cl,£19.77,(£19.77/75c3),drinks,wine,2025-05-29
Echo Falls White Grenache,£5.74,(£5.74/75c3),drinks,wine,2025-05-29
ASDA Extra Special Chablis 75cl,£14.97,(£14.97/75c3),drinks,wine,2025-05-29
Bruce Jack Pinotage Malbec,£7.97,(£7.97/75c3),drinks,wine,2025-05-29
Calvet la Fleur Bordeaux Baron Merlot-Cabernet Sauvignon,£7.97,(£7.97/75c3),drinks,wine,2025-05-29
Gallo Family Vineyards Summer Rosé,£4.28,(£4.28/75c3),drinks,wine,2025-05-29
Calafia Deliciously Sweet Moscatel,£6.03,(£6.03/75c3),drinks,wine,2025-05-29
Bruce Jack Chenin Blanc 750ml,£7.64,(£7.64/75c3),drinks,wine,2025-05-29
McGuigan Zero Shiraz,£4.25,(£4.25/75c3),drinks,wine,2025-05-29
Villa Maria Reserve Sauvignon Blanc,£14.77,(£14.77/75c3),drinks,wine,2025-05-29
Louis Jadot Les Petites Pierres Mâcon-Villages 75cl,£12.62,(£12.62/75c3),drinks,wine,2025-05-29
ASDA Extra Special Douro,£6.97,(£6.97/75c3),drinks,wine,2025-05-29
Torre de Lapela Vinho Verde 750ml,£5.50,(£5.50/75c3),drinks,wine,2025-05-29
Calafia Rosé 75cl,£5.24,(£5.24/75c3),drinks,wine,2025-05-29
Not Guilty Alcohol Free Pinot Grigio,£4.74,(£4.74/75c3),drinks,wine,2025-05-29
At Home with Stacey Solomon Clear Hammered Wine Glasses - Set of 2,£8.00,(£4.00/each),drinks,wine,2025-05-29
Gino D'Acampo Wine Glass,£9.00,(£4.50/each),drinks,wine,2025-05-29
Gino D'Acampo Prosecco Glass,£8.00,(£4.00/each),drinks,wine,2025-05-29
George Home Wine Glasses 2 Pack,£3.50,(£1.75/each),drinks,wine,2025-05-29
George Home Champagne Flute,£1.50,(£1.50/each),drinks,wine,2025-05-29
George Home Ribbed Wine Glass 2 Pack,£7.00,(£3.50/each),drinks,wine,2025-05-29
George Home Wine Glass,£1.50,(£1.50/each),drinks,wine,2025-05-29
George Home Wine Glasses,£6.00,(£3.00/each),drinks,wine,2025-05-29
George Home Large Wine Glass,£0.60,(60.0p/each),drinks,wine,2025-05-29
George Home 4 x Large Wine Glass Bundle,£2.40,null,drinks,wine,2025-05-29
George Home Clear Wine Glass,£3.50,(£1.75/each),drinks,wine,2025-05-29
George Home Clear Champagne Glasses,£3.50,(£1.75/each),drinks,wine,2025-05-29
Barefoot Malbec,£7.47,(£7.47/75c3),drinks,wine,2025-05-29
Barefoot Pinot Grigio,£7.37,(£7.37/75c3),drinks,wine,2025-05-29
Barefoot Sauvignon Blanc,£6.97,(£6.97/75c3),drinks,wine,2025-05-29
Barefoot Merlot,£8.47,(£8.47/75c3),drinks,wine,2025-05-29
Barefoot Cabernet Sauvignon,£7.57,(£7.57/75c3),drinks,wine,2025-05-29
La Vieille Ferme Rose Wine 750ml,£6.97,(£6.97/75c3),drinks,wine,2025-05-29
ASDA Extra Special Sauvignon Blanc Blush 75cl,£8.48,(£8.48/75c3),drinks,wine,2025-05-29
ASDA Extra Special Sicilian Reserve Red 75cl,£7.47,(£7.47/75c3),drinks,wine,2025-05-29
Costieres de Nimes Cuvèe Rèserve 75cl,£6.33,(£6.33/75c3),drinks,wine,2025-05-29
Bodacious 75cl,£6.74,(£6.74/75c3),drinks,wine,2025-05-29
ASDA Extra Special Pouilly Fumé 75cl,£14.24,(£14.24/75c3),drinks,wine,2025-05-29
Barefoot Malbec,£7.47,(£7.47/75c3),drinks,wine,2025-05-29
Barefoot Sauvignon Blanc,£6.97,(£6.97/75c3),drinks,wine,2025-05-29
Barefoot Pinot Grigio,£7.37,(£7.37/75c3),drinks,wine,2025-05-29
Montagne Saint-Emilion 75cl,£9.47,(£9.47/75c3),drinks,wine,2025-05-29
Grignan-les-Adhémar Cuvée Traditionnelle,£6.96,(£6.96/75c3),drinks,wine,2025-05-29
Faustino I Gran Reserva Rioja,£18.47,(£18.47/75c3),drinks,wine,2025-05-29
Apothic Cabernet Sauvignon,£9.97,(£9.97/75c3),drinks,wine,2025-05-29
ASDA Extra Special Malbec Rosé,£7.97,(£7.97/75c3),drinks,wine,2025-05-29
ASDA Extra Special Gewürztraminer Vin D'Alsace 75cl,£8.94,(£8.94/75c3),drinks,wine,2025-05-29
Rose Marie Méditerranée,£6.47,(£6.47/75c3),drinks,wine,2025-05-29
Cellier des Dauphins Vinsobres,£9.97,(£9.97/75c3),drinks,wine,2025-05-29
Exceptional by ASDA Malbec 2.25L,£18.97,(£6.32/75c3),drinks,wine,2025-05-29
Courvoisier VS Cognac 35cl,£15.97,(£45.63/lt),drinks,wine,2025-05-29
Val De Loire Muscadet,£7.25,(£7.25/75c3),drinks,wine,2025-05-29
Beaujoulais Villages La Camensarde,£8.97,(£8.97/75c3),drinks,wine,2025-05-29
ASDA Extra Special Carménère,£6.98,(£6.98/75c3),drinks,wine,2025-05-29
ASDA Extra Special Uco Valley Malbec,£9.24,(£9.24/75c3),drinks,wine,2025-05-29
Rigal Original Malbec,£7.47,(£7.47/75c3),drinks,wine,2025-05-29
ASDA Extra Special Château Leboscq Médoc 75cl,£13.47,(£13.47/75c3),drinks,wine,2025-05-29
ASDA Extra Special Châteauneuf-Du-Pape 75cl,£23.98,(£23.98/75c3),drinks,wine,2025-05-29
Louvel Fontaine Vintage Champagne,£28.98,(£28.98/75c3),drinks,wine,2025-05-29
Taylor's 10 Year Old Tawny Port,£24.97,(£24.97/75c3),drinks,wine,2025-05-29
Muscadet Appellation D'Origine Protégée,£7.25,(£7.25/75c3),drinks,wine,2025-05-29
At Home with Stacey Solomon Clear Hammered Wine Glasses - Set of 2,£8.00,(£4.00/each),drinks,wine,2025-05-29
Gino D'Acampo Wine Glass,£9.00,(£4.50/each),drinks,wine,2025-05-29
Gino D'Acampo Prosecco Glass,£8.00,(£4.00/each),drinks,wine,2025-05-29
George Home Wine Glasses 2 Pack,£3.50,(£1.75/each),drinks,wine,2025-05-29
George Home Champagne Flute,£1.50,(£1.50/each),drinks,wine,2025-05-29
George Home Ribbed Wine Glass 2 Pack,£7.00,(£3.50/each),drinks,wine,2025-05-29
George Home Wine Glass,£1.50,(£1.50/each),drinks,wine,2025-05-29
George Home Wine Glasses,£6.00,(£3.00/each),drinks,wine,2025-05-29
George Home Large Wine Glass,£0.60,(60.0p/each),drinks,wine,2025-05-29
George Home 4 x Large Wine Glass Bundle,£2.40,null,drinks,wine,2025-05-29
George Home Clear Wine Glass,£3.50,(£1.75/each),drinks,wine,2025-05-29
George Home Clear Champagne Glasses,£3.50,(£1.75/each),drinks,wine,2025-05-29
Barefoot Malbec,£7.47,(£7.47/75c3),drinks,wine,2025-05-29
Barefoot Pinot Grigio,£7.37,(£7.37/75c3),drinks,wine,2025-05-29
Barefoot Sauvignon Blanc,£6.97,(£6.97/75c3),drinks,wine,2025-05-29
Barefoot Merlot,£8.47,(£8.47/75c3),drinks,wine,2025-05-29
Barefoot Cabernet Sauvignon,£7.57,(£7.57/75c3),drinks,wine,2025-05-29
La Vieille Ferme Rose Wine 750ml,£6.97,(£6.97/75c3),drinks,wine,2025-05-29
ASDA Extra Special Sauvignon Blanc Blush 75cl,£8.48,(£8.48/75c3),drinks,wine,2025-05-29
ASDA Extra Special Sicilian Reserve Red 75cl,£7.47,(£7.47/75c3),drinks,wine,2025-05-29
Costieres de Nimes Cuvèe Rèserve 75cl,£6.33,(£6.33/75c3),drinks,wine,2025-05-29
Bodacious 75cl,£6.74,(£6.74/75c3),drinks,wine,2025-05-29
ASDA Extra Special Pouilly Fumé 75cl,£14.24,(£14.24/75c3),drinks,wine,2025-05-29
